2930 5114
439 409 442 416 ,
509 373 587 422 raes
610 373 768 422 secerne.
1133 361 1194 423 577

81 512 163 568 riam
176 506 342 586 pererratam
355 503 495 564 articulis
508 506 763 582 interropatariis,
784 506 898 564 censait
913 503 1122 582 corripendum
1136 520 1198 564 esse

82 623 246 686 articatam
261 625 393 702 primam
412 617 491 705 (sive
507 615 699 695 secundum,
719 624 797 696 eta,
818 621 852 682 el
869 617 1072 700 exprimatur
1085 635 1198 682 nume·

83 755 142 802 rus
165 732 318 818 articuli),
344 739 416 816 pain
436 733 607 814 superstans
631 739 690 813 est,·
718 738 837 814 pariter
861 738 995 812 tertiam,
1017 738 1088 814 qaia
1116 734 1199 796 nallo

83 855 171 916 mado
182 857 315 934 pertinet
329 852 371 913 ad
385 869 521 929 censam·
533 852 694 931 itidcmpne
707 855 947 931 quartam„qaia
962 856 1006 911 est
1023 869 1101 931 parc
1115 852 1199 929 infa-

83 974 243 1032 materias.
260 969 392 1031 Proinde
406 986 494 1047 saper
505 969 728 1047 pradictisnan
742 969 874 1029 intendit
888 974 1018 1048 repetere
1031 973 1133 1045 testes,·
1149 968 1201 1028 sed

83 1106 131 1148 eos
146 1092 278 1167 repetere
290 1104 379 1166 snper
385 1088 500 1146 calaris
515 1086 655 1146 decrevit.
675 1086 751 1148 Acte
766 1091 837 1146 sant
852 1084 925 1161 inec,
939 1091 994 1146 etc.
1009 1118 1054 1129 —
1068 1086 1130 1162 Epo
1142 1086 1181 1148 Ν.
1185 1131 1196 1161 ,

86 1206 227 1266 Vicarins
240 1203 400 1283 permeatis.
416 1203 534 1282 -Epo
550 1205 605 1280 a,
624 1206 790 1264 actaarias.
815 1223 831 1260 o
1105 1183 1107 1188 ¹

361 1500 363 1507 ’
498 1489 631 1555 CAPUT
654 1487 793 1555 XXXVI.

88 1757 203 1804 FORMA
228 1756 359 1804 ctrtrtm
381 1757 473 1805 11ssth
492 1757 636 1819 EJUSQUE
651 1757 827 1806 PATRONUM
852 1758 896 1836 dt)
921 1760 1093 1808 VIDENDUM
1109 1760 1224 1814 saw

226 1873 337 1922 tantm
358 1875 501 1924 TESTIUM
524 1875 586 1923 Pro
610 1867 794 1924 eorummet
818 1875 1044 1926 napssrtrtortn
1247 1846 1251 1852 ¹

140 2168 159 2204 o
179 2150 394 2228 Corcseqaenter
407 2147 585 2209 reverendas
596 2149 636 2210 tt.
656 2149 791 2209 Vicorias
804 2149 952 2228 petieratis
970 2149 1101 2211 decrerit
1115 2154 1209 2212 citare

91 2267 248 2326 dominnm
262 2264 293 2328 N
295 2310 303 2327 .
316 2281 412 2340 ream,
430 2269 460 2324 et
473 2264 626 2325 dmainam
636 2265 667 2326 Ν
669 2310 676 2324 .
694 2265 758 2342 ejns
765 2267 929 2343 patronam
940 2262 1006 2348 (vel
1021 2272 1211 2346 procurato-

91 2377 191 2464 rem),
210 2382 253 2442 ad
267 2381 430 2443 oidmmam
437 2383 613 2460 jaramenta
629 2383 749 2442 tertiam
767 2380 1003 2460 repetendarum.
1023 2383 1212 2462 Quapropter

91 2505 199 2562 noceto
214 2500 328 2560 loannc
345 2501 375 2562 N
379 2547 401 2576 .,
418 2499 595 2578 episcopalis
612 2501 702 2558 cirria
715 2501 821 2558 nantio
831 2498 961 2577 pablioo,
980 2502 1008 2559 ci
1024 2503 1212 2590 consipnaoit

93 2616 233 2678 libellam
257 2618 423 2692 citationis,
437 2615 596 2695 predictis
624 2631 673 2674 rea
694 2619 723 2674 et
742 2619 873 2694 potrono
884 2617 1097 2695 personaliter,
1116 2617 1163 2678 oct
1179 2622 1212 2679 in

92 2733 184 2795 darno
198 2733 295 2794 solita
312 2732 509 2792 habitationis
534 2731 738 2792 intimandnm
754 2749 764 2789 .·
778 2733 832 2808 pai
846 2731 964 2791 libellas
982 2737 1027 2793 est
1046 2736 1157 2796 tenoris
1172 2753 1214 2795 se·

93 2851 285 2930 pecentissde
302 2849 445 2910 mandato
465 2847 623 2909 reverendi
648 2849 687 2909 Ν.
714 2849 829 2910 Vicorii
841 2849 991 2927 poneretis
1013 2853 1146 2912 citantor
1164 2851 1214 2914 da

93 2969 198 3027 minias
209 2968 250 3028 Ν.
264 2984 343 3043 rens,
361 2970 390 3026 ct
401 2964 540 3025 dominas
554 2965 593 3025 N.
615 2967 677 3044 ejas
689 2969 847 3041 patronas,
866 2965 907 3025 ad
925 2967 1153 3045 comparendam
1170 2987 1215 3029 co·

94 3101 165 3144 ram
174 3083 275 3144 codem
287 3082 446 3144 reverenda
456 3083 574 3143 Vinaria
584 3080 728 3159 pancrati,
741 3083 773 3140 in
782 3083 862 3140 atrio
869 3081 998 3160 jndiaiis
1009 3083 1215 3145 ecclesiasticis

94 3200 293 3280 expediendis
306 3199 467 3275 destinato,
484 3199 589 3274 die...,
604 3195 740 3274 tora...,·
753 3197 796 3258 ad
807 3199 942 3276 effectam
957 3199 1081 3262 ridendi
1095 3206 1215 3264 testinm

87 3320 280 3396 juramenta,
298 3321 328 3376 et
342 3333 443 3376 comam
461 3318 664 3395 repetitionem
674 3330 740 3374 cam
755 3315 893 3375 crinalis
905 3317 1159 3396 interropatoriis.
1176 3323 1216 3383 Et

96 3431 358 3494 concertationem
371 3433 497 3493 mandet
512 3431 592 3493 idem
609 3434 745 3493 Vicarias
756 3431 906 3510 poneretis
921 3437 1060 3495 intimari
1070 3453 1215 3515 persona-

96 3549 183 3625 liter,
201 3548 250 3608 ael
258 3551 292 3609 in
309 3549 395 3609 domo
408 3547 603 3608 habitationis
616 3547 724 3608 solita.
739 3547 852 3608 Datam
866 3551 899 3608 in
913 3550 1094 3611 cancellario
1104 3556 1216 3632 episco-

94 3664 178 3744 pati,
194 3665 299 3742 die...,
316 3669 466 3726 mensis...
471 3710 482 3741 ,
497 3681 617 3727 anno...
634 3697 675 3709 —-
686 3665 749 3745 Epa
763 3666 818 3740 N„
840 3666 977 3726 Vicarins
992 3667 1151 3744 poneretis.
1171 3705 1217 3717 -

96 3783 165 3861 Epo
183 3783 223 3844 Ν.
228 3827 239 3858 ,
263 3786 428 3844 acinarias.
457 3781 543 3860 (laod
570 3783 747 3843 mandatam
771 3787 932 3862 postquam
957 3782 1090 3862 eapleoit
1116 3786 1216 3850 dictas

97 3898 232 3959 loannes
250 3901 290 3962 Ν.
316 3917 431 3977 caesor,
450 3900 550 3960 odnie
569 3902 737 3959 aatnariam
752 3917 887 3959 reversas
901 3899 1017 3977 retalit,
1038 3918 1068 3961 se
1077 3910 1217 3981 pramis-

98 4034 168 4080 sam
181 4020 351 4080 citationem
364 4017 563 4096 personaliter
574 4019 740 4094 intimassc,
758 4019 843 4094 copia
856 4015 975 4092 relicta,
987 4023 1081 4095 proat
1091 4021 1124 4080 in
1135 4033 1218 4085 man*

99 4135 199 4197 elatis.
214 4134 290 4196 Acta
302 4140 373 4196 sant
384 4133 444 4194 ttae
456 4134 515 4194 die.
524 4180 529 4194 .
539 4178 560 4210 .,
570 4136 705 4194 mensis..
715 4179 737 4210 .,
750 4149 839 4194 anna.
850 4177 871 4194 ..
884 4165 928 4178 —-
940 4134 1003 4212 Epo
1018 4135 1147 4199 loannes
1159 4143 1196 4204 N.
1201 4190 1212 4220 ,

100 4249 281 4330 episcopalis
293 4254 385 4312 carice
395 4267 509 4327 carsar,
529 4248 647 4327 affirmo
662 4255 699 4310 at
713 4266 817 4328 snpra.
829 4251 946 4328 -Epo
959 4251 1013 4328 a,
1027 4259 1215 4320 actuarias.»

119 4408 124 4427 .
151 4367 243 4430 Nata.
260 4399 306 4414 -
318 4364 467 4432 citantur
480 4363 603 4447 pariter
614 4370 730 4447 testes3
747 4381 807 4446 pro
822 4381 887 4447 quo
903 4361 1044 4430 formula
1065 4366 1160 4437 facite
1179 4393 1222 4440 ex

103 4483 279 4564 premissis
292 4482 477 4548 concionari
490 4480 611 4564 poterit
632 4501 638 4545 :
652 4477 746 4546 ¹unde
760 4479 846 4545 illam
861 4483 1153 4564 pretermittimus.

216 4593 248 4655 tt.
451 4639 452 4642 η
1086 4599 1122 4659 37
