2914 5122
228 377 289 441 108
476 371 490 392 '
563 357 750 462 naimarus
774 390 817 439 nn
837 391 984 440 morans.

222 513 300 603 pote
317 517 456 604 aliquam
474 517 683 584 accusationis
702 516 854 600 speciem.
874 489 1039 582 Preterea
1053 515 1205 583 laudatus
1227 518 1346 582 Ponti·
1452 577 1453 604 ἒ

222 631 277 699 fex
293 635 398 717 capite
414 637 510 716 Sopor
521 633 570 696 liis
583 633 649 719 (16,
661 632 714 698 tit.
729 634 758 709 l,
774 632 831 698 lib.
846 633 865 697 5
879 627 997 718 deon),
1014 651 1167 716 expresse
1180 639 1347 700 memorat

222 737 448 832 exceptionem
462 755 614 834 tanquam
631 737 817 832 regularem
833 748 969 814 crimina
987 747 1174 833 opponendi
1186 749 1285 814 viam.
1302 750 1347 814 lit

220 841 353 932 tandem
374 868 547 930 ordinarius
570 863 728 931 dicendus
752 873 802 930 est
821 884 1002 948 processus,
1023 865 1057 930 in
1076 884 1141 950 quo
1164 873 1345 932 servantur

218 964 300 1066 juris
319 980 360 1046 de
389 978 486 1045 modo
507 979 710 1064 procedendi
728 981 935 1066 prescripta,
960 983 1227 1046 extraordinarios
1242 1000 1340 1057 vero,

221 1098 255 1162 in
271 1115 336 1184 quo
351 1095 512 1182 ejusmodi
531 1095 643 1162 formae
663 1097 821 1181 supprimi
835 1096 1097 1182 permittuntur:
1118 1085 1232 1164 sedeo
1249 1097 1345 1184 quod

221 1215 317 1283 alicui
334 1215 499 1299 processui
509 1213 618 1280 locum
637 1213 696 1282 det
723 1217 883 1299 exceptio,
912 1233 976 1280 non
998 1212 1075 1279 inde
1095 1215 1245 1300 sequitur
1264 1233 1345 1298 pro-

221 1347 345 1396 cessum
361 1330 446 1396 hnnc
457 1349 562 1414 posse,
578 1331 757 1417 suppressis
772 1329 943 1396 ordinariis
957 1329 1081 1408 formis,
1101 1329 1262 1414 expediri.
1277 1331 1346 1398 Rc·

123 1529 126 1538 ¹
221 1454 329 1513 manet
351 1459 428 1532 ergo
452 1465 639 1532 processum
661 1467 720 1533 per
743 1448 828 1513 viam
848 1449 1056 1532 exceptionis,
1080 1445 1121 1513 ad
1138 1447 1337 1524 ordinarios,

221 1572 256 1629 ct
267 1584 331 1630 non
347 1562 389 1628 ad
404 1561 676 1630 extraordinarios
697 1581 877 1648 processus,
897 1582 966 1628 csse
983 1561 1208 1628 referendum.

747 1815 818 1891 51.

553 2039 613 2097 Quid
639 2047 662 2087 et
684 2042 808 2118 quotuplex
838 2037 868 2086 sit
893 2038 1017 2100 exceptio?

265 2265 344 2368 Cum
361 2266 463 2332 fusius
478 2267 562 2332 inira
578 2267 619 2334 de
634 2269 880 2352 exceptionibus
903 2267 1076 2334 tractaturi
1103 2267 1213 2346 simus,
1232 2268 1286 2334 hio
1302 2291 1343 2336 ea

220 2381 390 2448 dumtaxat
410 2383 611 2463 notabimus,
641 2404 712 2470 qnae
737 2392 931 2468 praesentem
947 2383 1173 2469 questionem,
1201 2384 1343 2451 modum

218 2500 340 2566 scilicet
359 2499 559 2584 procedendi
570 2502 603 2565 in
619 2500 804 2586 hujusmodi
816 2513 892 2568 casu
906 2501 1096 2584 respiciunt.

264 2618 291 2683 Ι.
309 2617 464 2701 Exceptio
482 2624 532 2683 est
547 2619 629 2684 ratio
653 2618 696 2684 ob
712 2637 809 2703 quom
824 2637 901 2684 reus
919 2617 1063 2701 postulat
1078 2624 1222 2683 actorem
1237 2614 1342 2702 dejici

219 2730 260 2796 ab
276 2750 316 2797 eo
332 2730 420 2817 quod
433 2731 574 2797 intendit
594 2749 655 2798 seu
672 2734 892 2829 persequitur.
922 2733 1000 2813 Quae
1023 2733 1112 2796 notio
1128 2722 1342 2816 frequentius

218 2848 307 2932 opud
318 2854 468 2914 auctores
480 2848 540 2914 suh
552 2848 611 2914 hac
625 2849 766 2914 formula
782 2850 934 2926 recurrit,
952 2855 1079 2912 actionis
1093 2851 1141 2912 nel
1157 2853 1341 2912 intentionis

218 2967 361 3029 exclusio.
384 2965 538 3048 Exceptio
556 2973 665 3030 autem
687 2964 913 3049 multipliciter
934 2963 1096 3047 impedire
1123 2969 1231 3048 potest
1247 2973 1343 3030 uoto·

219 3099 289 3148 rem
302 3081 343 3147 ah
356 3080 534 3147 obtinendo
547 3080 634 3167 quod
650 3082 739 3165 vult3
756 3101 885 3164 nempe,
909 3082 1000 3147 verbi
1017 3081 1130 3165 gratia,
1149 3081 1339 3167 objiciendo

216 3195 357 3282 judicem
377 3217 442 3263 non
464 3216 558 3282 posse
586 3217 713 3263 causam
730 3196 896 3275 dirimere,
918 3198 986 3262 uve
1002 3196 1092 3282 quod
1104 3195 1339 3282 jurisdictione

218 3321 338 3392 careat,
361 3315 428 3381 sive
445 3313 533 3400 quod
550 3322 721 3398 suspectus
737 3315 778 3380 sit
794 3321 828 3380 et
844 3315 903 3380 Rei
921 3315 1085 3397 inimicus;
1109 3322 1339 3381 accusatorem

217 3450 282 3497 non
296 3451 365 3498 esse
381 3429 619 3497 admittendum
631 3431 674 3525 ad
684 3430 928 3516 proponendam
940 3431 1190 3514 accusationem3
1205 3429 1338 3498 denun-

216 3551 366 3615 tiatorem
378 3548 421 3614 ad
434 3548 710 3632 denuntiandum;
727 3556 830 3614 testes
844 3548 925 3614 tales
944 3547 986 3613 ad
997 3545 1248 3626 testificandum,
1265 3556 1334 3614 etc.

261 3667 367 3751 Ipsam
381 3687 463 3733 uero
482 3673 665 3750 acceptionis
683 3686 798 3733 vocem
813 3667 889 3733 inde
910 3671 1015 3732 ortam
1040 3665 1187 3732 nonnulli
1202 3666 1333 3743 volunt,

215 3779 305 3867 quod
319 3783 422 3848 veluti
437 3782 561 3868 aliquid
585 3789 687 3866 capiat
709 3803 748 3846 ec
768 3785 907 3862 actione,
925 3780 1021 3860 idest,
1050 3780 1210 3859 detrahat,
1228 3799 1338 3849 remo

215 3907 356 3985 veatque
372 3905 406 3964 et
422 3900 464 3967 de
480 3897 590 3966 medio
602 3899 696 3965 tollat
712 3906 810 3984 atque
827 3899 976 3982 perimat.

260 4017 301 4082 II.
318 4018 409 4082 Inter
423 4017 619 4101 multiplices
630 4017 859 4099 exceptionum
878 4015 1018 4100 species,
1038 4015 1114 4080 satis
1126 4011 1168 4080 ad
1184 4033 1333 4098 praesen-

214 4139 282 4198 tem
293 4152 427 4217 scopum
443 4135 505 4200 erit
521 4139 695 4220 sequentes
708 4151 914 4199 enumerasse
934 4155 941 4198 :

262 4252 292 4314 l.
309 4251 434 4332 Nempe
453 4247 558 4314 dividi
568 4255 686 4332 potest,
705 4250 740 4313 in
756 4250 954 4314 criminalem
969 4254 1003 4314 et
1017 4247 1158 4313 civilem.
1174 4247 1335 4314 Crimina-

212 4363 253 4430 lis
266 4371 316 4432 est
331 4365 462 4451 quando
480 4363 631 4449 objicitur
640 4363 771 4450 aliquod
783 4365 941 4432 delictum
954 4386 960 4429 :
977 4363 1081 4429 civilis
1095 4381 1186 4440 vero,
1199 4363 1334 4447 quando

212 4479 365 4568 objicitur
375 4481 483 4568 aliqua
497 4479 690 4561 inhabilitas,
708 4499 780 4568 quae
803 4480 971 4566 culpabilis
989 4499 1054 4548 non
1072 4487 1133 4547 est.
1151 4481 1201 4546 De
1217 4480 1329 4546 crimi-
