2836 5118
479 403 559 454 cens
581 405 740 454 suanam.
796 399 801 406 '
1101 393 1159 456 iel

66 541 155 595 mmm
164 533 290 611 malea,
305 534 390 595 callo
403 537 530 595 termlao
541 533 600 594 etos·
605 530 737 613 praefica
745 549 757 593 :
766 534 815 594 ool
826 536 997 614 iatrajocls
1008 538 1168 596 tammam

64 667 91 710 re
102 667 146 710 eos
161 654 323 711 asseth
346 649 422 710 celle
446 649 538 727 dare,
556 654 586 710 et
608 653 710 728 postea
730 665 788 728 per
812 649 1012 729 appellantem
1039 665 1169 730 coaptato

64 764 118 824 loco
131 768 161 825 et
176 768 305 844 tempore
319 768 425 844 sapias
440 769 471 825 et
482 767 632 825 saccata
647 779 706 824 aaa
726 767 868 824 contecta
884 765 977 824 etlam
992 767 1163 843 repulatae,

63 897 104 940 eos
115 897 172 942 noa
183 883 336 942 curaverit
347 883 431 942 intra
445 879 578 942 amdan
593 883 753 941 terminum
767 877 925 956 callicra-
939 880 1169 959 appellationem

63 1013 138 1056 nam
157 1013 197 1057 aa
222 1001 294 1058 tuae
310 999 452 1078 prosequi
472 998 568 1076 possit
592 995 760 1076 appellans,
779 1012 814 1056 ac
831 998 859 1054 a·
882 1011 1020 1076 expresse
1042 996 1169 1074 tanseat

62 1113 147 1174 adae
163 1113 294 1193 apostoli
312 1113 462 1192 doaepatl.

99 1226 248 1306 Qursno
264 1230 309 1292 8¹.
324 1261 370 1273 -
385 1229 479 1309 Cojos
492 1232 632 1308 capanea
648 1225 774 1308 petendi
786 1232 816 1287 et
829 1223 1007 1287 wmedcwi
1019 1223 1170 1304 apostoli?

61 1375 99 1388 -
115 1363 131 1402 a
146 1341 231 1406 Sunt
253 1339 408 1424 petendi,
430 1340 583 1407 mittendi
607 1349 642 1407 et
665 1337 886 1424 presentandi
907 1335 1011 1422 judici
1026 1339 1068 1401 aa
1084 1355 1170 1420 quem

64 1456 271 1540 «sumptibus
295 1456 521 1540 appellantis»
552 1456 759 1543 (staremus,
793 1459 903 1520 For-am
925 1453 1164 1532 eclesiasticae,

60 1570 149 1635 iniit.
163 1573 219 1648 28,
236 1571 313 1636 libri
328 1573 348 1636 i
364 1569 506 1647 deerat,
527 1590 559 1656 q.
581 1567 676 1654 1032)
695 1591 703 1635 t
720 1578 818 1655 atque
832 1569 879 1635 ita
891 1575 1005 1634 tenent
1019 1566 1170 1634 doctores

60 1685 279 1752 communiter.
771 1681 774 1686 ’
807 1681 809 1686 ’

565 1922 580 1994 5
605 1917 658 1981 ix.

438 2149 472 2198 De
488 2145 598 2198 necibus
614 2145 788 2208 appellationis.

97 2385 251 2467 Quasno
268 2387 311 2448 1·.
328 2421 374 2433 -
388 2385 471 2466 oreta
484 2389 546 2448 siat
560 2385 694 2463 satalia?
708 2405 784 2444 -a
801 2384 958 2450 Patalium
975 2383 1028 2449 hio
1042 2365 1171 2448 nomine

62 2503 225 2567 «venium
240 2507 407 2584 tempora,
425 2499 544 2586 quibus
557 2481 683 2565 exactis
699 2499 882 2583 appellatio,
902 2501 955 2566 uel
974 2519 1039 2565 non
1058 2513 1172 2564 conce·

62 2615 188 2696 oditur,
208 2617 264 2682 vel
286 2619 450 2694 oonae'ssa,
475 2617 666 2708 interposita
683 2624 740 2681 aut
757 2615 824 2701 jam
846 2614 1046 2693 introducta,
1068 2614 1171 2680 extin-

62 2711 201 2815 «guitur
216 2739 250 2798 et
267 2732 359 2816 quasi
373 2731 543 2798 emoritur.

100 2870 115 2910 a
129 2845 325 2934 Huiusmodi
335 2853 476 2944 quatuor
492 2855 568 2914 sunt
585 2869 594 2913 ε
618 2850 650 2912 1’
668 2847 891 2932 appellationis
904 2844 1167 2932 interponendoe3

61 2965 120 3028 «2⁰
140 2962 279 3049 petendi
294 2973 329 3030 et
345 2963 548 3030 concedendi
565 2965 745 3049 apostalas;
767 2967 802 3031 3⁰
822 2963 1048 3048 appellationis
1068 2964 1169 3028 intro-

61 3078 259 3158 oduaendae‚
277 3081 348 3145 sive
364 3080 527 3164 apostolos
543 3078 646 3165 judici
659 3083 701 3144 at
713 3101 798 3163 qaam
813 3078 1049 3164 prasentandi3
1065 3079 1101 3142 4⁰
1114 3097 1170 3162 ap·

61 3197 268 3279 «pollutionis
285 3195 523 3282 prosequende
537 3203 572 3263 et
587 3196 751 3263 finienda.
771 3221 788 3258 a
807 3194 1117 3282 (schmalzgrueben
1135 3194 1169 3260 in

59 3311 105 3376 tit.
122 3315 178 3392 28,
195 3311 273 3378 libri
288 3315 309 3378 2
326 3311 465 3390 decret,
484 3333 517 3378 n.
537 3310 605 3397 70.)

96 3429 143 3494 De
156 3436 310 3512 tempore
330 3425 463 3511 petendi
479 3426 743 3512 coneedendique
764 3427 947 3511 apostolos,
974 3445 1101 3494 necnon
1115 3445 1171 3492 eos

58 3541 270 3623 praesentandi
285 3541 387 3627 judici
409 3547 452 3609 ad
474 3565 575 3627 wem,
604 3545 764 3628 superiori
785 3543 989 3629 paragrapho
1011 3543 1168 3624 diximus3

59 3656 139 3724 nude
170 3667 322 3726 remanet
343 3659 395 3724 hio
428 3665 555 3726 tantum
579 3660 756 3726 dicendum
781 3660 823 3726 de
852 3666 1002 3744 tempora
1025 3661 1171 3745 interpo-

59 3773 164 3842 nenda
189 3775 427 3860 appellationis,
450 3776 663 3863 ejusdemque
687 3775 922 3863 prosequenda
947 3783 981 3842 et
1004 3775 1166 3845 finienda.

96 3887 247 3971 Qunsuro
263 3891 308 3956 2¹.
322 3928 366 3940 -
380 3895 468 3956 latro
482 3895 561 3974 quod
576 3899 690 3975 tempas
702 3893 865 3974 appellatio
879 3898 1030 3974 interponi
1044 3895 1170 3960 debeat?

60 4004 195 4070 —Olim
215 4003 353 4071 biduum
372 4008 426 4073 vel
439 4007 585 4073 triduum
601 4006 644 4074 ad
660 4006 891 4092 appellandum
914 4007 1166 4076 concedebatur.

61 4116 105 4183 Sic
119 4121 201 4188 enm
213 4121 327 4205 legere
343 4130 393 4188 est
412 4125 445 4188 in
464 4142 586 4190 canone
603 4126 657 4202 29,
675 4143 778 4190 oausae
794 4125 825 4202 2,
844 4144 876 4209 q.
895 4125 916 4190 6
936 4129 999 4191 :Ia
1014 4131 1170 4190 scatentis

62 4245 198 4318 receptam
209 4244 255 4301 eet
272 4244 308 4301 ot
318 4240 366 4300 oel
383 4240 481 4302 altera
496 4241 546 4303 dte
560 4240 608 4303 cel
621 4245 712 4304 tertia
725 4245 959 4322 provocatae...
973 4243 1106 4304 Bldaam
1122 4244 1170 4305 oel

63 4353 187 4418 eatam
209 4354 423 4437 appellationis
447 4373 486 4418 ca
503 4357 553 4419 dio
570 4361 724 4420 sententia
749 4358 820 4420 lata
842 4357 1073 4439 competendum
1096 4359 1164 4421 erit.

101 4465 160 4534 Sed
183 4479 299 4553 postea
321 4468 436 4536 decem
463 4470 533 4537 dies
550 4470 593 4537 nd
611 4469 842 4556 appellandum
868 4455 992 4556 praefixi
1013 4479 1104 4555 sunt3
1122 4473 1168 4538 ita
