2848 5118
499 357 580 408 rsus
602 355 760 407 saumas.
1121 338 1184 405 na

95 489 307 561 attestatum,
321 484 355 550 in
366 499 523 567 processu
537 482 641 562 civili,
657 485 820 567 assignare
835 479 936 549 debet
950 463 1128 550 terminum
1144 465 1186 548 ad

93 596 300 682 producendas
316 605 498 682 positiones,
516 601 572 684 qui
590 599 750 664 terminus
773 599 1034 666 communicarit
1056 599 1186 683 utrique

93 713 172 796 parti.
194 712 243 779 ld
263 712 529 798 respondendum
543 721 652 779 autem
668 713 890 798 positionibus
911 733 976 778 non
995 711 1188 780 conceditur

92 827 240 905 erminus,
260 828 335 914 quia
349 827 392 893 ad
407 825 674 912 respondendum
697 830 785 892 nodo
810 827 865 893 vel
890 845 950 891 octe
972 829 1070 902 aedo,
1087 825 1137 892 de
1151 845 1187 892 rc

92 961 150 1027 qua
163 943 261 1010 debet
280 963 349 1010 esse
364 953 453 1023 ncta,
467 961 533 1008 non
547 943 728 1028 requiritur
736 943 942 1010 deliberatio.

15 1075 16 1080 ’
125 1059 236 1125 Postea
256 1068 368 1126 autern
391 1059 475 1124 alins
497 1059 681 1143 assignatur
695 1058 854 1124 terminus
871 1053 913 1123 ad
933 1056 1185 1137 articulcudum,

91 1173 118 1239 id
130 1181 190 1253 est,
204 1175 247 1241 nd
263 1175 494 1260 producendos
505 1175 660 1241 articulos
674 1194 774 1259 super
787 1175 906 1260 quibus
920 1173 1094 1239 articularis
1106 1164 1190 1259 petit

91 1291 249 1381 examinari
262 1292 346 1357 tales
355 1298 466 1370 testes,
484 1291 604 1356 taliave
618 1291 846 1357 instrumenta.
914 1351 917 1360 .
1079 1279 1083 1286 ’

125 1409 154 1470 t.
177 1407 208 1471 Si
223 1407 329 1492 stylus
347 1408 444 1472 curiae
465 1407 516 1485 sit,
535 1414 573 1472 ut
588 1404 785 1490 conjunctim
801 1395 880 1470 liant
895 1405 1072 1488 positiones
1088 1411 1122 1470 et
1143 1424 1192 1470 ar·

91 1523 181 1602 ticuli,
202 1523 302 1590 modo
321 1543 420 1608 supra
441 1515 605 1608 esposito,
632 1522 768 1590 sufficiet
781 1525 913 1588 unicum
928 1520 972 1587 ad
991 1520 1026 1586 id
1040 1520 1192 1606 assignari

92 1640 261 1705 terminum.

126 1759 154 1820 3.
177 1758 215 1820 ln
237 1751 394 1840 processu
422 1756 591 1836 criminali,
609 1765 683 1840 post
701 1773 838 1822 examen
853 1756 930 1832 Rei,
948 1757 975 1821 si
994 1753 1194 1838 procedatur

94 1870 132 1956 (nt
143 1869 235 1940 hodie
250 1874 446 1958 plerumque
463 1871 560 1957 solet)
578 1861 797 1957 inquisitionis
806 1871 868 1948 ria,
890 1889 949 1936 seu
965 1870 1086 1955 absque
1102 1886 1195 1934 accu-

91 1995 192 2067 satore,
211 1987 315 2073 judex
334 1989 514 2072 promotori
526 1988 628 2054 fiscali
636 1977 819 2054 ¹terminum
834 1975 1065 2070 assignabit'ad
1077 1977 1193 2070 'mpltn-

92 2105 210 2181 baana,
224 2103 261 2168 id
273 2103 379 2168 estad
394 2102 584 2170 fabricanda
602 2111 636 2170 et
655 2100 852 2186 porrigenda
868 2102 1021 2186 capitula.

126 2220 155 2283 l.
172 2220 271 2286 Suum
296 2227 407 2285 autem
427 2221 602 2286 terminum
620 2217 663 2284 ad
683 2217 887 2284 exhibendos
906 2219 1059 2284 articulos
1080 2209 1196 2284 defen-

93 2335 178 2400 sorios
195 2355 253 2400 reo
276 2335 460 2419 assignabit,
477 2342 551 2419 post
571 2334 717 2402 oliensivi
736 2353 909 2419 processus
928 2311 1192 2418 publicationem.

130 2454 157 2515 5.
177 2453 233 2516 Est
245 2452 360 2536 regula
375 2453 571 2536 generaliter
584 2460 728 2540 recepta,
746 2459 810 2517 tem
813 2469 875 2535 pus
889 2449 1106 2516 terminorum
1121 2447 1197 2514 dila-

86 2566 238 2632 tonorum
255 2585 326 2632 esse
349 2585 450 2651 penes
463 2566 582 2652 judicis
598 2566 791 2650 arbitrium;
808 2567 854 2632 ita
867 2573 977 2631 tamen
988 2573 1043 2642 ut,
1063 2566 1090 2628 si
1104 2565 1198 2630 rimis

94 2691 206 2748 arctum
218 2681 471 2762 concederetur,
488 2683 675 2768 prorogatio
694 2685 763 2768 peti
778 2689 907 2768 posset;
927 2679 1126 2765 etsiinjuste
1141 2678 1206 2746 dc·

93 2805 268 2880 negaretur,
282 2800 375 2864 locus
388 2798 486 2865 fieret
501 2799 722 2884 appellationi.

133 2915 160 2978 6.
175 2915 299 2981 Praeter
314 2914 488 3000 praedictos
502 2916 658 2981 terminos
668 2913 711 2980 ad
720 2917 902 2997 punctam
915 2914 1151 2988 orttcntoodnm,
1163 2920 1198 2978 ct

94 3033 320 3111 capitolooctnm,
334 3040 384 3097 cst
395 3031 480 3096 alter
492 3030 589 3097 valde
605 3031 765 3108 diversus,
781 3032 837 3115 qui
848 3028 971 3096 dicitur
982 3030 1198 3111 prototorttn.;

98 3140 206 3230 dequo
222 3147 373 3214 nonnulla
388 3153 559 3215 remanant
573 3145 760 3214 adnotanda
770 3145 803 3211 in
818 3145 968 3230 sequenti
982 3142 1195 3227 paragrapho.

595 3403 611 3476 5
631 3398 686 3461 lv.

486 3621 520 3668 ils
537 3620 634 3670 termino
652 3618 795 3682 probatorio.

138 3849 164 3910 1.
189 3848 356 3913 Terminus
371 3845 589 3932 probatorius,
611 3853 649 3912 ut
670 3847 742 3931 ipsa
755 3865 818 3912 vox
830 3848 907 3912 satis
931 3845 1064 3928 indicat,
1083 3849 1138 3914 illc
1152 3857 1203 3914 est

101 3961 149 4043 qui
157 3963 332 4048 assignatur
344 3963 504 4047 portibus,
521 3961 782 4048 adprobandum
796 3962 886 4048 quod
903 3963 981 4048 ipsis
998 3963 1203 4048 probandum

99 4073 251 4144 incumbit.
281 4078 325 4146 Ac
347 4078 485 4164 proinde
508 4080 594 4146 intra
616 4081 702 4146 hunc
726 4080 916 4160 terminum,
941 4079 1136 4164 regulariter
1157 4080 1202 4145 lo·
1229 4131 1230 4134 ,

100 4194 227 4274 quenda,
252 4194 392 4279 produci
415 4197 450 4262 et
467 4196 645 4264 examinari
659 4195 783 4262 debent
798 4203 899 4262 testes
918 4202 952 4262 et
968 4198 1197 4275 instrumenta,

100 4319 348 4395 cunpertestes
363 4313 626 4380 ctinstrumenta
648 4311 799 4397 probatio
818 4311 888 4378 liat.
914 4312 996 4378 liinc
1019 4312 1096 4378 satis
1109 4316 1203 4396 patet

97 4423 260 4502 positiones
273 4435 308 4498 et
326 4429 480 4498 articulos
494 4447 563 4498 esse
580 4427 717 4508 dandos,
731 4435 764 4497 et
780 4427 1116 4498 citationemtcstium
1129 4444 1202 4496 esse
