2838 5114
499 315 579 364 runs
602 312 761 364 snunnnn.
1128 298 1192 362 4⁰9

93 467 105 503 n
120 435 337 524 cognitionem,
351 440 393 506 an
406 439 561 508 videlieet
575 441 739 524 allegetur
754 441 860 525 aliqua
872 437 1056 506 vemdmilis
1071 443 1106 502 et
1122 456 1194 522 pro·

95 557 228 622 «babilis
243 575 339 621 eausa
356 555 567 640 querelandi;
585 555 708 641 haeque
725 557 867 640 cognita,
881 554 1004 637 poterit
1022 554 1194 638 querelan-

91 679 174 736 atem
191 673 367 737 restituere
384 673 418 734 in
431 673 614 754 integrum,
632 669 850 755 eumdemque
869 668 979 734 denuo
993 667 1193 752 judicialiter

90 789 236 854 «entim.
263 777 366 855 Porro
391 807 543 854 eoneessa
564 791 771 858 restitutione
793 791 827 854 in
849 791 1015 872 integrum
1035 786 1193 853 adversus

90 905 297 969 «sententiam
315 923 380 970 non
406 912 628 971 transeuntem
650 905 685 968 in
706 923 776 970 rem
795 904 993 989 iudicatam,
1013 908 1123 986 potest
1136 902 1192 970 ille

90 1041 104 1080 n
115 1021 179 1102 ipse
192 1018 296 1104 judex
322 1021 378 1105 qui
392 1039 463 1086 eam
478 1021 619 1097 tulerat,
635 1019 882 1086 extortionibus
900 1018 1078 1106 renonibus
1094 1016 1193 1084 telem

89 1159 102 1194 a
113 1136 300 1201 sententiam
319 1142 499 1202 retractare
524 1143 621 1222 atque
642 1136 825 1202 reformare
844 1124 1050 1221 :quanquam
1071 1132 1193 1200 ideireo

87 1269 170 1314 anon
186 1255 338 1334 negetur,
359 1252 437 1335 quin
458 1252 592 1335 querela
607 1251 765 1316 nullitatis
781 1252 950 1318 sententie
971 1233 1070 1314 etiam
1095 1249 1194 1331 possit

88 1367 231 1449 «opponi
247 1384 356 1432 eoram
367 1367 537 1449 superiore
550 1365 670 1450 juliae,
694 1367 721 1430 si
742 1367 828 1432 huno
848 1373 1003 1449 maratus
1015 1363 1106 1430 adire
1128 1383 1195 1430 ma·
1240 1351 1248 1378 ’

89 1507 101 1538 ι
114 1481 218 1546 luerit.
241 1503 257 1542 n
1079 1541 1081 1548 .

101 1589 276 1662 'llamdem
303 1597 485 1662 doctrinam
508 1600 554 1663 sie
575 1600 722 1681 reperies
748 1599 882 1664 brevius
906 1597 1084 1682 expositam
1107 1596 1195 1680 apud

86 1712 178 1794 Engel
193 1713 238 1798 (in
253 1713 307 1778 tit.
324 1716 378 1790 28,
395 1712 471 1778 libri
486 1715 505 1776 i
521 1712 662 1790 decret,
682 1733 715 1778 ιι.
733 1711 765 1796 3)
784 1735 792 1778 :
810 1737 827 1776 a
844 1715 894 1778 De
912 1713 1059 1778 nullitate
1075 1713 1195 1798 opponi

88 1833 228 1909 «potest,
241 1829 294 1892 vel
302 1846 410 1893 eoram
421 1828 537 1894 eodem
545 1829 656 1913 judice
667 1831 723 1914 qni
732 1830 925 1894 sententiam
934 1826 1010 1893 tulit
1021 1829 1104 1915 (lege
1116 1833 1128 1892 1
1138 1875 1146 1905 ,
1158 1827 1191 1894 ff.

88 1965 101 2000 a
114 1949 182 2022 (late
192 1949 348 2008 sententie
361 1951 424 2008 sine
436 1947 636 2027 appellatione
649 1944 886 2029 rescindantur),
902 1945 956 2010 vel
966 1961 1075 2010 eoram
1084 1941 1194 2028 J'udiae

87 2061 279 2144 «superiore
292 2080 350 2126 seu
363 2061 603 2145 appellationis;
620 2063 675 2146 qui
687 2067 768 2124 tuno
783 2059 984 2144 potissimum
999 2059 1085 2126 adiri
1098 2060 1192 2136 solet,

88 2175 240 2259 «quando
266 2177 397 2241 nullitas
421 2178 590 2260 provenit,
617 2197 682 2242 uon
705 2197 746 2242 en
773 2193 896 2255 errore,
924 2176 985 2242 sed
1009 2195 1050 2242 ex
1076 2177 1198 2242 malitia

87 2312 101 2348 a
114 2290 274 2356 inferioris
293 2290 432 2376 judieis3
460 2293 534 2376 qnia
552 2299 631 2357 tune
658 2293 721 2358 erit
747 2310 812 2356 non
838 2291 933 2356 facile
961 2291 1198 2357 reformaturus

88 2423 199 2470 usuam
226 2407 396 2489 malitiam;
426 2413 460 2472 et.
487 2407 564 2471 alias
591 2411 744 2490 gratatus
769 2405 812 2472 ad
838 2409 1029 2490 gravantem
1053 2405 1197 2491 judicem

88 2523 232 2586 «remitti
247 2541 312 2586 non
326 2520 428 2586 debet
439 2521 522 2607 (lege
535 2527 606 2598 Eos,
620 2541 649 2586 a.
664 2525 701 2586 rte
714 2519 861 2604 Appett.).
875 2523 913 2586 In
927 2519 1077 2604 delegato
1085 2518 1197 2604 judine

89 2634 171 2701 ahoe
186 2644 237 2702 est
252 2638 409 2721 speciale,
427 2637 516 2722 quod
532 2639 558 2702 is
571 2639 765 2703 sententiam
781 2654 871 2702 suam
886 2638 1023 2703 nulliter
1038 2637 1198 2720 prolatam

89 2752 295 2818 «reformare
306 2773 371 2818 uon
384 2753 496 2837 possit,
512 2752 570 2819 sed
587 2753 743 2836 delegans
757 2752 929 2818 adeundus
942 2754 1000 2836 sit;
1016 2753 1094 2836 quia
1108 2750 1199 2818 dele·

89 2875 203 2951 «gatus
225 2875 397 2954 postquam
419 2872 652 2954 pronuntiarit,
671 2871 738 2936 sive
754 2870 840 2936 hene
863 2871 932 2936 sive
945 2869 1041 2946 mue,
1066 2869 1200 2936 functus

89 2993 162 3050 «est
179 2986 300 3063 officio,
322 2993 355 3052 et
374 2985 445 3071 ejus
460 2985 642 3071 jurisdictio
660 2985 752 3051 finita
772 2992 822 3050 est
842 2985 926 3072 (cap.
948 2989 988 3050 In
1005 2988 1117 3050 litteris
1140 2988 1196 3068 133

92 3127 104 3156 ι
118 3109 150 3166 et
172 3085 244 3186 eap.
271 3107 424 3182 onorata·
445 3106 505 3180 26,
527 3106 564 3166 cte
583 3103 687 3182 Officio
705 3099 862 3186 detepuit).
879 3124 895 3162 ι
912 3102 1072 3168 munnae
1093 3098 1201 3167 Pelle·

87 3216 188 3298 grinus
204 3219 332 3305 (Praete
348 3223 546 3296 Vtaartonrn,
563 3225 657 3300 parte
669 3220 702 3294 2,
717 3225 799 3283 seat.
814 3221 847 3294 3,
862 3217 1007 3282 subsect.
1025 3221 1054 3294 l,
1069 3237 1103 3280 n.
1118 3215 1172 3300 90)
1189 3238 1197 3282 :

90 3332 221 3398 «Debet
245 3334 381 3397 tractari
402 3333 516 3418 (eausa
541 3331 699 3397 nullitatis
722 3329 924 3415 sententie),
946 3349 1055 3399 eoram
1080 3331 1200 3398 eodem

91 3445 233 3529 «judice,
256 3449 311 3533 qui
338 3456 447 3531 potest
464 3448 538 3533 jure
558 3447 724 3514 ordinario
741 3448 955 3530 pronuntiare
979 3449 1100 3535 (eapite
1119 3453 1148 3526 t,
1164 3452 1202 3512 de

90 3555 267 3631 «Sententia
282 3568 532 3647 etrejadteata;
548 3566 654 3648 eapite
670 3567 796 3640 Diana
814 3567 852 3628 de
871 3566 1202 3646 Apolloniatarum

90 3699 105 3735 ι(
117 3678 184 3761 lege
202 3685 214 3745 1
237 3678 368 3756 codicis,
385 3684 424 3743 cle
442 3685 525 3745 Sent.
541 3689 571 3744 et
585 3684 722 3744 intortae.
736 3699 815 3747 onan
830 3678 929 3764 jot).
946 3681 1073 3744 Poterit
1091 3685 1201 3744 tamen

91 3811 198 3876 «pars,
229 3797 257 3860 si
282 3795 436 3872 voluerit,
467 3796 651 3879 appellare3
680 3803 714 3860 et
740 3802 820 3860 tune
845 3793 950 3880 judex
976 3793 1202 3879 appellationis

92 3929 105 3966 n
118 3912 236 3990 poterit
255 3910 474 3993 'pronuntiare
500 3911 695 3975 sententiam
721 3929 791 3976 esse
818 3909 940 3974 nullam
961 3909 1080 3996 (eapite
1099 3914 1197 3992 Licet,

93 4027 152 4086 nole
164 4029 297 4090 sentent.
311 4045 468 4102 ananam,
483 4025 516 4089 in
528 4027 560 4108 63
574 4061 618 4072 -
631 4025 703 4108 lege
720 4029 864 4105 wedam
879 4028 1000 4105 malian,
1016 4023 1050 4090 ff.
1064 4029 1202 4091 Familia

95 4158 109 4198 a
121 4139 338 4226 muneranda).
357 4141 421 4206 Sed
443 4143 507 4206 erit
527 4142 651 4224 utilius,
668 4143 759 4224 prins
781 4161 877 4225 agere
901 4141 943 4206 de
964 4141 1113 4206 nullitate
1128 4159 1202 4206 sen·

95 4259 226 4322 atentia
239 4274 348 4323 eoram
368 4256 484 4322 eodem
499 4255 629 4341 judice,
646 4276 743 4341 quam
758 4255 867 4322 oort'm
884 4255 995 4342 judice
1011 4255 1198 4339 superinre;

96 4373 190 4454 «quia
205 4374 230 4438 si
242 4373 330 4439 idem
343 4371 447 4458 judex
461 4374 701 4449 retractaverit,
717 4375 922 4448 sententiam,
939 4371 1019 4436 utile
1033 4372 1200 4454 negotium
