2836 5118
263 327 324 390 324
613 344 799 392 maceramus
824 347 865 392 uu
888 345 1035 394 subieris.

262 466 394 544 tituluS,
425 471 524 531 Socra
552 471 798 550 Conprcgutionc'c
825 472 953 535 Consilii
978 472 1196 532 declarationes
1224 477 1311 532 code
1333 479 1353 533 ct
1406 549 1407 552 Ἴ

259 584 395 659 decreta3
409 581 498 666 quod
517 585 773 668 manuscriptum
798 593 983 652 asservatur
1003 583 1112 650 Romae
1128 585 1163 650 in
1180 583 1355 650 bibliotheca

260 699 446 764 Corsiniana
463 699 593 786 (pagina
610 703 674 764 255
693 703 772 767 tomi
787 703 902 785 primi,
921 701 982 766 sub
994 719 1134 766 numero
1149 703 1192 766 30
1211 699 1352 783 annotati;
1406 687 1407 694 '

261 823 295 881 et
310 815 425 899 pagina
440 819 481 880 55
496 823 634 900 aterga,
652 819 733 882 tomi
746 816 905 901 secundi).

303 933 327 997 E
343 932 449 997 citatis
464 929 667 997 documentis
680 931 810 998 abunde
825 941 923 1016 atque
934 933 1053 996 invicte
1071 931 1143 996 linit
1160 931 1227 996 haec
1246 931 1355 997 conclu·

258 1050 314 1126 sio,
334 1067 451 1114 reuera
474 1048 636 1132 Episcopis
662 1056 848 1132 competere
878 1048 1044 1130 praelatam
1063 1067 1102 1110 ee
1120 1049 1281 1127 informato
1301 1066 1355 1109 cca·

258 1172 382 1229 scicntia
399 1166 577 1230 sententias
591 1163 721 1230 ferendi
734 1141 943 1248 potestatem.

254 1321 259 1330 ·
300 1282 468 1347 Puouarlo
482 1281 554 1346 111³.
573 1317 617 1328 --
633 1285 682 1343 Ecc
695 1287 841 1344 communi
856 1284 1008 1344 doctorum
1024 1287 1183 1344 sententio.
1198 1315 1241 1328 -
1255 1281 1354 1363 Super·

256 1416 432 1463 vacaneum
443 1397 531 1461 forat
546 1415 616 1461 eam
631 1395 713 1480 juris
724 1397 807 1462 sacri
821 1397 999 1478 peritorum
1015 1397 1258 1486 consensionem
1270 1395 1354 1461 docn-

254 1513 371 1578 mentis
381 1512 531 1596 probare,
550 1531 636 1587 cum,
651 1519 724 1595 post
738 1520 831 1577 notas
843 1513 945 1576 Sacrae
961 1512 1225 1595 congregationis
1239 1505 1353 1577 Conciti

252 1630 491 1711 responsiones,
525 1627 703 1692 catholicus
729 1629 866 1712 quisque
891 1629 1031 1710 scriptor
1055 1627 1240 1710 generalem
1273 1645 1354 1711 quan

251 1751 384 1810 tuemur
410 1745 525 1810 thesim
544 1762 605 1827 pro
632 1751 722 1809 certa
750 1744 910 1810 habuerit.
942 1741 1048 1820 Unde,
1076 1745 1104 1808 si
1124 1763 1189 1828 qna
1216 1744 1355 1809 remansit

251 1860 404 1946 opinandi
428 1861 581 1937 varietaS,
601 1861 686 1926 circa
704 1861 846 1943 prefatae
863 1861 1098 1945 Episcoporum
1120 1861 1290 1942 potcstatis
1310 1877 1353 1924 cx·

250 1977 430 2042 tensionem
448 1977 626 2042 ‘dumtaxat
648 1985 682 2042 et
702 1963 834 2042 limites⁸
846 1985 915 2041 tuta
941 1983 1103 2044 versatur.
1131 1975 1242 2041 Solent
1257 1983 1353 2040 autem

249 2094 419 2157 materiam
445 2091 527 2156 hanc
554 2097 730 2157 executere
759 2093 949 2169 canonistas,
979 2092 1038 2157 ubi
1066 2091 1243 2176 explanant
1271 2097 1353 2174 caput

250 2214 413 2292 quartum,
430 2207 580 2292 quintum
596 2214 631 2272 ct
647 2205 811 2273 decimum
829 2209 1002 2290 septimum
1017 2207 1105 2272 tituli
1122 2211 1173 2284 ll,
1188 2207 1353 2292 libriprimi

249 2322 475 2389 decretalium.

294 2441 544 2506 Pronar101V·.
563 2477 607 2488 -
620 2445 671 2504 Ec
691 2443 774 2504 totto
794 2443 968 2506 Auctorem
986 2439 1075 2505 fidei.
1094 2477 1140 2490 —-
1155 2442 1246 2509 Inter
1260 2441 1352 2507 varias

249 2555 366 2642 synodi
380 2557 583 2622 Pistoriensis
603 2555 770 2620 damnatas
785 2557 1032 2639 propositiones
1053 2558 1265 2641 reperiuntur
1278 2557 1349 2632 due,

247 2692 317 2760 quae
332 2672 493 2756 legitimas
509 2671 672 2755 negabant
688 2693 728 2734 em
741 2675 905 2754 informato
926 2678 1105 2734 conscicntia
1125 2675 1349 2758 suspensiones.

248 2789 309 2854 Eas
328 2789 363 2852 in
382 2786 515 2870 praefata
531 2786 621 2852 bulla
635 2786 767 2851 confixit
784 2787 860 2851 Pius
876 2787 921 2851 VI
936 2784 984 2850 his
1002 2788 1109 2853 verbis
1128 2811 1135 2853 z

299 2935 312 2957 «
327 2905 382 2970 49.
397 2905 483 2968 Item
503 2921 573 2987 quae
593 2900 725 2967 damnat
740 2909 777 2966 ut
791 2903 894 2967 nullas
911 2910 944 2967 et
964 2902 1120 2968 inscalidus
1140 2908 1351 2989 suspensiones

256 3052 268 3078 ι
284 3039 324 3085 ex
337 3019 511 3083 informate
521 3017 728 3094 conscientia,
741 3055 785 3067 -
797 3020 901 3098 Falsa,
914 3025 1094 3100 pcrntdoco,
1109 3026 1144 3084 tn
1156 3025 1350 3086 Tridentium

256 3142 440 3220 «injdl'iosttz
457 3163 471 3188 a

263 3311 267 3316 .
299 3255 382 3315 «50.
401 3251 483 3316 Item
501 3253 591 3314 ineo
606 3248 697 3334 ¹quod
719 3251 858 3316 insinuat
876 3251 937 3314 soli
954 3251 1112 3334 Episcopo
1135 3252 1186 3318 fas
1208 3273 1270 3321 non
1290 3269 1348 3318 esse

257 3371 332 3434 ·uti
353 3370 531 3450 potestate,
550 3385 645 3461 quam
660 3373 770 3430 tamen
787 3363 943 3431 cidelare
956 3365 1180 3433 tridentinum
1199 3370 1286 3456 (sess.
1304 3369 1346 3442 lt,

257 3505 313 3550 «c.
333 3487 362 3560 i,
380 3487 417 3546 dc
429 3483 523 3564 liet),
541 3483 756 3564 suspensionis
774 3501 814 3544 coc
835 3485 1000 3562 infarctum
1020 3490 1200 3549 conscicntia
1223 3487 1351 3570 legitime

256 3633 269 3658 a
283 3593 481 3682 infligendae,
509 3633 553 3646 -··
575 3600 801 3660 Jnrtsdc'ctc‘onc's
824 3601 1026 3660 Prolatorcnn
1052 3602 1193 3664 Ecclesiae
1218 3605 1347 3664 leuca*

250 3717 326 3780 Haec
342 3712 491 3797 prolecto
509 3710 604 3776 dictae
618 3711 714 3776 bullae
731 3710 850 3788 verba,
868 3731 932 3776 non
953 3717 1081 3778 tantum
1096 3713 1213 3779 thesim
1228 3715 1278 3780 hic
1290 3732 1353 3798 pro·

252 3837 426 3914 pugnatam
451 3828 581 3892 omnino
606 3835 741 3892 certam'
757 3826 901 3904 iaciunt,
930 3827 990 3893 sed
1018 3836 1053 3893 et
1076 3833 1269 3897 contrariam
1294 3829 1352 3914 cpi·

252 3947 380 4010 aionem
398 3944 486 4008 inter
503 3940 671 4008 damnatas
688 3943 721 4006 in
740 3949 937 4026 perpetuum
957 3942 1159 4028 ablegarunt.
