2914 5122
523 397 603 444 rnns
629 395 788 445 sueonos.
1172 379 1214 442 93

113 517 263 582 «infamia
280 525 331 582 est
355 536 418 601 per
435 520 594 586 viciniam.
621 521 821 587 Reservatur
836 517 923 582 euim
941 516 1036 600 alteri
1066 520 1152 600 parti
1169 517 1219 585 ia-

112 655 126 692 a
141 633 236 697 cultas
251 632 412 716 probandi
432 634 597 702 infamiam
614 636 696 701 hane
711 655 781 701 esse
800 639 928 699 tautum
952 631 1039 716 apud
1054 633 1136 700 viles
1159 641 1216 700 aut

110 745 324 828 «malevolae,
342 751 397 817 vel
414 751 455 817 ab
469 753 546 836 ipsis
557 758 666 818 ortum
680 750 841 816 habuisse.
863 775 879 812 a

605 1007 621 1080 5
645 1003 704 1066 ΙΠ.

461 1223 581 1274 Generalis
589 1221 746 1286 inquisitionis
754 1233 844 1270 norma

140 1453 182 1516 An
203 1459 237 1516 et
251 1450 415 1536 quomodo
430 1453 591 1534 generalis
606 1451 770 1542 inquisitio
797 1451 949 1518 cononice
962 1453 1074 1538 peragi
1089 1452 1207 1530 valent,

103 1568 213 1650 patebit
229 1569 488 1653 exsequentium
505 1570 721 1653 quaestionum
731 1569 940 1634 resolutione.

140 1684 283 1764 Quaestio
305 1687 347 1747 1³.
365 1687 469 1749 -An
476 1692 606 1766 possint,
629 1691 684 1748 ani
704 1689 798 1749 etiarn
814 1687 940 1748 debeant
963 1688 1115 1748 ordinarii
1132 1687 1209 1748 loeo-

32 1830 36 1840 1
100 1821 157 1862 anm
170 1804 297 1865 Proeloti
305 1804 343 1864 de
351 1805 526 1864 criminibus
533 1803 701 1882 qenerolem
711 1803 845 1882 aliquam
860 1807 1082 1882 inquisitionem
1096 1806 1205 1883 faeere.

100 1951 137 1962 -
149 1916 368 1981 abstrahimus
381 1918 415 1981 in
427 1917 673 2000 presentiarum
685 1916 727 1981 ab
741 1916 802 1981 alia
817 1917 1005 2000 quaestione,
1024 1924 1135 1981 utrum
1152 1939 1209 1999 pa·

100 2038 170 2094 terna
187 2031 368 2109 dumtaxat,
386 2052 427 2097 an
442 2052 522 2098 vero
541 2033 639 2097 etiam
651 2036 844 2114 judicialiter
863 2032 1023 2116 generalis
1047 2033 1211 2118 inquisitio

97 2145 159 2211 lieri
175 2147 276 2230 possit
296 2155 353 2213 aut
365 2146 503 2231 debeat;
525 2157 559 2214 et
575 2147 649 2213 ideo
668 2148 834 2231 posuimus
854 2148 1050 2214 vocabulum
1063 2148 1211 2215 indeter-

98 2255 238 2320 minatum
253 2259 403 2336 aliquam.
422 2256 460 2319 In
475 2255 535 2320 lrao
547 2263 656 2320 autem
676 2256 888 2338 generalitate
900 2255 1104 2322 considerata
1118 2265 1207 2341 quae-

96 2371 158 2448 stio,
183 2369 372 2436 affirmative
402 2391 420 2434 a
445 2369 634 2436 doctoribus
654 2371 797 2436 unanimi
824 2390 984 2436 consensu
1014 2373 1205 2438 resolvitur.

96 2483 202 2550 llicuut
215 2486 340 2551 seilicet
356 2492 391 2551 et
403 2504 510 2569 posse,
527 2494 562 2551 et
577 2487 675 2550 etiam
687 2487 752 2551 suis
765 2485 970 2570 temporibus
987 2485 1111 2552 debere
1124 2485 1210 2570 ejus·

98 2599 171 2664 modi
182 2601 351 2684 generales
362 2601 584 2686 inquisitiones
597 2600 638 2665 ab
650 2602 826 2685 Episcopis,
840 2601 973 2686 aliisque
985 2600 1208 2684 superioribus

100 2713 230 2782 loromm
248 2714 419 2784 ordinariis
431 2715 514 2782 fieri.

137 2832 180 2896 ld
194 2833 253 2898 hoo
262 2829 468 2918 probandum
477 2831 586 2898 afferri
593 2831 676 2897 solet
687 2837 786 2914 caput
799 2835 972 2896 Perniciosa
990 2829 1035 2917 (1,
1049 2834 1087 2895 de
1101 2831 1206 2912 Officio

97 2949 193 3025 indicis
206 2946 381 3035 ordinarii),
405 2951 438 3013 iu
453 2968 518 3033 quo
532 2949 577 3012 sio
596 2948 810 3013 decernitur:
833 2951 971 3012 Habeant
988 2949 1129 3030 Episcopi
1146 2955 1207 3012 sin-

102 3067 222 3142 qnlarnnt
232 3069 352 3129 arbium
364 3071 396 3128 in
408 3071 471 3128 sais
481 3067 652 3128 dioecesibus
671 3066 795 3126 liberam
805 3071 984 3145 potestatem
1010 3066 1163 3126 adulteria
1176 3071 1207 3128 et

103 3182 193 3242 scelera
203 3188 364 3262 inquirere,
378 3183 483 3242 alcisci
494 3186 524 3242 et
531 3182 697 3243 vindicare.
711 3177 776 3242 Sed
788 3184 899 3242 textus
910 3179 966 3242 ille
980 3178 1123 3260 rigorose
1138 3194 1205 3244 non

103 3295 216 3379 prohat;
232 3298 307 3382 quia
317 3295 363 3360 ibi
377 3295 428 3379 agi
445 3295 487 3360 de
503 3295 711 3378 inquisitione
722 3296 856 3376 speciali,
870 3313 936 3358 nou
949 3313 1029 3360 vero
1046 3293 1088 3358 de
1105 3311 1204 3377 gene·

103 3409 300 3478 raliahsolute
315 3411 468 3476 sustineri
486 3417 606 3493 posset,
638 3427 712 3473 oum
733 3409 847 3492 glossa,
866 3426 938 3493 quae
953 3410 998 3472 ita
1026 3407 1200 3474 intellexit,

104 3523 208 3592 ditatur
224 3527 321 3593 etiam
334 3532 433 3610 caput
449 3529 582 3589 Romane
596 3523 640 3610 (l,
660 3526 698 3588 de
713 3527 867 3600 densitas,
888 3525 922 3586 iu
937 3522 983 3608 6),
1005 3524 1064 3589 ubi
1081 3522 1203 3590 dicitur

104 3639 135 3706 de
145 3644 385 3728 drohiepisoopo
398 3642 614 3707 visitationem
629 3648 807 3724 peragente
824 3645 1004 3722 :Proposito
1027 3643 1116 3704 aerbo
1131 3645 1199 3724 Dei,

102 3769 198 3836 parat
214 3764 251 3824 de
277 3767 343 3822 aiio
365 3766 394 3821 et
413 3763 635 3820 conversatione
649 3761 888 3819 ministrantium
908 3761 942 3819 in
956 3759 1108 3821 Ecclesiis.
1137 3757 1204 3824 sed

101 3871 175 3940 initio
189 3873 336 3960 ejusdem
351 3873 463 3956 eapitis
478 3873 580 3956 posita
594 3871 663 3935 haro
677 3869 789 3949 verba,
813 3873 946 3950 Quilibet
961 3873 1204 3955 Arctieptscopns

101 4006 169 4052 snam
183 3993 282 4053 nolens
293 3993 419 4051 visitare
426 3993 625 4069 provintiam,
639 3985 776 4050 dubium
787 3986 976 4070 relinquunt
990 4005 1031 4051 an
1042 3989 1141 4053 etiam
1159 3985 1203 4054 ad

83 4083 126 4166 'id
144 4111 312 4169 teneantur
340 4101 514 4168 Ordinarii.
546 4102 712 4166 Praeterea
741 4099 819 4164 dum
846 4099 987 4182 dieitur,
1018 4107 1144 4183 Quaerat
1164 4107 1203 4167 de

100 4226 161 4295 aiio,
186 4231 264 4301 ete,
285 4238 352 4285 non
378 4217 512 4283 additur
532 4236 685 4301 expresse
709 4219 900 4299 qeneraliter,
928 4219 1075 4302 quamvis
1096 4217 1131 4282 id
1150 4223 1202 4282 sat

100 4346 196 4418 aperte
209 4346 300 4404 totus
319 4342 491 4400 contextus
504 4331 639 4398 indicet.

21 4525 22 4538 ,
133 4455 224 4538 llagis
244 4452 287 4519 ad
303 4469 373 4518 rem
389 4450 499 4516 faeere
518 4449 673 4514 ridentur
685 4455 797 4515 textus
815 4451 870 4533 qui
896 4449 1110 4514 visitationem
1130 4451 1199 4533 epi-
