2838 5114
235 316 300 380 llo
586 337 773 386 rnncrnrus
797 339 839 384 ne
861 338 1009 386 rumoris.

235 459 333 542 ergit
350 479 358 524 t
374 459 402 524 si
417 477 496 528 vero
519 479 584 527 non
607 462 855 539 moererent,
874 467 983 545 potest
1004 460 1054 528 uti
1074 458 1224 530 remedie
1239 459 1337 544 eppel-

236 595 255 634 «
266 573 438 648 lotionis.»
1324 597 1325 600 ¹

278 678 371 746 lolem
390 680 492 748 tredit
513 681 809 767 Sehmalrgruehen
828 691 899 752 tum
916 683 1063 770 pluribus
1084 683 1154 751 eliis
1169 682 1262 759 loeis,
1277 689 1338 749 tun

233 815 267 862 e.
279 799 320 863 78
330 804 364 865 et
378 801 419 864 79
429 798 604 867 intitulum
616 801 670 876 Ἡ,
682 799 761 869 libri
772 802 791 866 2
803 798 1033 884 deereteliunr3
1047 799 1104 868 noi
1113 797 1159 866 aul
1169 799 1336 882 quesitum,

232 916 463 994 puomeffeetum
475 921 623 981 sententie
633 918 783 998 proaem
796 935 835 983 oa
844 922 935 997 purte
941 918 1070 999 judicis,
1085 913 1134 986 sio
1147 911 1336 996 respondet:

236 1051 252 1088 a
267 1029 401 1122 Feeitut
409 1028 689 1114 jneonoffieiouuo
698 1038 869 1104 eonseetm
880 1029 1025 1108 functus,
1038 1031 1094 1108 sto,
1107 1036 1146 1099 ut
1155 1028 1338 1105 sententiare

233 1163 283 1208 un
300 1146 451 1215 soletum
473 1165 629 1218 revenere
650 1154 707 1216 eut
730 1147 897 1230 eorrigere
923 1151 1123 1232 nequest...;
1141 1145 1205 1210 nisi
1219 1144 1338 1210 omnim

234 1267 253 1322 n'
264 1259 366 1332 tuerit
387 1259 516 1327 nulla...
531 1260 607 1329 Dixi
627 1266 688 1329 nist
699 1265 793 1342 suomi
806 1267 925 1329 emanso
937 1261 1028 1329 nulle
1042 1282 1050 1325 ε
1064 1279 1140 1334 nem
1153 1260 1180 1324 si
1192 1261 1262 1342 ipso
1273 1258 1338 1344 iure

231 1376 351 1442 nuella
365 1376 424 1452 sit,
442 1394 597 1444 reuoeere
612 1393 683 1445 eem
703 1382 737 1445 et
757 1377 922 1460 corrigere
938 1373 1040 1461 judex
1056 1383 1168 1458 potest
1185 1396 1192 1440 :
1210 1380 1245 1440 et
1264 1375 1337 1440 ratio

233 1512 250 1552 u
263 1498 313 1556 est
336 1490 410 1576 quie
434 1491 558 1556 nullom
585 1490 803 1575 proferendo,
829 1490 933 1577 judex
962 1489 1106 1557 nondum
1137 1490 1270 1557 functum
1294 1497 1337 1554 est

232 1603 366 1674 «officio
384 1623 444 1675 suo
459 1605 542 1692 (lege
559 1609 595 1673 St
609 1609 830 1670 aeruscatoribus
845 1608 878 1684 4,
898 1625 928 1672 o.
946 1609 984 1673 clo
997 1609 1134 1672 Aonas.
1149 1613 1180 1670 et
1191 1610 1336 1687 teseipt.·;

231 1743 249 1790 u
261 1721 335 1806 lege
349 1725 385 1787 Sl
397 1728 432 1786 ut
442 1727 587 1804 proponis
603 1724 634 1799 5,
652 1739 682 1788 o.
699 1724 851 1802 Quomodo
864 1729 919 1784 ont
931 1724 1050 1803 pilando
1058 1717 1160 1804 jue).
1180 1745 1197 1780 »

273 1836 415 1904 Ceteros
437 1835 591 1905 doctores
607 1835 759 1915 strideas,
779 1837 924 1922 reperies
939 1837 973 1902 in
988 1836 1048 1904 hae
1068 1854 1107 1907 re
1125 1836 1254 1905 omnino
1270 1853 1335 1900 oon·

228 1951 355 2021 cordes.
372 1953 507 2020 Attente
525 1971 644 2038 nempe
661 1951 736 2038 jure
751 1954 884 2037 scripto,
901 1959 1086 2019 matteum
1105 1954 1234 2019 tenenat
1251 1969 1335 2035 posse

226 2070 392 2156 querelem
414 2069 573 2139 nullitetis
595 2071 765 2138 sententie
789 2070 923 2137 treeteri
944 2076 1015 2136 tum
1035 2087 1054 2132 e
1071 2066 1182 2152 judice
1200 2070 1270 2152 ipso
1285 2067 1334 2151 eui

226 2179 420 2253 sententium
445 2185 578 2252 nulliter
595 2185 672 2252 tulit
692 2184 802 2271 (modo
819 2193 931 2258 temen
949 2185 976 2250 is
994 2183 1180 2253 ordinarius
1197 2183 1257 2260 sit,
1277 2201 1334 2248 non

223 2297 419 2385 delegetur),
440 2309 512 2368 tum
530 2322 548 2370 e
565 2299 676 2386 judice
694 2301 931 2384 appellationis.

269 2416 312 2482 11.
326 2418 530 2484 Nihilominus
543 2418 641 2496 lodre
656 2419 692 2480 ol
702 2423 886 2482 eontrarium
901 2390 1070 2498 peroratam
1081 2417 1330 2492 emanantem,

223 2551 314 2598 msa
340 2534 494 2596 aullitutts
515 2538 669 2600 sententie
687 2553 709 2596 e
729 2535 792 2598 solo
810 2535 914 2616 judice
940 2534 1154 2614 appellationis
1173 2531 1332 2615 judtouado

223 2655 280 2714 ori.
296 2683 342 2698 —
355 2649 444 2716 Hono
461 2647 730 2720 consuetudinem
749 2647 816 2733 jem
839 2665 898 2712 suo
921 2655 1069 2731 tempore
1093 2651 1157 2728 sore
1177 2647 1332 2730 pereutere

222 2761 321 2830 tuisse
346 2770 485 2832 testetur
505 2764 616 2833 Geilus
637 2763 742 2851 (libro
760 2767 790 2841 1,
811 2768 944 2840 Pretio,
958 2763 1124 2831 observet.
1148 2765 1223 2840 127,
1241 2781 1272 2826 n.
1289 2757 1327 2842 7),

222 2884 323 2963 prout
336 2877 441 2948 refert
455 2877 517 2946 hoe
531 2878 628 2946 modo
642 2879 851 2949 lleiffeustuel
867 2879 917 2965 (in
932 2879 984 2944 tit.
1002 2882 1056 2958 28,
1072 2875 1148 2947 libri
1163 2881 1183 2943 2
1198 2877 1326 2952 derret,

221 3013 256 3066 11-
272 2991 328 3078 31)
350 3016 357 3062 ε
377 3017 393 3057 a
409 2995 508 3064 Notat
526 3002 634 3063 iernen
654 2992 763 3068 Gallus
779 2994 872 3080 quoe
890 2995 988 3068 hodie
1004 3013 1044 3062 ex
1059 3014 1121 3063 usu
1136 2994 1202 3062 tori
1222 2993 1328 3078 ubique

220 3132 241 3172 o
254 3109 358 3178 fenne
373 3109 566 3187 obuenerit,
593 3109 682 3194 quod
702 3111 851 3194 superior
874 3111 942 3181 sive
965 3109 1069 3195 judex
1095 3107 1324 3194 appellationis,

223 3245 354 3310 isuper
380 3226 530 3294 nullitate
558 3227 780 3311 principaliter
806 3225 1031 3310 cognossende
1055 3225 1199 3299 adeatur
1226 3247 1233 3291 :
1257 3242 1327 3309 pre·

221 3368 238 3406 n
253 3344 365 3410 sertim
378 3345 405 3409 si
419 3342 550 3410 nullites
564 3362 605 3410 ex
619 3345 739 3412 melitio
753 3344 807 3411 rel
821 3341 1026 3426 turpitudine
1041 3341 1163 3427 judieis
1178 3339 1325 3411 interioris

222 3461 462 3545 «provenerit,
476 3467 513 3526 et
534 3479 599 3526 nen
613 3459 755 3539 aliunde.
773 3468 852 3544 puta
866 3481 907 3526 ex
921 3479 1036 3528 errore
1050 3461 1172 3547 aliquo.
1191 3458 1324 3542 Quium

221 3601 238 3638 n
252 3580 285 3652 in
300 3579 359 3644 tuli
375 3598 451 3644 enen
470 3579 616 3665 iniquum
637 3577 742 3656 toret,
765 3584 803 3647 ut
817 3577 906 3646 idem
925 3579 994 3662 ipse
1011 3596 1077 3644 sune
1093 3578 1267 3664 iniquitatis
1278 3581 1324 3638 aut

219 3692 465 3778 «turpitudinis
499 3694 645 3778 coguitor
673 3694 849 3777 existeret;
876 3700 911 3760 et
934 3694 1044 3760 forsan
1073 3692 1158 3761 hano
1181 3692 1322 3763 malitiose

216 3835 236 3868 u
250 3809 445 3876 oooultandn
464 3810 602 3878 ulterius
621 3829 714 3876 reum
735 3819 888 3894 graveret
905 3832 913 3876 :
930 3829 1004 3879 nem
1023 3810 1220 3896 ceteroquin
1233 3807 1319 3879 etum

220 3950 237 3986 n
250 3932 404 4011 perotus
428 3945 494 3992 non
518 3925 620 3993 dehet
644 3927 768 3994 remitti
793 3925 836 3992 ud
859 3925 1004 4011 judicem
1028 3933 1222 4008 guarentem
1248 3923 1319 4009 (lege

217 4065 237 4104 e
250 4046 311 4106 llus
320 4049 384 4124 qui,
399 4061 429 4107 o.
439 4045 480 4106 de
494 4040 664 4128 oppetere

219 4231 221 4236 ,
261 4161 333 4226 iem
347 4178 428 4225 vero
442 4157 608 4225 hodiernis
620 4159 823 4244 temporibus
838 4161 968 4228 omnine
979 4157 1167 4244 generalem
1181 4155 1316 4228 orauere·

217 4283 316 4362 etque
335 4276 368 4342 in
378 4275 525 4360 regulam
549 4275 699 4342 renense
717 4275 989 4352 eonsuetudinem
1010 4275 1110 4353 illem,
1124 4271 1216 4342 utad
1226 4273 1317 4338 solun

214 4391 437 4480 appellationis
448 4390 590 4477 judicem
606 4411 701 4462 eausa
717 4393 874 4462 nolueris
885 4393 1054 4462 sententie
1069 4389 1248 4466 deferetur.
1265 4404 1316 4454 11⁰³
