2848 5118
239 319 303 386 22⁴
584 336 772 384 mestuus
794 337 838 382 nn
860 335 1008 384 ruurcrrs.

244 491 258 507 ·»
283 463 319 526 o.
342 458 403 526 Die
426 456 567 542 argued
588 459 785 526 sententiam
807 457 1008 525 definitivam
1030 456 1203 540 assignato,
1224 453 1343 520 auditur

242 577 347 662 primo
363 574 541 641 advocatus
555 575 630 652 Rei,
650 575 704 640 uel
718 575 787 659 ipse
800 576 903 653 Reus,
921 575 947 639 si
966 594 1038 640 sese
1054 575 1161 657 ipsum
1176 570 1343 638 defendere

241 693 339 775 relit;
355 699 390 760 et
404 701 482 758 tuna
497 692 538 763 iit
551 691 698 758 defensio
711 692 766 758 ille
779 692 935 758 strictiori
947 690 1090 777 quodam
1105 709 1202 756 sensu
1216 696 1341 772 sumpta,

238 806 282 874 de
306 826 370 892 qua
394 806 532 872 dicimus
558 807 593 872 in
617 806 806 872 formulario
834 805 1048 892 (collectione
1074 808 1114 902 ²!
1143 803 1250 887 capite
1274 801 1341 888 tt).

238 922 357 992 Postea
370 920 504 990 auditur
520 920 698 988 advocatus
721 921 803 1000 fisci,
818 923 872 987 vel
888 922 1029 1006 ipsemet
1054 928 1223 1005 promotor
1242 919 1344 986 fiscale

240 1038 306 1125 (rel
327 1036 503 1104 advocatus
525 1038 741 1116 accusatoris,
764 1039 790 1102 si
812 1056 874 1122 per
896 1037 981 1103 viam
1003 1036 1220 1102 accusationis
1243 1054 1343 1120 proce·

238 1151 348 1236 datur)
369 1175 376 1218 :
395 1160 464 1218 turn
483 1152 642 1218 advocato
656 1154 716 1220 liei
731 1151 922 1219 conceditur
938 1153 1126 1236 replicati03
1146 1158 1181 1218 et
1195 1149 1343 1217 advocato

238 1269 307 1338 fisci
329 1269 499 1354 replicatio
522 1268 565 1335 ad
589 1269 853 1352 replicationem3
877 1271 979 1334 etsie
1005 1267 1162 1353 deinceps
1187 1264 1344 1352 usquead

237 1403 409 1452 numerum
423 1384 669 1467 replicationum
685 1404 744 1468 per
758 1385 879 1470 stylum
896 1385 993 1449 curiae
1010 1384 1275 1450 determinatum.
1290 1383 1344 1464 Qui

237 1517 395 1566 uumerus
408 1498 483 1564 talis
497 1517 566 1564 esse
583 1499 694 1578 debet,
711 1505 749 1564 ut
762 1500 875 1566 ultimo
893 1499 966 1566 loco
983 1518 1112 1584 semper
1130 1498 1281 1565 audiatur
1294 1496 1343 1564 de

237 1614 436 1694 tensorllei.

282 1729 433 1814 Denique
443 1747 598 1812 perorare
614 1727 838 1796 desinentibus
848 1728 1026 1807 advocatis,
1039 1727 1144 1814 judex
1156 1727 1343 1794 definitivam

237 1814 431 1912 sententiam
450 1845 651 1927 pronuntiat.

695 2127 829 2194 CAPUT
851 2129 890 2191 x.

502 2398 546 2444 DE
567 2395 754 2461 sestertius
777 2393 1080 2442 INTERLOCUTORIIS.

279 2659 361 2730 Cum
390 2662 551 2748 ejusmodi
585 2663 752 2728 sententie
781 2662 980 2728 intervenire
1014 2665 1137 2747 possint
1163 2685 1225 2750 per
1247 2672 1340 2730 toturn

232 2798 405 2864 processus
419 2787 580 2855 tractum,
597 2777 639 2842 ub
653 2775 788 2843 exordio
806 2779 928 2844 scilicet
945 2779 1011 2844 litis
1025 2781 1225 2864 usquedum
1240 2777 1342 2848 deici-

233 2898 301 2962 tire
319 2897 561 2980 pmnuntietur,
579 2915 643 2961 non
658 2902 731 2960 erat
744 2913 803 2960 cur
818 2915 884 2960 uno
899 2896 1009 2978 potius
1025 2916 1125 2981 quem
1141 2899 1206 2963 alio
1223 2899 1292 2966 loco
1304 2894 1339 2961 de

234 3011 273 3076 iis
296 3010 456 3077 disserere
480 3011 697 3093 deberemus;
722 3017 757 3076 et
775 3009 850 3077 ideo
869 3013 1034 3078 notionem
1060 3013 1148 3078 illem
1172 3012 1235 3080 huc
1254 3011 1339 3079 remi-

235 3128 350 3194 simus.
1285 3211 1288 3218 ,

281 3243 820 3310 i.1nterlocutoriasententiailla
835 3251 895 3321 est,
912 3263 975 3329 qua
988 3243 1102 3330 judex,
1119 3265 1185 3312 non
1200 3246 1243 3312 de
1257 3263 1338 3312 cause
1414 3321 1415 3328 χ

233 3361 302 3442 ipse
317 3359 498 3442 principali,
517 3357 577 3424 sed
594 3357 765 3424 dumtaxat
780 3357 823 3424 de
842 3377 939 3424 causa
962 3359 1070 3445 alique
1091 3360 1258 3428 incidente
1275 3377 1338 3446 pro
1414 3343 1415 3356 ¹

234 3475 372 3539 nuntiat.
394 3476 435 3540 iit
453 3459 576 3540 dicitur
589 3474 828 3552 interlocutoria,
844 3474 919 3558 quia
936 3495 1006 3540 cern
1022 3474 1127 3561 judex
1146 3481 1278 3561 loquitur
1290 3493 1337 3542 sen

234 3590 423 3673 pronuntiat
449 3595 529 3654 tuter
553 3588 619 3654 litis
644 3589 841 3674 principium
865 3596 899 3655 et
917 3591 1114 3658 sententiam
1135 3592 1333 3660 definitivum.
1413 3625 1414 3706 p

235 3704 330 3772 Unde
348 3703 507 3790 quidquid
522 3703 626 3789 judex
643 3713 719 3772 ante
738 3703 937 3772 definitivam
957 3710 1153 3776 sententiam
1172 3711 1258 3776 circa
1274 3726 1336 3774 cau·
1413 3713 1414 3726 ¹

235 3840 303 3886 sam
318 3820 479 3898 decemit‚
497 3821 656 3886 sententia
670 3821 916 3888 interlocutoria
932 3822 1067 3890 dicitur.

279 3940 311 4002 i.
329 3939 386 4004 Est
408 3942 518 4002 autem
542 3935 787 4004 interlocutoria
809 3939 987 4018 sententia,
1005 3941 1057 4006 vel
1075 3947 1207 4025 strnplea
1220 3943 1268 4010 rel
1284 3945 1335 4004 unt
1411 3959 1413 4020 ς

233 4053 399 4131 definitive
414 4054 534 4116 lolem.
549 4051 689 4134 Simplex
704 4058 765 4129 est,
783 4053 877 4118 verbi
890 4056 1004 4137 gretia,
1017 4057 1150 4140 quando
1162 4057 1262 4144 judex
1274 4073 1335 4124 con·
1412 4023 1413 4080 ἶ

235 4166 324 4234 cedit
336 4166 535 4244 dilationem,
550 4167 604 4232 rel
619 4174 729 4250 partes
742 4175 834 4235 certo
848 4168 903 4234 die
915 4169 1029 4237 adesse
1044 4170 1208 4254 decernit,
1222 4174 1271 4240 rel
1283 4170 1333 4238 aliu

234 4279 394 4366 ejusmodi
409 4281 589 4364 interponit
602 4279 748 4359 decreta,
762 4302 834 4367 quse
849 4303 910 4367 per
920 4303 955 4350 se
971 4305 1036 4351 non
1051 4294 1128 4353 sunt
1143 4307 1245 4356 cause
1260 4285 1334 4371 prin·
1411 4303 1412 4316 ¹

234 4397 344 4481 cipalis
358 4395 515 4464 decisivo.
529 4393 636 4460 Habet
650 4394 823 4463 definitivae
839 4399 919 4478 rim,
934 4401 1030 4468 verbi
1044 4405 1166 4486 gratia,
1183 4423 1245 4489 qua
1258 4401 1334 4486 jure·
