2848 5118
512 353 591 404 nans
613 352 771 405 secunus.
1130 341 1191 406 228

94 468 162 544 basis
175 487 210 545 et
224 488 353 559 norma,
375 477 464 547 unde
484 488 518 546 et
536 478 663 546 articul
682 479 799 564 quibus
816 486 943 546 conant
959 483 1121 562 defensata·
1136 494 1193 547 to·

96 593 281 661 carisolent.
1040 615 1043 620 ·

129 713 156 778 3.
173 710 343 793 Quomodo
367 711 520 777 fabricari
538 718 572 779 et
590 714 780 795 praesentari
803 709 947 778 debeant
968 710 1128 796 ejusmodi
1140 729 1192 777 er·

93 827 182 906 tieali,
202 827 301 893 habes
316 829 350 894 in
366 827 554 893 formulario
572 828 774 914 (collectione
792 829 823 904 2,
841 827 950 909 capite
965 825 1033 910 38).

127 943 156 1008 i.
180 934 364 1011 Constituto
382 963 461 1028 ergo
485 944 556 1023 die,
583 925 677 1011 rcum
704 949 815 1008 monet
840 941 941 1028 judex
967 951 1005 1010 ut
1030 941 1192 1026 proauum

92 1064 179 1124 testes
192 1059 294 1125 aliave
311 1059 517 1138 documenta,
533 1060 650 1145 quibus
665 1059 818 1124 articulos
833 1057 1035 1125 deiensorios
1050 1058 1191 1143 probare

90 1173 226 1241 intendit.
247 1177 337 1241 Tunc
356 1195 433 1242 reus
447 1177 592 1242 nominat
609 1181 710 1240 testes
728 1191 828 1257 super
840 1174 898 1240 tali
911 1176 966 1240 vel
978 1175 1099 1241 talibus
1112 1175 1192 1242 arti·

91 1292 159 1357 culis
172 1292 398 1358 examinandos
411 1293 454 1379 (hi
467 1311 548 1359 reru
563 1293 624 1356 nisi
636 1299 771 1374 sponte,
786 1297 920 1374 rogante
935 1311 1004 1368 reo,
1019 1293 1189 1369 venirent,

90 1411 271 1474 auctoritate
284 1409 403 1494 judicis
417 1417 492 1474 sunt
507 1407 652 1493 citandi).
667 1409 814 1491 Singulos
826 1427 904 1491 ergo
915 1407 959 1472 ad
971 1407 1192 1475 defensionem
1316 1495 1318 1500 Ι

90 1522 253 1606 productos
268 1531 389 1602 testes,
410 1524 520 1589 delato
543 1525 632 1607 prius
651 1522 853 1608 juramento,
873 1522 976 1608 judex
993 1539 1083 1589 more
1099 1524 1193 1590 solito

90 1641 252 1718 eluminat,
272 1659 452 1725 eorumque
471 1639 706 1724 depositionem
725 1640 853 1721 recipit.
873 1640 913 1704 Et
928 1640 1051 1722 pariter
1064 1639 1103 1704 lit
1118 1655 1193 1723 pre

89 1749 250 1821 ductorum
266 1774 325 1840 pro
341 1763 436 1839 parte
451 1755 510 1820 Rei
525 1755 817 1822 instrumentorum
832 1769 981 1824 examen.

126 1873 155 1935 5.
172 1871 258 1936 Sicut
273 1871 381 1955 potuit
395 1889 471 1935 reus
487 1878 600 1936 contra
615 1875 717 1936 testes
730 1868 790 1934 sibi
804 1869 970 1953 oppositos
984 1871 1193 1953 exceptiones

90 2003 279 2070 proponere,
297 1988 343 2053 ita
364 1994 473 2070 potest
491 1993 658 2069 promotor
675 1985 794 2051 fiscalis
819 1985 885 2073 (vel
906 1984 1084 2065 accusator,
1101 1986 1128 2051 si
1142 1988 1193 2053 via
1231 2075 1236 2082 ἱ

90 2103 288 2168 accusationis
314 2099 529 2187 procedatur)
554 2108 668 2168 contra
693 2107 796 2167 testes
822 2099 865 2166 ad
889 2099 1111 2167 defensionem
1133 2102 1192 2170 Rei

90 2218 254 2301 productos
275 2221 440 2304 excipere,
465 2238 526 2285 nec
548 2237 612 2283 non
630 2224 863 2298 interroputaria
885 2215 989 2302 judici
1010 2220 1189 2302 porrigere,

90 2333 220 2414 petendo
235 2341 273 2400 ut
288 2333 467 2400 secundum
484 2353 522 2400 eu
538 2333 618 2399 dicti
633 2340 735 2398 testes
749 2333 1005 2416 interrogentur.

127 2451 157 2514 6.
174 2449 276 2516 Filiito
293 2451 426 2515 testium
444 2457 478 2515 et
495 2451 784 2515 instrumentorum
804 2468 864 2532 pro
883 2454 977 2532 parte
995 2448 1055 2513 liei
1071 2448 1193 2533 produ·

92 2571 205 2630 clarum
223 2567 383 2643 examine,
405 2584 532 2630 necnon
552 2565 676 2649 pariter
694 2564 884 2629 examinatis
901 2565 939 2628 iis
956 2564 1105 2630 omnibus
1122 2584 1194 2650 qus

91 2695 127 2745 er
137 2689 271 2767 utruque
286 2689 380 2765 parts
396 2701 456 2765 pro
469 2682 600 2765 repulsu
614 2682 745 2747 testium
761 2679 984 2759 adducuntur,
999 2675 1072 2746 lieri
1084 2687 1194 2766 potest

91 2813 247 2880 processus
270 2797 431 2864 delensivi
453 2797 640 2882 publicatio,
665 2816 707 2863 eo
730 2797 801 2863 tere
826 2796 923 2864 modo
943 2811 1011 2882 qno
1034 2796 1120 2863 iacta
1142 2804 1193 2869 tsi

91 2912 222 2980 atenstvi
242 2937 249 2980 :
271 2913 329 2980 sed
349 2913 527 2998 publicatio
546 2912 710 2997 ejusmodi
724 2914 905 2979 necessaria
922 2930 988 2979 nnn
1007 2921 1068 2980 est.
1092 2913 1192 3001 (Vide

92 3005 307 3114 Pellcprinum,
327 3035 421 3114 parte
437 3030 469 3105 4,
487 3036 568 3093 sect.
591 3026 657 3112 tn.)
716 3051 719 3058 ⁴

131 3152 158 3210 7.
178 3148 214 3212 Iu
232 3147 336 3212 causis
363 3144 513 3210 civilibus
532 3141 568 3210 lit
586 3147 733 3208 conclusio
751 3151 784 3208 tn
801 3165 891 3208 causa
909 3166 920 3208 .·
939 3165 1006 3210 uon
1032 3153 1142 3212 autem
1159 3147 1192 3212 in

93 3259 312 3344 criminalibns;
331 3261 407 3344 quia
425 3261 458 3324 iu
476 3259 525 3325 lais
543 3266 618 3325 ante
637 3259 796 3342 prolatant
814 3262 1023 3337 sententiam,
1045 3270 1192 3328 remanet

94 3391 209 3461 semper
220 3397 279 3444 reo
290 3390 391 3442 noras
406 3375 614 3441 defensiones
627 3373 832 3459 producendi
844 3376 994 3444 facultas.
1007 3377 1086 3458 Quae
1101 3397 1192 3444 nure

94 3487 284 3560 defensiones
294 3494 422 3578 quoties
434 3493 673 3578 producuntur,
688 3493 797 3558 locum
811 3468 988 3560 dnnt'nuro
1002 3495 1168 3578 processui
1185 3517 1192 3560 :

88 3610 304 3676 examinantur
317 3627 436 3694 nempe
448 3617 551 3675 testes
565 3609 696 3674 noviter
720 3607 891 3692 producti,
911 3609 965 3676 rel
994 3609 1194 3678 novadoou·

95 3731 206 3809 nentu;
222 3740 362 3809 suasque
379 3726 587 3808 exceptiones
600 3725 753 3808 proponit
777 3723 891 3808 liscum
908 3725 1009 3791 cui'et
1024 3741 1086 3810 pno
1101 3727 1194 3811 parte

95 3833 145 3901 lici
158 3837 236 3905 liunt
252 3840 491 3923 responsiones.

131 3955 159 4020 8.
173 3955 309 4037 ¹(luendo
323 3973 399 4021 reus
415 3955 492 4021 uiiril
508 3971 629 4021 novum
645 3953 801 4021 habetati
814 3957 866 4021 sai
881 3955 1105 4025 defensionem
1117 3969 1196 4043 'pro-

95 4064 444 4151 dmentua1,citaatur
469 4079 580 4157 partes
603 4071 645 4137 ad
669 4073 863 4139 sententiam
890 4071 1108 4160 dednitiaum3
1131 4094 1197 4162 qno

97 4183 237 4254 citationis
250 4189 492 4255 decretosimul
503 4194 678 4254 monentur
690 4187 874 4254 ut'neaiant
884 4205 959 4254 curn
973 4191 1039 4255 suis
1053 4193 1197 4275 paeonis

85 4309 142 4367 scu
156 4303 326 4386 advocatis,
343 4305 400 4390 qui
413 4306 530 4372 merita
545 4315 661 4383 cause,
678 4309 756 4370 ante
769 4303 1192 4388 ‘ammonernmhatiunem

94 4413 279 4496 diremtum.x
