2838 5114
464 346 544 394 raas
567 345 727 393 secunus.
1096 335 1160 398 369

66 489 79 550 a
92 466 148 532 bus
157 475 190 533 et
198 467 405 536 concionibus
420 465 463 534 ad
476 467 576 535 iidem
592 468 782 534 catholicam
796 467 989 535 reducendi.
1008 471 1158 555 Insuper,

37 637 39 642 ,
65 584 152 666 «ipse
181 585 218 650 B.
243 586 342 649 Pater
366 585 552 651 Dominicus
576 585 733 651 adversus
759 586 944 652 haeretieam
965 583 1172 682 pravitatem,

65 701 253 784 «inquisitor
270 703 466 784 apostoliens
484 701 683 785 designatur,
699 709 755 780 ut,
775 723 839 768 non
854 703 959 768 solum
974 705 1036 787 piis
1048 706 1162 772 exhor·

64 817 280 894 «titionibus,
309 817 369 882 sed
394 817 575 901 Apostoliea
602 820 700 884 etiam
728 819 921 885 auctoritate
952 821 994 886 ad
1021 822 1161 890 haereses

64 953 77 992 1
91 931 232 998 funditus
245 932 454 1016 extirpandas
469 933 684 1016 procederet,
699 955 741 1000 ne
755 953 844 1000 arma
859 943 972 1003 eontra
991 938 1162 1006 haeretieos

63 1050 263 1114 «necessaria
278 1049 558 1116 desiderarentur.
579 1051 836 1133 Apostolicorum
852 1053 1037 1140 litterarum
1055 1076 1162 1122 exem·

62 1187 75 1223 1
90 1165 156 1246 plar
169 1165 316 1231 nonnulli
338 1172 489 1231 auctores
507 1185 541 1230 se
565 1166 684 1230 vidisse
702 1173 881 1245 testantur,
903 1178 941 1234 ut
966 1170 1071 1236 refert
1085 1174 1163 1238 Fer-

62 1279 245 1346 ndinandus
264 1279 392 1347 castilio
419 1281 516 1368 (libro
546 1286 575 1360 l,
601 1287 745 1346 Historiae
767 1288 884 1348 ordinis
904 1290 1158 1369 Proedieaiorum,

63 1417 114 1461 ro.
131 1396 194 1483 17).
206 1401 255 1466 Ex
270 1398 318 1464 his
330 1409 466 1483 apparet
477 1406 624 1466 sanetum
638 1402 840 1467 Dominicam
850 1421 940 1469 anno·
955 1407 1049 1484 1216,
1064 1406 1162 1474 fuisse

61 1537 74 1574 11
88 1514 307 1600 inquisitorem
321 1525 478 1583 creatum.
498 1539 514 1577 a

98 1655 112 1694 1
128 1633 194 1700 Hoc
207 1633 310 1717 igitur
322 1632 461 1699 officium
474 1632 630 1716 delegata
641 1635 855 1724 inquisitionis
870 1639 994 1720 primus
1002 1643 1163 1723 generalis

61 1750 255 1834 «inquisitor
271 1748 454 1834 Apostoliea
472 1751 668 1815 auctoritate
680 1751 829 1816 exercuit
842 1753 962 1818 Beatus
975 1755 1075 1821 Pater
1098 1758 1162 1822 Do-

60 1865 238 1943 «minious,
258 1864 380 1930 ordinis
399 1864 656 1929 Praedieatorum
673 1863 875 1948 dignissimus
894 1870 1100 1937 institutor...
1113 1873 1162 1938 Ab

60 1983 271 2048 alnnooentio
287 1983 334 2046 111
352 1981 522 2066 inquisitor
539 1981 699 2065 generalis
719 1990 769 2046 est
787 1982 972 2063 institutus,
994 1996 1032 2052 ut
1055 1992 1160 2073 capite

60 2119 73 2159 1
85 2097 281 2181 praeoedenti
308 2097 461 2176 diximuS,
486 2098 597 2182 illique
624 2097 685 2161 hoo
712 2099 948 2166 sanctissimum
978 2105 1163 2189 inquirendi

59 2234 197 2282 «munus
208 2216 314 2298 primo
326 2217 471 2280 omnium
492 2221 542 2278 est
555 2212 736 2296 delegatus.
757 2215 855 2296 Quod
873 2237 938 2282 non
957 2220 1061 2286 solum
1087 2241 1163 2288 con-

59 2353 73 2392 «
87 2337 145 2396 stat
170 2353 214 2398 ex
230 2351 271 2398 eo
290 2330 379 2416 quod
401 2350 475 2395 eum
503 2330 572 2394 aliis
592 2331 785 2396 auctoribus
807 2332 964 2399 affirmant
988 2337 1158 2417 Camillus,

59 2469 72 2509 1
88 2449 277 2534 Campegius
296 2454 330 2512 et
348 2448 537 2512 Franciseus
562 2446 604 2512 de
627 2447 758 2530 Pegno,
785 2447 958 2515 sedetiam
984 2454 1162 2520 manifestis

59 2565 212 2632 «indiciis
223 2571 258 2631 et
273 2563 454 2630 efficacibus
470 2562 649 2628 rationibus
666 2563 909 2644 comprobatur.
931 2591 946 2628 »

93 2683 137 2747 lta
155 2681 289 2768 quidem
304 2679 457 2746 laudatus
475 2686 598 2754 auctor,
613 2679 665 2742 cui
683 2679 743 2743 hae
759 2680 792 2743 in
807 2701 843 2748 re
864 2692 1041 2750 consonant
1053 2706 1163 2771 qnam-

56 2798 188 2879 plurimi.
223 2799 303 2863 Grisi
326 2806 436 2862 tamen
460 2779 612 2860 nonnulla
639 2794 709 2878 ejus
736 2807 858 2864 asserta
888 2801 1046 2886 indigent.
1080 2807 1160 2872 Nam

61 2915 97 2991 1⁰,
112 2913 200 2998 quod
224 2922 354 2978 sanetus
380 2911 566 2976 Dominieus
584 2909 684 2974 fuerit
698 2919 818 2992 primus
833 2916 1021 3000 inquisitor,
1040 2933 1161 3006 negant
1223 2973 1224 2976 1

55 3031 267 3098 Cisteroiensis
296 3027 419 3094 ordinis
446 3027 642 3111 scriptores,
665 3031 720 3112 qui
747 3029 868 3098 hancce
894 3034 1028 3118 gloriam
1058 3043 1161 3106 Beato

55 3148 143 3215 Petro
162 3149 205 3214 de
223 3142 462 3220 Castro-Novo,
486 3140 635 3226 ejusdem
649 3142 791 3224 ordinis,
819 3150 994 3217 vindicant.
1012 3157 1046 3218 2⁰
1064 3157 1161 3237 Quod

57 3272 177 3330 sanetus
199 3261 388 3328 Dominiens
407 3277 472 3323 non
497 3264 625 3322 tantum
639 3279 703 3324 non
722 3258 823 3326 inerit
839 3270 974 3346 primos,
999 3268 1057 3333 sed
1072 3271 1160 3355 quod

55 3382 230 3448 nullatenus
246 3351 347 3445 fuerit
367 3376 554 3461 inquisitor,
585 3395 644 3440 neo
669 3373 777 3461 quoad
803 3391 938 3450 nomen,
973 3395 1034 3440 ueo
1061 3379 1158 3444 etiam

55 3498 152 3580 quoad
173 3517 264 3575 rem,
287 3496 448 3562 sustinent
470 3493 566 3575 pauci
581 3493 714 3577 quidam
742 3511 816 3558 cum
836 3491 994 3558 Eehardo.
1017 3495 1088 3560 Non
1109 3505 1159 3563 est

54 3633 105 3679 eur
123 3613 331 3682 enucleanda
352 3608 537 3696 hujusmodi
558 3609 725 3693 quaestioni
747 3608 804 3673 diu
826 3609 1056 3687 immoremur,
1085 3631 1158 3677 eum

54 3733 160 3798 eximie
176 3740 210 3799 et
224 3730 355 3797 erudite
371 3728 405 3793 id
420 3731 630 3812 praestiterint
645 3727 851 3794 Bollandistae
868 3729 954 3814 (Aeta
969 3739 1152 3813 suariorum,

55 3845 100 3912 die
115 3851 133 3914 4
146 3848 286 3933 augusti,
304 3851 341 3910 de
360 3852 468 3912 Sancto
491 3851 665 3923 Dominieo,
697 3851 713 3923 ,i
737 3848 776 3910 16
800 3852 833 3909 et
851 3843 917 3928 17);
945 3865 1084 3929 quorum
1100 3848 1158 3916 do-

54 3964 180 4030 ctrinam
197 3983 257 4048 per
275 3981 400 4028 summa
418 3964 522 4046 capita
532 3963 584 4026 hie
599 3967 767 4027 annotasse
783 3969 833 4026 sat
845 3961 920 4026 erit.

94 4085 125 4144 1ο
139 4083 184 4146 Ex
196 4080 324 4146 duabus
341 4079 490 4146 formulis
504 4097 574 4163 quie
590 4078 698 4144 adhue
716 4087 910 4160 supersunt,
927 4086 960 4143 et
974 4099 1053 4164 quas
1070 4085 1158 4150 refe-

56 4201 135 4270 mnt,
152 4195 351 4260 concludunt
362 4196 568 4261 Bollandisra
583 4205 731 4261 sanetum
747 4197 952 4262 Dominicum
968 4199 1083 4282 sapius
1093 4201 1159 4268 hae-

55 4310 155 4376 retiois
170 4311 213 4377 ad
231 4312 407 4378 Ecclesiam
422 4310 568 4376 reductis
575 4315 708 4393 juridice
724 4313 948 4395 poenitentiam
967 4313 1153 4398 injunxisse,

188 4429 219 4486 ll.
980 4491 981 4496 ἵ
1018 4429 1053 4485 24
