2848 5118
490 376 570 428 PARS
591 375 749 428 arama.
1106 364 1169 432 233

103 509 252 590 Quarto
267 491 331 573 ΙΨ.
352 539 397 556 -
411 507 459 572 Aa
474 508 517 570 ud
531 507 664 570 vaureu
682 511 837 572 saeuae
856 509 1029 590 requiratur
1046 514 1082 572 ut
1098 526 1173 590 pro·

64 631 120 708 prio
134 625 306 706 seruaret-s
313 620 842 706 prmuutieturi-Respoudetur
860 621 1068 705 affirmative
1083 620 1173 710 qnod
1195 682 1198 690 .

65 738 228 824 pmbatum
243 736 319 804 vide
334 735 423 821 apud
434 735 604 802 laudatum
620 742 801 814 auctorem,
817 737 918 804 citato
931 737 1014 814 ioco,
1032 757 1067 804 n.
1090 741 1145 804 55.

101 855 250 936 Qumto
267 855 332 919 13¹.
345 887 392 902 -
407 857 473 932 Quae
488 854 550 914 loeo
562 857 711 918 aramue
728 854 805 932 serra·
817 853 943 916 Meet?
959 852 1173 933 -Quemvis

65 990 99 1036 ex
110 969 182 1055 jure
197 969 398 1035 Jusnnianeo
413 973 568 1032 teneatur
583 965 780 1048 regulariter
792 964 896 1050 judex
909 965 1102 1046 ordinarius,
1117 969 1173 1054 qui

64 1093 181 1152 certum
193 1083 340 1150 tribunal
350 1082 459 1159 habet,
473 1083 506 1146 in
521 1099 561 1148 eo
572 1057 661 1148 ferre
674 1082 879 1158 sententiam,
898 1086 932 1147 et
947 1082 1026 1148 elias
1039 1089 1171 1149 senten·

62 1201 100 1267 tia
114 1219 177 1266 non
191 1199 317 1283 valeat3
336 1205 463 1266 certum
474 1206 526 1266 est
536 1217 579 1264 ex
591 1199 666 1284 jure
681 1195 836 1264 canonico
848 1214 942 1280 posse
961 1196 1185 1281 Episcopum,-

62 1314 98 1382 de
111 1316 212 1382 causis
230 1314 273 1382 ad
290 1313 398 1380 forum
411 1330 507 1381 suum
521 1313 771 1398 pertinentibus,
794 1331 856 1395 per
871 1332 906 1378 sa
923 1313 978 1378 vel
995 1331 1054 1398 per
1073 1313 1171 1378 alium

62 1431 228 1496 sententies
245 1428 334 1495 ferre
356 1429 390 1498 in
415 1428 563 1514 quolibet
577 1428 650 1494 loeo
667 1446 732 1493 non
747 1433 900 1510 exempto
918 1425 1066 1492 diaecesis
1090 1443 1167 1492 suae.

62 1545 186 1612 Constat
198 1565 240 1610 ex
257 1546 364 1628 capite
378 1549 453 1612 Cum
468 1548 631 1627 Episcopus
642 1544 687 1630 (7,
706 1543 847 1642 de0ffi0·
868 1545 950 1619 ord..
969 1543 1004 1606 in
1021 1538 1068 1625 6).

97 1661 247 1741 Qumsmo
263 1661 456 1740 iit-Quo
468 1664 752 1742 torporescuteutio
763 1659 840 1738 serra·
850 1660 976 1722 &beati
987 1689 1032 1706 ·-
1043 1657 1071 1722 1.
1081 1657 1173 1724 aaut

60 1773 154 1841 debet
176 1783 351 1860 numquam
376 1775 528 1838 mantia
557 1773 600 1838 sit
620 1779 804 1858 perempta.
834 1772 1012 1839 PerImitur
1036 1778 1170 1849 autem,

59 1890 144 1976 juxta
157 1893 393 1960 Justiuianeum
406 1890 470 1975 jus,
485 1890 626 1958 tmennio
639 1889 672 1954 in
688 1889 791 1956 causis
810 1887 970 1965 civilibus,
988 1893 1023 1954 et
1038 1888 1168 1956 biennio

61 2007 331 2074 incriminniibns.
349 2005 445 2088 Quod
461 2005 696 2073 iustiniaucum
709 2005 772 2090 jus,
790 2011 905 2091 utpote
928 2005 1083 2072 canonico
1106 2023 1170 2072 non

62 2125 263 2200 eontrarium,
281 2124 315 2188 in
328 2121 401 2189 soro
419 2122 517 2188 enam
532 2122 752 2186 ecclesiastico
764 2122 874 2205 vigere
887 2117 1087 2186 censendum
1105 2127 1167 2200 est,

61 2238 114 2304 nisi
131 2238 249 2305 alicubi
260 2236 356 2304 aliter
368 2255 410 2302 ex
428 2235 663 2303 cousuetudine
676 2235 900 2302 introductum
915 2235 967 2304 sit.

99 2354 140 2418 11.
151 2353 245 2420 Ferri
258 2350 359 2418 debet
377 2350 431 2418 die
447 2358 482 2418 et
499 2351 579 2416 hora
595 2351 631 2416 in
651 2351 804 2417 citatione
826 2351 1012 2435 assignetis3
1029 2351 1172 2436 suoque

61 2487 119 2534 non
135 2467 234 2534 valet.
254 2468 292 2532 In
311 2473 539 2532 contumacem
556 2473 667 2532 tamen
691 2473 800 2551 potest
823 2464 928 2553 judex
950 2455 1080 2552 quando
1100 2467 1173 2534 uult

61 2589 127 2666 post
153 2583 332 2648 terminum
357 2583 550 2650 sententiam
573 2583 796 2667 pronuntiare.
824 2580 919 2668 (viae
944 2580 979 2646 id
998 2580 1171 2664 probatum

61 2697 142 2780 apud
156 2698 457 2782 Schmalzgruebcr‚
479 2698 576 2764 intit.
595 2701 650 2776 27,
665 2699 691 2764 l.
711 2701 724 2763 l
746 2695 888 2776 decret,
904 2717 937 2762 u.
955 2693 1024 2780 58.)

99 2815 155 2880 111.
174 2812 326 2881 Ferenda
340 2818 392 2878 est
404 2811 457 2878 die
471 2833 538 2879 non
552 2813 681 2892 feriato,
701 2820 735 2880 et
747 2811 904 2890 interdiu,
922 2831 988 2880 nou
1003 2817 1114 2878 autem
1128 2809 1170 2878 de

61 2937 160 2995 nocie.
180 2928 275 3016 (Vide
293 2929 479 3014 probatum,
494 2929 589 3007 ibid„
607 2951 641 2996 n.
656 2928 725 3014 59.)

100 3044 249 3126 Quasmo
268 3047 334 3111 15⁸.
352 3081 396 3096 -
411 3047 460 3110 Aa
474 3051 622 3110 amentio
633 3047 738 3112 aanor
757 3065 872 3128 emper
891 3051 1041 3110 eoaiiuere
1053 3048 1174 3112 absolu·

64 3165 164 3226 tiorum
186 3165 235 3225 vei
259 3165 543 3240 emmunitatem,
570 3169 746 3238 etecusam
771 3181 811 3226 eor
837 3183 896 3244 erro
912 3164 1110 3245 proseratur?
1126 3197 1172 3212 -

66 3278 95 3339 1⁰
109 3277 239 3344 Cenum
265 3285 315 3344 est
340 3279 533 3344 sententiam
553 3295 683 3364 semper
707 3277 830 3346 debere
851 3286 909 3344 aut
933 3277 1171 3345 absolutionem

63 3388 128 3468 liei,
149 3401 206 3459 eut
225 3391 298 3477 ejus
318 3391 618 3459 condemnationem
637 3394 817 3460 continere.
840 3393 974 3460 Constat
996 3411 1037 3460 ex
1064 3393 1171 3476 capite
1289 3474 1291 3479 .

64 3507 121 3570 iliu
137 3507 180 3594 (3,
200 3511 239 3572 de
256 3505 388 3592 Aecus.)‚
408 3515 444 3574 et
466 3527 507 3573 ex
524 3508 598 3592 lege
613 3511 670 3574 iias
685 3512 827 3591 judicato
842 3508 887 3595 (Ι,
906 3507 939 3574 ff.
956 3511 994 3574 de
1011 3511 1053 3574 iic
1068 3504 1168 3592 Μ).

64 3621 102 3686 iit
125 3625 271 3709 seqnitur
292 3643 333 3689 ex
356 3641 396 3690 eo
413 3622 502 3708 quod
517 3623 639 3690 debent
653 3623 735 3690 ierri
754 3624 848 3710 juxta
861 3623 895 3690 id
910 3623 1000 3710 quod
1013 3624 1047 3688 in
1059 3623 1171 3692 libello

63 3737 190 3820 petitur.
205 3742 244 3806 In
256 3739 368 3806 libello
386 3745 496 3805 autem
517 3758 646 3824 semper
659 3741 783 3824 petitur
799 3748 914 3808 contre
935 3760 1029 3807 reum
1049 3737 1172 3825 aliquid

63 3855 267 3934 pronuntiari.
287 3853 380 3921 Unde
396 3855 451 3920 vei
461 3853 498 3920 id
510 3853 662 3921 concedit
673 3855 785 3940 jarden,
803 3862 839 3922 et
853 3855 1019 3922 sententia
1033 3862 1084 3922 est
1097 3873 1171 3922 con·

63 3963 269 4046 aeneatoris,
284 3969 337 4036 vei
352 3968 504 4055 denegat,
526 3979 560 4038 et
574 3978 625 4036 est
642 3971 849 4040 absolutoria.

104 4082 138 4146 2⁰
150 4085 219 4151 Non
233 4091 344 4151 tamen
355 4087 535 4171 requiritur
552 4105 706 4170 expressa
717 4087 930 4156 absolutionis
945 4088 1000 4155 vel
1016 4087 1172 4156 condem-

64 4199 192 4266 nationis
205 4203 325 4287 forma3
346 4200 406 4267 sed
425 4205 501 4269 satis
525 4211 576 4270 est
592 4204 829 4272 absolutionem
845 4205 915 4283 Rei,
932 4205 986 4271 vel
1002 4204 1074 4292 ejus
1095 4223 1171 4270 eou-

64 4308 295 4384 demnntionem
313 4319 452 4401 exprimi
466 4319 711 4404 aeqmvalenter.
729 4322 811 4387 Hinc
826 4322 854 4387 s'i
868 4319 971 4407 judex
981 4320 1170 4406 pronuntiet

64 4425 174 4494 Titium
187 4432 263 4498 nihii
277 4432 400 4501 debere
420 4434 505 4513 Gaio,
528 4433 701 4503 absolvisse
720 4445 883 4504 censetur.
