2836 5118
471 333 551 384 rsus
574 335 731 384 securos.
1086 321 1159 382 273:

66 457 103 542 sit)
120 479 160 526 aa
183 462 360 528 Galliarum
382 467 502 544 partes,
521 477 604 546 que,
625 466 699 542 post
716 457 835 526 dietam
852 475 927 524 ausu
946 458 1119 526 hanoisoo
1134 458 1152 524 1

67 579 302 656 consentionem,
324 579 490 646 Gallorum
509 575 625 644 ditioni
641 583 856 654 aooesserant,
876 583 911 642 et
928 593 1000 660 que
1017 574 1093 642 ideo
1114 577 1152 640 da

66 696 206 760 ammata
226 693 315 780 (papa
331 690 530 777 a’otedteaae)
546 691 751 759 dicebantur.

97 811 284 878 Psorosrrro
301 811 370 876 ΙΨ.
395 845 441 858 -
478 811 637 874 Sublatam
651 818 696 874 est
710 812 798 874 aPio
812 811 1041 892 Vllprsefatum
1053 811 1155 874 indul·

66 933 120 1004 tom,
129 932 173 992 ita
187 934 350 991 atvertum
365 932 406 990 sit
417 925 505 990 lodie
516 930 549 990 to
562 925 664 990 dalila
671 943 760 1007 posse
773 926 815 990 od
825 927 930 990 Sedeas
938 927 1150 1008 Apostolorum,

64 1047 148 1106 amosa
158 1045 266 1119 medio,
274 1042 564 1124 appeltam—Nam
573 1040 606 1105 in
619 1039 727 1117 bullis,
737 1039 971 1107 concordatum
983 1041 1059 1106 anni
1070 1043 1153 1108 1802

65 1156 300 1240 respicientibus,
311 1155 418 1223 dietus
430 1154 582 1222 Pontifex
596 1173 708 1221 omnes
721 1155 899 1222 Galliarum
915 1155 1072 1224 lloulesias
1083 1175 1156 1241 sup

65 1274 161 1355 pressit
183 1281 281 1358 atque
310 1273 440 1357 penitus
464 1272 611 1350 extinxit,
629 1289 703 1336 enm
727 1271 878 1339 omnibus
899 1291 1013 1338 earum
1029 1271 1157 1362 juribus

65 1389 277 1472 etprivilegiis.
297 1387 392 1454 Unde
404 1387 465 1452 hoe
482 1388 553 1471 ipso
566 1389 745 1454 exaustum
754 1386 817 1452 fuit
827 1387 1022 1471 particulare
1033 1388 1086 1474 jus
1104 1407 1158 1455 ea·

65 1503 195 1570 rumdam
208 1504 434 1582 Euelasiarnm,
454 1502 684 1588 quodcumque
697 1501 779 1569 illud
795 1502 911 1582 fuerit,
925 1510 959 1569 et
971 1512 1066 1570 antea
1078 1505 1159 1588 legi·

65 1620 126 1686 tine
136 1622 276 1704 riguerit
291 1619 400 1705 (prout
411 1619 483 1684 fuse
502 1621 535 1683 in
549 1637 624 1684 meo
636 1621 826 1684 tractaturis
842 1622 1009 1700 Principiis
1014 1625 1100 1702 juris
1113 1639 1160 1682 aa·

64 1743 147 1802 amici
163 1735 324 1822 probavi).
350 1737 436 1802 Dum
453 1743 562 1803 autem
583 1732 698 1800 iisdem
711 1731 994 1799 constitutionibus
1006 1734 1162 1818 prefatus

11 1899 12 1904 η
68 1851 203 1920 Pontifex
224 1871 327 1920 novas
344 1852 520 1919 Galliarum
535 1849 695 1916 moeeeses
718 1850 824 1916 erexit
838 1849 1021 1929 etoreuvit,
1043 1869 1162 1936 nequa-

68 1984 150 2051 quam
156 1969 327 2035 renovavit
335 1967 587 2052 dispositionem,
598 1968 631 2032 vi
638 1964 731 2051 eujus
738 1965 901 2051 nequiret,
915 1966 1031 2034 ombeo
1039 1966 1158 2044 medio,

67 2081 100 2148 ad
112 2083 222 2150 sedem
232 2083 446 2167 Apostolioam
458 2081 625 2167 appeUari.
641 2082 726 2164 Ergo
741 2081 884 2164 prisoum
898 2082 983 2149 illud
1000 2082 1163 2150 indultum

11 2247 12 2253 η
67 2201 179 2280 penitas
193 2199 397 2285 antiquatum
414 2206 449 2264 et
467 2197 631 2264 sublatum
645 2195 743 2263 bodie
760 2197 960 2264 censendum
984 2207 1045 2266 est.
1069 2201 1164 2269 Unde

67 2313 161 2380 mirari
175 2333 273 2382 nemo
289 2313 390 2380 debet
407 2311 582 2380 directose
602 2312 723 2391 Galliis,
740 2313 857 2378 omisso
871 2313 992 2395 medio,
1010 2333 1164 2382 recursus

11 2477 12 2484 κ
63 2432 95 2492 et
109 2430 339 2514 appellationes
357 2429 532 2495 altomana
543 2427 632 2493 euna
646 2428 761 2511 recipi.

11 2595 12 2601 1
102 2547 262 2612 Tenentur
282 2545 421 2631 proinde
442 2544 591 2612 hodierni
616 2545 793 2611 Galliarum
819 2547 974 2630 presules
1004 2547 1164 2633 ejusmodi

11 2713 13 2718 ,
68 2661 346 2744 appellationibus,
373 2665 472 2744 prout
490 2659 532 2726 de
554 2659 628 2745 jure
651 2659 835 2739 communi,
866 2660 1010 2729 deferre.
1038 2664 1078 2728 Et
1105 2683 1163 2730 ne-

11 2831 12 2834 ,
66 2789 119 2856 que
140 2784 265 2856 tutum,
285 2795 392 2862 neque
417 2775 603 2843 temeritate
629 2795 747 2842 raaans
772 2776 934 2856 existimo,
959 2780 1079 2865 siquis
1105 2780 1164 2846 ho-

67 2883 111 2954 die
124 2890 298 2957 dubiarum
318 2890 554 2956 aeclesiasticus
571 2887 684 2974 judex,
711 2899 785 2974 post
798 2892 942 2976 legitime
957 2893 1161 2980 interjectam

66 2998 174 3072 dietam
200 3006 460 3091 appellationem,
479 3005 512 3070 in
536 3023 632 3071 eausa
665 3006 801 3072 alterius
823 3008 1006 3090 procedere
1027 3012 1157 3094 audeat,

11 3177 12 3182 ,
66 3120 116 3186 sub
134 3130 295 3207 praetextu
312 3124 419 3190 omissi
440 3122 613 3189 tribunalia
631 3123 834 3203 intermedii,
853 3133 888 3191 et
905 3127 1061 3195 nullitatis
1083 3130 1161 3198 inde

11 3289 14 3300 ,
66 3238 300 3320 appellationem
321 3237 501 3304 afficientis.
530 3239 665 3304 Certum
688 3259 707 3304 e
735 3245 848 3306 eontra
867 3250 958 3325 puto,
986 3243 1029 3308 ab
1051 3246 1161 3330 appel·

11 3411 12 3414 ,
65 3347 152 3434 laute,
176 3357 292 3424 omisso
316 3354 436 3434 medio,
457 3353 500 3421 ad
523 3354 640 3420 Sedem
663 3355 890 3438 apostolicam,
917 3375 977 3442 pro
999 3367 1160 3430 attentato

67 3470 191 3538 etirrito
204 3473 318 3540 haberi
335 3491 430 3557 posse
450 3470 626 3557 quidquid,
647 3479 722 3556 post
745 3472 951 3558 interjectam
965 3475 1048 3542 hana
1067 3497 1158 3546 suam

68 3588 318 3668 appellationem,
343 3607 362 3654 a
385 3588 482 3654 aeriis
504 3587 730 3654 eodesiastiais
758 3590 868 3656 Gallie
887 3592 921 3656 in
944 3594 1043 3676 ipsius
1063 3613 1159 3662 eausa

68 3681 331 3778 pronuntiaretur.

539 3959 555 4034 5
572 3955 643 4020 vn.

274 4175 395 4236 Quomodo
416 4189 457 4228 sau
478 4176 618 4242 quaterna
641 4177 765 4242 appellatio
795 4177 845 4230 ssed
866 4179 959 4236 debeat.

11 4451 12 4456 η
106 4399 244 4480 Quasmo
269 4412 309 4474 1¹.
328 4443 374 4456 -
399 4411 507 4474 Utrum
522 4410 719 4491 appellativo
743 4417 891 4475 sententio
909 4413 1070 4491 definitivo
1088 4372 1163 4482 ¹aloa

199 4519 229 4576 ll.
1024 4531 1058 4588 ¹8
