2914 5122
511 361 590 409 rias
613 361 770 410 sacrani.
1140 339 1199 405 147

108 485 225 563 «abest,
242 487 361 570 parlim
380 503 508 570 poeanm
525 487 770 572 persequimur;
788 485 875 552 unde
891 485 957 550 haec
972 485 1055 551 acilo
1070 501 1202 550 nomen·

106 602 279 668 «alcimum
308 621 349 668 cx
375 601 504 688 abjecte
532 602 729 668 nanciscitur
754 623 761 668 :
785 600 907 668 dantur
934 585 1054 686 quippe
1078 607 1114 666 et·
1135 601 1202 666 aliu

107 718 269 784 «actiones
285 719 392 784 mixtu
407 737 448 785 ex
464 722 602 804 suppucia,
618 737 753 803 nempe,
771 720 879 798 ficiam
895 721 1110 802 rependerem,
1128 738 1205 782 com-

108 842 208 900 amani
225 839 404 917 dividendo,
426 839 555 918 familie
570 839 780 902 herciscundae.
801 859 818 898 a

141 950 272 1016 certam
284 960 336 1016 est
349 952 425 1018 alim
439 950 528 1036 apud
543 952 702 1018 Romanas
716 950 867 1017 debuisse
882 955 1036 1028 actorem,
1054 969 1208 1034 expressa

105 1068 227 1136 actionis
239 1070 382 1147 nominc,
398 1067 565 1136 declarare
579 1088 642 1156 qua
656 1070 781 1135 actione
798 1069 898 1135 vellet
912 1069 944 1133 in
957 1067 1079 1154 judicio
1093 1087 1207 1152 agere;

106 1203 149 1262 aa,
169 1184 263 1250 verbi
279 1185 393 1269 gralia,
411 1185 625 1270 simpliciam,
641 1184 695 1251 vel
714 1185 877 1263 Pauliana,
900 1193 964 1252 etc.
984 1183 1023 1251 Id
1041 1201 1120 1250 vere
1135 1202 1212 1271 que

109 1298 196 1368 meda
211 1299 301 1384 apud
313 1299 440 1366 dicium
456 1301 613 1386 populum
629 1300 730 1366 fuerit
749 1299 984 1379 iaerodnemm,
1010 1309 1059 1366 sat
1083 1300 1216 1366 erudite

108 1419 242 1499 reperies
259 1417 443 1504 expositum
464 1415 554 1502 apud
573 1417 735 1484 Ganzalea
753 1418 797 1505 (in
814 1435 885 1502 cup.
905 1419 937 1494 6,
955 1417 1043 1483 titani
1059 1421 1085 1497 l,
1104 1417 1217 1484 libris

110 1531 239 1614 decret..
258 1555 292 1600 n.
314 1537 333 1601 4
354 1541 390 1602 et
407 1533 503 1622 seq.).

145 1653 264 1718 Sensus
284 1671 363 1737 ergo
391 1653 564 1738 proposilae
592 1653 775 1738 quaestionis
804 1667 890 1718 nunc
917 1650 1098 1729 solvendae,
1127 1656 1177 1717 est
1207 1674 1214 1716 c
1326 1631 1329 1651 '
1431 1653 1432 1662 ’

110 1776 210 1836 uuam
229 1771 263 1835 'aas
279 1768 353 1854 juce
372 1770 527 1836 mnanieo
555 1767 677 1836 debeat
701 1769 794 1855 juxta
817 1775 1010 1835 memoratas
1034 1767 1227 1835 nomencim-⁴

110 1890 192 1950 taras
206 1886 239 1951 in
254 1885 366 1952 libello
382 1887 519 1970 exprimi
535 1905 653 1952 nomen
668 1887 826 1951 actionis?

149 1999 337 2086 Respondea
358 2002 389 2067 1⁰
407 2024 424 2064 a
441 2001 535 2087 junia
553 2002 677 2088 aliquas
695 2001 750 2068 cdi
768 2019 888 2068 namen
906 2003 1041 2068 actionis
1059 2003 1091 2066 ia
1109 2001 1220 2069 libello

114 2115 253 2184 «dehet.
270 2141 286 2180 a
303 2117 614 2205 (schmalzgrachcr,
628 2119 659 2182 in
675 2118 808 2184 titulum
824 2121 855 2197 3,
873 2117 949 2184 libri
964 2120 983 2182 2
999 2117 1139 2198 decret„
1155 2121 1171 2197 5
1189 2107 1217 2196 1',

112 2251 140 2300 n.
159 2233 204 2320 6⁴.)
224 2237 388 2320 Quasnam
410 2241 520 2301 textas
544 2234 628 2320 juris
644 2235 786 2319 allegare
806 2235 931 2302 soleant
948 2234 1044 2321 hujus
1063 2236 1221 2320 opinionis

114 2352 249 2432 paroni,
270 2351 392 2418 ibidem
411 2351 503 2418 addit
521 2352 639 2416 citatus
656 2360 781 2418 auctor.

150 2468 342 2554 Respaadee
358 2472 393 2536 2⁰
410 2491 426 2531 a
444 2469 561 2535 illelius
580 2477 719 2552 negatur
735 2485 817 2552 opus
835 2487 905 2534 csse
925 2470 958 2533 in
976 2469 1087 2536 libello
1103 2489 1220 2537 nemen

116 2586 270 2652 amnonis
285 2586 434 2670 exprimi.
453 2588 503 2653 lia
518 2585 743 2670 receptissima
757 2586 845 2670 apud
865 2586 1016 2654 docteres
1032 2595 1065 2654 el
1080 2590 1115 2653 iu
1129 2589 1219 2673 praxi

116 2704 307 2768 «emenda.
332 2703 444 2768 Clarus
461 2711 510 2768 est
524 2708 636 2768 terius
654 2701 736 2786 juris
757 2703 901 2768 canonici
926 2704 1036 2791 (caput
1056 2707 1168 2770 Dilecta·
1185 2709 1217 2784 6,

118 2822 177 2884 acic
197 2818 351 2905 iudiciis),
377 2820 434 2886 abi
448 2819 632 2886 Alexander
648 2821 694 2886 ill
714 2839 721 2884 :
741 2823 933 2886 Pmcidcutis
946 2829 1103 2904 attentius,
1121 2844 1158 2887 nc
1175 2832 1220 2888 iic

118 2939 296 3018 inutiliter,
316 2944 395 3001 sicui
409 2958 428 3000 a
443 2939 548 3000 multis
568 2937 637 3015 ficri
660 2939 745 3016 salci,
769 2941 934 3020 cujunaodi
954 2946 1032 3002 actio
1057 2947 1220 3006 intentetur

117 3059 298 3137 «inparatis
305 3078 320 3134 ;
332 3057 384 3118 scd
395 3056 572 3136 simpliciter
583 3061 613 3116 ci
625 3073 701 3136 pure
714 3057 829 3135 factam
843 3059 941 3136 ipsum
952 3064 980 3118 et
992 3063 1037 3119 rei
1047 3064 1215 3136 ueritatem,

117 3175 293 3236 «secuudum
307 3174 436 3252 sormam
450 3189 606 3247 canonum,
625 3177 654 3232 ci
668 3177 837 3233 sauciorum
855 3177 981 3252 patrum
996 3177 1149 3254 instituta,
1170 3181 1218 3238 iu

117 3295 281 3372 acestiparc
293 3293 415 3351 curctis.
432 3309 448 3348 a
463 3287 512 3350 lia
523 3285 621 3350 citata
636 3284 708 3350 ioca
723 3285 1023 3370 Schmalagrueher,
1038 3291 1094 3374 qni
1105 3298 1217 3375 pastea

114 3409 212 3470 teatin
223 3405 256 3470 ia
272 3405 470 3470 contrariam
484 3395 638 3486 allegatas
647 3385 812 3469 coniurat.

152 3520 189 3587 lit
210 3539 327 3588 revera
351 3520 480 3586 cannino
503 3518 765 3585 concludendam
794 3529 861 3599 est,
892 3541 957 3590 non
982 3525 1104 3610 requiri
1127 3521 1219 3608 apud

116 3639 208 3704 uuas
225 3621 468 3716 eeclesiasiicas,
489 3656 594 3722 aeque
611 3640 643 3702 ia
664 3637 774 3703 libello
788 3638 890 3718 ciuili,
910 3655 1017 3725 neque
1032 3642 1218 3724 praesertin

114 3750 330 3831 incrimiaali,
357 3751 455 3818 ullam
482 3754 616 3818 aetianis
641 3751 956 3840 denominationem
983 3757 1057 3841 qaia
1081 3757 1215 3843 dispesi-

115 3868 222 3936 tionem
246 3871 335 3936 illam
351 3869 542 3934 Jusliaianai
565 3869 661 3954 juris,
685 3870 799 3936 saltem
818 3871 957 3938 amulio
983 3881 1131 3958 tempore
1150 3897 1217 3944 non

117 3987 220 4052 essein
234 3988 307 4054 iare
328 3987 544 4054 ecclesiastica
568 3993 751 4071 receptam,
770 3995 882 4072 aperte
907 3989 1125 4073 demonstrat,
1143 4003 1217 4080 tum*

116 4101 206 4168 elata
215 4099 389 4170 decretalis
399 4102 575 4191 ¹illenaadri
595 4103 748 4184 111,tum
770 4106 935 4190 precipue
958 4108 1148 4177 universalis
1163 4130 1216 4180 ec‘·

116 4216 273 4286 denarum
291 4220 410 4306 praxis.
732 4203 735 4210 ’

153 4336 199 4402 Et.
211 4339 336 4404 nerim
348 4335 480 4422 apidani
501 4335 660 4422 ejusmodi
681 4337 810 4404 subtilis
825 4347 859 4406 cl
881 4333 1016 4406 difficilis
1032 4339 1217 4412 denomina-

117 4448 205 4516 lienis
227 4453 402 4518 accumims
425 4473 444 4516 a
468 4452 671 4534 simplicitate
702 4451 899 4537 judiciorum
930 4457 1220 4528 ecclesiasticarum
