2914 5122
510 371 590 418 raas
612 370 770 420 suonam.
1160 361 1204 426 89

106 502 161 560 «et
175 511 299 576 paenam
319 514 327 558 :
347 493 390 560 ad
418 493 501 560 hanc
522 501 630 562 autem
655 513 751 562 nemo
777 495 987 564 condemnari
1007 499 1109 581 possit
1136 499 1205 566 sine

105 616 363 693 «accusatore...;
382 629 459 694 ergo
486 608 599 676 adesse
629 610 709 696 quid
739 610 841 678 debet
868 613 975 680 vicem
1010 615 1206 680 accusatoris

103 726 280 808 «supplens,
302 723 507 791 denuntiatio
523 745 654 810 nempe,
676 727 731 792 vel
748 727 844 806 fama,
866 728 919 795 vel
941 729 1056 794 saltem
1077 728 1202 814 aliquid

102 841 186 907 «loco
197 840 291 906 famae
311 839 511 917 deserviens,
531 840 665 922 prefata
681 841 808 907 scilicet
823 840 1019 910 delictorum
1032 842 1165 910 indicia.
1185 873 1199 900 ι·

99 954 315 1041 (Reifferstucl,
333 956 367 1018 in
380 955 433 1020 tit.
455 956 484 1033 1,
500 954 606 1020 libri5
624 953 765 1034 decret,
784 977 817 1021 n.
839 960 896 1024 161
918 965 953 1024 et
972 955 1061 1041 162.)

133 1070 284 1152 ligavero
302 1070 432 1135 omnino
448 1069 668 1135 existimarem
684 1069 951 1155 distinguendum
967 1092 1036 1140 esse
1052 1073 1140 1140 inter
1152 1082 1203 1140 to-

96 1191 151 1248 tam
170 1184 347 1262 diaecesim,
366 1192 400 1249 et
426 1186 674 1250 communitates
700 1186 768 1250 siue
794 1195 898 1252 coetus
921 1189 1144 1270 particulares.
1171 1191 1203 1256 Si

99 1300 167 1363 velit
178 1301 337 1364 Praelatus
351 1297 569 1384 quoadtotam
584 1299 750 1365 dioecesim
763 1302 948 1384 generalem
961 1303 1201 1387 inquisitionem

93 1417 268 1496 judicialiter
281 1416 464 1492 instituere,
487 1424 638 1499 putarem
651 1435 713 1482 nec
727 1419 848 1500 praevia
863 1418 1007 1496 infamia,
1024 1438 1086 1484 nec
1104 1421 1201 1484 etiam

98 1532 161 1596 ullis
174 1530 370 1597 delictorum
385 1530 511 1596 indiciis
525 1551 607 1616 opus
625 1551 695 1597 esse
711 1554 718 1597 :
735 1551 810 1598 nam
832 1541 910 1598 tunc
926 1535 1006 1600 nulli
1020 1534 1059 1600 fit
1070 1534 1198 1621 injuria,

96 1647 200 1711 nullius
214 1647 384 1730 integritas
397 1647 430 1711 in
444 1648 659 1730 suspicionem
673 1656 829 1731 uocatur3
848 1651 923 1734 quia
940 1657 1048 1733 potest
1062 1651 1136 1716 talis
1148 1653 1197 1716 in·

96 1764 210 1846 quisitio
220 1762 406 1847 prudenter
423 1764 546 1828 institui
561 1783 602 1828 cx
617 1764 684 1830 sola
696 1762 871 1848 hypothesi
885 1763 972 1850 quod
989 1765 1074 1832 forte
1091 1767 1158 1832 sint
1168 1767 1202 1832 in

96 1877 214 1944 diecesi
224 1879 348 1964 aliquot
358 1878 601 1964 delinquentes;
615 1898 686 1964 quae
697 1879 896 1966 hypothesis,
912 1900 986 1947 cuum
998 1883 1040 1949 sit
1053 1883 1202 1950 omnibus

24 2009 27 2016 ·
96 1995 195 2060 mundi
217 1995 412 2062 dioecesibus
432 1996 609 2061 communis
628 2013 685 2060 seu
704 1995 913 2081 applicabilis,
928 1997 1009 2064 nulli
1030 1996 1200 2064 individuo

96 2109 236 2176 damnum
250 2096 362 2178 infert.
377 2113 444 2178 Nec
460 2111 642 2196 objiciatur,
658 2129 724 2175 non
739 2131 833 2196 posse
846 2130 1042 2198 quemquam
1053 2112 1199 2181 damnari

95 2227 202 2312 absque
221 2235 422 2305 accrasatorc,
441 2229 496 2294 vel
518 2228 603 2292 foma
627 2228 835 2294 accusatoris·
848 2230 937 2293 vices
961 2237 1077 2313 agente
1096 2252 1102 2294 :
1120 2249 1195 2296 nam

94 2349 191 2410 textus
202 2347 258 2430 qui
268 2344 331 2410 hoc
340 2353 498 2424 statuunt,
514 2343 716 2428 intelligendi
731 2343 859 2410 suntde
872 2343 995 2429 judicio
1012 2345 1055 2412 ad
1069 2365 1199 2431 poenam

35 2451 41 2480 '
94 2458 214 2546 alicujus
231 2461 292 2527 Rei
306 2460 530 2544 determinati3
550 2480 615 2526 non
630 2479 709 2526 vero
728 2459 770 2526 de
782 2459 906 2546 judicio
921 2461 1010 2546 quod
1024 2461 1063 2527 fit
1079 2459 1122 2526 ad
1139 2461 1197 2529 de·

93 2578 256 2660 tegendum
272 2577 471 2662 generaliter
484 2585 596 2643 utrum
610 2577 644 2644 in
654 2576 787 2644 dioecesi
801 2579 941 2644 existant
954 2577 1195 2664 delinquentes,

46 2682 50 2690 '
95 2698 124 2756 at
142 2692 179 2757 ad
196 2692 366 2760 ferendam
385 2700 496 2758 contra
511 2697 614 2758 totam
634 2693 774 2778 aliquam
791 2694 926 2760 classem
938 2692 1197 2780 delinquentium

94 2825 151 2871 non
162 2809 397 2874 nominatorum
409 2807 583 2873 salutarem
597 2826 739 2891 paenam.

132 2922 289 3004 licentra,
312 2925 339 2988 si
355 2923 448 2990 dictae
471 2923 668 3008 inquisitioni
685 2923 876 3008 subjiciatur
895 2924 1001 3010 aliqua
1020 2926 1200 2992 communi·

94 3043 145 3116 tas,
162 3041 253 3106 verbi
266 3040 381 3124 gratia,
394 3040 508 3125 abqnis
527 3039 704 3105 incolarum
722 3047 826 3104 coetus
841 3039 1013 3125 aliquodve
1039 3049 1199 3108 monaste-

95 3155 176 3233 rium,
192 3155 267 3244 dum
281 3155 407 3239 rehqua
422 3153 571 3220 dioecesis
584 3155 733 3221 abunere
745 3156 807 3220 isto
820 3157 971 3222 immunis
987 3155 1194 3242 relinquitur,

96 3266 271 3332 vulneratur
284 3266 348 3331 hoc
362 3266 433 3349 ipso
446 3266 532 3331 illius
548 3267 789 3332 communitatis
803 3268 907 3351 tama3
924 3267 1020 3332 facile
1035 3268 1198 3351 suspican-

97 3380 169 3448 tibus
182 3384 329 3449 omnibus
347 3383 520 3448 aPraelato
541 3401 606 3447 non
624 3382 774 3449 adhiberi
793 3387 861 3450 sine
882 3402 978 3450 causa
1002 3403 1078 3468 erga
1094 3383 1194 3450 talem

98 3505 200 3563 cetum
215 3498 474 3583 exceptionalem
498 3497 661 3582 ejusmodi
680 3500 832 3582 rigorem.
853 3500 1097 3585 Consequenter
1114 3499 1197 3565 indi-

97 3619 172 3680 recte
185 3615 315 3681 laaditur
332 3622 366 3679 et
381 3614 582 3697 singulorum
597 3612 693 3700 hujus
710 3616 951 3680 communitatis
975 3614 1196 3681 membrorum

94 3729 261 3816 integritas3
276 3751 351 3797 cum
383 3732 501 3797 merito
528 3732 562 3796 in
589 3732 803 3815 suspicionem
841 3740 980 3798 vocetur
1014 3733 1195 3799 membrum

94 3846 248 3928 quodlibet
262 3847 502 3914 communitatis
515 3835 687 3912 infamata.
710 3849 796 3932 Ergo
823 3856 902 3913 tunc
917 3867 983 3912 non
999 3851 1136 3933 amplius
1147 3872 1197 3932 qe-

93 3966 357 4040 neroh'sremanet,
373 3963 433 4029 sed
443 3964 581 4046 specialis
597 3961 891 4050 evaditinquisitio,
905 3965 957 4030 Fit
969 3967 1055 4030 enim
1070 3967 1103 4030 in
1120 3986 1197 4051 per-

93 4094 190 4144 sonam
203 4081 358 4146 moralem
374 4079 637 4158 determinatam,
660 4081 694 4144 in
714 4082 812 4146 talem
833 4082 957 4146 scilicet
981 4084 1194 4149 communita-

93 4201 165 4279 tem;
181 4205 215 4262 et
242 4197 339 4264 simul
374 4179 447 4262 cum
480 4205 677 4264 nocumento
711 4217 924 4282 personarum
955 4200 989 4263 in
1025 4198 1195 4266 individuo

93 4305 378 4391 determinatarum,
391 4313 498 4390 idest,
513 4312 716 4398 singulorum
732 4315 819 4379 illins
841 4317 1081 4382 communitatis
1097 4335 1196 4380 mem·

93 4420 222 4496 bromm.
243 4431 316 4512 Quo
334 4430 450 4526 posito,
467 4429 726 4497 concludendum
744 4429 890 4510 videtur,
904 4432 990 4498 siout
1008 4432 1051 4499 ad
1068 4431 1196 4518 inquisi-
