2914 5122
240 341 302 406 126
585 351 772 400 nuncnurus
795 351 838 398 nn
860 327 1009 397 eunucus.

240 485 548 559 «denuntiationem,
568 487 597 542 ei
622 483 845 560 inquisitionem
872 482 1026 559 insonum,
1045 481 1082 540 ut
1108 481 1235 554 tamen,
1255 477 1349 538 etc.»

241 598 331 686 (Gap.
351 599 490 678 Qualiter
505 604 534 660 et
547 599 665 678 quondo
679 595 732 672 24,
747 595 799 659 tit.
823 595 851 672 i,
872 593 947 660 libri
971 593 990 656 5
1006 587 1150 675 decret.)
1170 586 1215 656 Εἴ
1232 591 1354 674 pariter

239 714 319 781 dum
332 715 366 778 in
380 714 450 778 aliis
463 711 682 794 decretalibus
699 709 740 776 de
756 709 968 796 inquisitoris
993 708 1098 774 forma
1114 707 1238 790 pluries
1259 706 1356 791 loqui-

239 839 307 909 tur,
323 849 366 895 ne
385 829 509 915 syllaba
528 827 661 914 quidem
677 845 748 893 sese
766 825 862 912 hujus
875 826 1089 892 institutionis
1106 831 1274 890 auctorem
1290 842 1358 906 pro
1452 901 1453 904 Ἴ

245 948 388 1012 nuntiat.
1452 923 1453 928 ἵ

285 1065 319 1126 2⁰
334 1059 399 1128 Sed
414 1080 521 1146 neque
536 1079 577 1126 ex
589 1057 830 1125 inductionibus
847 1059 928 1146 (quae
945 1058 1019 1123 solae
1035 1077 1053 1122 u
1068 1055 1233 1141 praedictis
1248 1061 1357 1120 aucto
1452 1043 1453 1054 ’

188 1228 189 1233 1
241 1179 331 1244 ribus
353 1173 549 1261 afferuntur)
574 1195 628 1242 res
651 1176 822 1241 evincitur.
844 1173 941 1256 Quod
962 1151 1002 1238 ut
1017 1180 1129 1257 pateat
1146 1190 1358 1258 quaecumque

242 1302 314 1379 post
334 1292 545 1359 Benedictum
563 1293 765 1358 Thomasium
778 1291 825 1379 (de
849 1296 972 1372 Oriyine
983 1309 1139 1373 processus
1161 1287 1356 1371 inquisitori)

244 1426 425 1495 congerere
442 1409 549 1494 potuit
563 1409 774 1487 Bnhemerus,
795 1411 1022 1474 excutiamus:

287 1532 424 1592 Primum
442 1533 650 1608 armamentum
667 1546 677 1587 .·
692 1526 726 1588 iu
741 1525 846 1608 cupite
868 1527 906 1590 16
924 1523 1025 1611 (tituli
1045 1529 1073 1602 l,
1088 1521 1166 1589 libri
1182 1526 1199 1586 5
1216 1519 1358 1606 decret.)

242 1644 381 1727 ipsemet
403 1643 609 1707 innocentius
631 1641 741 1706 varios
756 1642 878 1706 crimen
893 1637 1102 1725 oppugnandi
1119 1636 1232 1704 modos
1247 1657 1362 1703 recen-

242 1779 326 1838 sens,
343 1758 582 1844 inquisitionem
597 1764 704 1840 tacet;
723 1765 757 1822 et
774 1747 933 1823 memorat
948 1765 1073 1822 tautum
1090 1760 1358 1835 denuntiationem,

242 1883 442 1958 inceptionem
456 1883 490 1940 et
503 1881 729 1939 accusationem.
744 1913 788 1922 —
800 1873 1038 1958 Respondetur,
1057 1873 1102 1940 ibi
1117 1871 1158 1938 ab
1173 1874 1363 1938 innocentio

243 1992 439 2069 enumerari,
453 2011 517 2055 nou
529 1989 642 2054 modos
654 1990 770 2076 quihus
776 1993 876 2074 judee
884 1994 1055 2072 procedere,
1074 1987 1133 2055 sed
1145 1989 1265 2074 quibus
1279 2005 1363 2074 que·

242 2107 322 2173 libet
345 2109 407 2172 aliu
430 2125 568 2190 pemeus
584 2108 707 2172 crimen
730 2109 821 2171 citeri
843 2127 987 2190 opponere
1009 2111 1134 2192 potest3
1159 2105 1248 2191 quod
1268 2105 1363 2170 ualde

243 2224 414 2290 diversum
433 2230 494 2290 est.

287 2344 454 2405 &mundum
480 2345 689 2421 commentum
707 2360 717 2401 :
735 2361 752 2399 u
773 2341 810 2404 Iu
833 2341 938 2424 capite
959 2343 996 2406 17
1016 2339 1117 2426 (citati
1141 2336 1239 2424 tituli)
1272 2339 1365 2404 variis

247 2481 262 2520 u
279 2459 478 2541 argumentis
495 2457 581 2522 huuc
600 2475 789 2541 processum
811 2445 1071 2544 (inquisitorium)
1090 2455 1255 2534 defendit,
1278 2453 1365 2542 quod

246 2597 262 2636 a
278 2591 345 2640 non
357 2593 488 2640 necesse
500 2574 626 2654 suisset,
640 2575 667 2638 si
679 2575 787 2658 praxis
799 2572 869 2658 ejus
880 2575 996 2639 usitata
1010 2581 1044 2639 et
1056 2573 1187 2657 antiqua
1199 2573 1331 2638 fuisset.
1349 2598 1363 2632 u

244 2727 291 2738 -
306 2690 535 2774 Respondetur
546 2689 679 2756 modum
690 2709 754 2774 qno
764 2691 972 2756 Innocentius
987 2689 1035 2754 III
1051 2689 1290 2775 inquisitoriam
1302 2689 1366 2756 for-

245 2819 331 2872 mam
346 2806 391 2872 ibi
413 2805 581 2882 defendit,
607 2823 665 2871 seu
689 2807 797 2888 potius
814 2814 1060 2883 commemorat,
1079 2805 1306 2889 multomagis
1325 2807 1367 2869 in·

245 2941 358 2999 nuere,
378 2921 445 3006 jam
463 2939 525 2987 usu
543 2939 613 2986 eam
630 2921 818 2987 obtinuisse.
840 2947 856 2983 u
873 2923 1021 3004 Qualiter
1038 2919 1228 3007 siquando,
1245 2924 1364 3008 iuquit,
1452 2925 1453 2974 ἶ

250 3066 266 3102 u
285 3040 407 3106 debeat
421 3039 580 3105 Praelatus
594 3038 635 3105 ad
652 3040 880 3126 inquirendum
893 3048 927 3106 ct
942 3038 1143 3123 puniendum
1158 3038 1367 3107 subditorum

250 3181 267 3218 u
286 3172 452 3233 excessus,
472 3175 513 3220 ex
527 3157 774 3222 auctoritatibus
795 3159 871 3222 novi
888 3165 921 3222 et
940 3159 1062 3223 veteris
1075 3135 1265 3223 testamenti
1277 3157 1368 3221 colli-

251 3297 267 3334 u
285 3275 375 3358 gitur
383 3271 565 3350 evidenter,
579 3293 618 3336 en
629 3277 734 3354 quibus
753 3289 841 3356 super
854 3275 907 3336 too
926 3281 1133 3356 processerunt
1152 3281 1259 3356 posteo
1284 3293 1369 3337 cene

252 3413 268 3450 e
282 3396 359 3453 nien
387 3395 564 3453 sanctiones.
586 3389 719 3472 Legitur
745 3390 829 3454 enim
847 3389 880 3453 in
910 3389 1161 3472 Evangelio...»
1189 3391 1277 3473 Ergo
1299 3389 1368 3474 ipso

249 3507 439 3571 Innocentio
452 3511 548 3583 teste,
566 3504 632 3590 jam
645 3513 851 3588 processerunt
867 3505 1016 3587 superduc
1027 3511 1173 3569 canonice
1184 3513 1366 3569 sanctiones.

250 3622 321 3687 Non
332 3621 421 3699 dicit,
435 3641 474 3684 en
486 3625 591 3702 quibus
601 3642 653 3703 eqo
666 3642 760 3704 nuper
771 3625 865 3686 edunt
880 3625 972 3703 leuem
985 3641 1091 3701 oneum,
1110 3640 1172 3706 qua
1188 3640 1311 3687 novam
1328 3622 1371 3685 in-

249 3738 427 3822 quisitionis
442 3736 580 3802 formum
595 3737 729 3821 saucivi3
745 3735 819 3815 sed,
836 3757 876 3802 ex
893 3737 1010 3822 quibus
1021 3745 1252 3824 processerunt
1261 3745 1370 3819 posteo

252 3853 410 3917 canonicas
440 3853 631 3919 sanctiones.
663 3853 741 3934 Quae
770 3872 833 3918 vox
862 3861 968 3936 posteo
998 3855 1164 3919 canonicas
1195 3853 1269 3919 illas
1302 3863 1372 3919 sau'-

251 3961 377 4042 ctiunes
395 3969 545 4052 prefecto
569 3968 703 4034 denotat
727 3969 789 4052 ipsi
812 3971 1001 4036 Innocentio
1017 3971 1207 4036 anteriores.

297 4089 429 4149 Tertium
450 4092 660 4166 oecumenicus
681 4106 731 4148 :s
753 4085 834 4166 Quia
850 4089 1028 4169 insecuturis
1046 4087 1278 4173 (inquisitorius
1296 4105 1372 4172 pro·

253 4225 269 4263 u
285 4198 419 4285 cessus),
437 4200 542 4265 variis
551 4199 808 4266 dubitationibus
824 4201 981 4268 obnuxius
995 4203 1071 4280 fuit,
1088 4201 1253 4286 inquibus
1269 4201 1372 4268 resci-

253 4341 269 4380 κ
284 4313 397 4382 vendis
411 4314 587 4382 admodum
601 4314 730 4382 sudavit
748 4317 855 4401 capite
873 4321 909 4384 21
926 4319 1027 4406 (citati
1041 4316 1152 4404 tituli).
1164 4341 1181 4379 »
1199 4315 1373 4405 (Euheme-

250 4450 316 4513 rus,
327 4432 371 4498 ad
381 4433 433 4498 tit.
448 4436 459 4496 1
476 4430 582 4517 deon,
598 4429 989 4517 §tiit-Respondetur:
1005 4435 1085 4501 Cum
1097 4433 1314 4520 inquisitionis
1322 4433 1372 4500 riu
