2836 5118
496 381 577 432 ms
598 383 758 432 aarum.
1124 365 1188 432 tor

88 507 391 589 appettuuposse.-
407 529 424 568 a
439 507 609 583 Ratioest,
627 505 890 592 quiaappellrtio
905 503 1190 591 estspeaieequee

90 617 185 686 adnm
200 618 411 701 suessonis,
436 639 508 708 quaa
524 621 623 730 dator
636 622 798 708 oppressis
812 629 926 688 nonna
938 621 1090 708 injuriam
1103 619 1190 707 jndtr

89 734 196 801 aeis...
215 735 325 820 Igitur
342 737 498 821 permissa
513 755 585 803 esse
601 736 705 806 debet
721 736 763 802 alt
775 737 864 802 orani
874 734 990 822 judioe
1000 737 1061 822 qul
1074 752 1190 821 para·

88 869 186 916 amen·
206 849 366 936 irrjustum
381 851 505 920 inferre
519 857 630 938 potest
648 871 656 918 ε
678 870 787 937 nequo
804 849 883 918 iuuit
903 849 1055 936 tnjmtan
1070 849 1187 936 judici,

86 968 160 1053 aqui
172 967 213 1034 ab
232 965 304 1052 ejus
321 968 683 1053 sententiaappelleo..
698 969 774 1034 Dixi
784 969 1190 1050 autemrepalurtter;nnrn

83 1083 215 1168 «plume
237 1090 316 1149 sunt
335 1082 474 1169 judiees,
491 1105 511 1150 u
533 1085 650 1169 quibus
671 1084 727 1150 tel
740 1083 942 1168 sitnplioiter,
963 1085 1018 1150 vel
1037 1083 1188 1151 incertis

82 1223 94 1255 a
113 1199 214 1264 oausis
234 1217 300 1265 non
318 1199 522 1282 permittitur
539 1200 729 1283 appellatio.
748 1222 765 1261 a
790 1197 1128 1286 (Schmulzgrueher,
1151 1198 1189 1266 in

79 1314 124 1380 tlt.
137 1316 190 1392 28,
209 1313 288 1380 libri
302 1317 322 1380 2
338 1313 446 1392 near„
468 1335 501 1380 u.
516 1313 586 1399 36.)
1282 1393 1285 1400 ,

116 1429 154 1494 Π.
178 1433 207 1494 Α
230 1435 379 1494 mtemtu
389 1433 483 1513 Papae
503 1449 564 1495 ooo
582 1433 677 1495 datar
699 1431 865 1513 appellatio
879 1431 922 1494 od
933 1432 1090 1494 concilium
1101 1447 1188 1512 peae-

76 1543 143 1618 ναῖε,
164 1561 219 1605 aec
237 1561 258 1604 o
279 1544 403 1622 fortiora·
424 1545 466 1607 ud
490 1541 851 1606 ullumola'mltra'lmaul.
870 1539 1024 1606 —Ratio
1044 1540 1188 1625 estquis
1271 1567 1275 1576 ·

76 1655 243 1738 appellatio
255 1674 326 1721 esse
335 1657 449 1742 nequit
457 1657 519 1722 nisi
527 1656 570 1723 ad
584 1657 798 1740 superiorem3
811 1656 961 1741 superior
970 1662 1079 1721 autem
1089 1655 1186 1739 Papae

75 1789 162 1836 nemo
173 1770 210 1836 in
225 1771 371 1837 Ecclesia
385 1789 456 1837 esse
472 1779 605 1856 potest:
623 1787 697 1838 nam
714 1777 877 1854 repugnat
888 1769 945 1834 ulli
962 1768 1120 1835 tribunali
1133 1787 1188 1834 su·

75 1885 229 1966 periorive
246 1885 464 1952 eeclesiastico
479 1883 596 1971 subjici
612 1883 1107 1970 illumjudinem,euiassh1isto
1123 1883 1187 1952 ool·

72 2002 130 2068 leta
137 2011 189 2069 est
200 2007 401 2068 universalem
414 2005 574 2068 Ecclesium
579 2005 735 2086 puteolani,
747 2005 881 2084 rependi,
896 2008 986 2084 utque
994 2003 1187 2083 quberatoacli

71 2120 155 2199 pleae
165 2125 319 2201 potestus·
335 2118 425 2203 atqui
439 2116 482 2183 de
494 2116 561 2184 fide
575 2125 637 2196 est,
654 2137 695 2183 ex
712 2117 904 2182 oeeumenini
916 2115 1096 2183 Florentini
1114 2134 1187 2181 eon·

73 2233 132 2298 oilii
148 2233 354 2312 defiuitione,
370 2232 530 2319 ejusmodi
553 2239 751 2318 potestatem
767 2233 919 2301 Romanis
940 2231 1187 2300 Portifiuibusa

73 2347 207 2427 christo,
224 2349 258 2414 in
272 2349 367 2414 Beati
383 2349 477 2416 Petri
501 2368 651 2433 persona,
672 2347 773 2416 fuisoe
792 2347 959 2432 collatam
981 2363 1061 2432 ergo
1087 2355 1188 2431 repara

71 2471 174 2546 gnata
189 2463 360 2529 sententiis
374 2464 597 2530 eeclesiastieis
617 2464 837 2530 Romanorum
862 2461 1056 2530 Pontilioum
1071 2461 1114 2528 ad
1136 2461 1187 2530 ul·

69 2578 133 2646 lum
153 2597 299 2665 unquam
313 2579 459 2646 tribuual
481 2579 638 2665 appellari
657 2597 765 2663 posse.
783 2576 881 2661 Quod
899 2579 1033 2663 insuper
1047 2597 1089 2644 ex
1106 2578 1186 2644 seti-

71 2701 164 2778 ptura
193 2711 297 2772 sacru
322 2699 454 2780 totaque
480 2695 617 2761 Petrum
638 2692 826 2773 traditione,
852 2711 979 2761 ueenou
1016 2693 1186 2777 perpetuis

71 2808 393 2888 Enalosiellomauae,
407 2811 549 2876 omnium
561 2810 673 2877 matris
686 2815 720 2876 et
729 2811 890 2895 magistre
899 2807 1183 2886 declarationibus,

70 2933 181 3010 aperte
197 2926 424 2994 demonstare
439 2925 545 2993 solent
560 2926 694 2994 sineere
708 2933 742 2992 et
762 2925 907 3010 probate
925 2924 1082 2992 donnus
1094 2924 1188 3024 theo·

72 3039 146 3126 logi.

110 3155 223 3222 llinna
235 3156 324 3240 Papa
332 3153 375 3222 ad
382 3154 530 3222 futurum
542 3157 696 3242 gererale
706 3155 878 3224 nouoilium
888 3155 1100 3240 appellentes,
1113 3171 1188 3224 neo

70 3290 131 3339 non
148 3272 184 3350 ii,
205 3290 345 3358 quorum
361 3273 482 3338 auxilio
495 3280 530 3340 et
547 3273 661 3340 lavore
678 3274 726 3339 sio
739 3280 950 3358 provonatur,
971 3288 1039 3340 nott
1058 3280 1186 3340 mutum

69 3387 216 3467 inaniter,
235 3385 296 3454 sed
310 3394 346 3455 et
360 3387 516 3473 flagitiose
536 3387 570 3454 id
585 3395 750 3463 attentare
774 3387 929 3456 oensenali
943 3396 1030 3456 sunt.
1053 3389 1125 3456 Imo
1137 3388 1188 3456 in·

70 3511 205 3570 currunt
221 3505 291 3588 ipso
309 3503 396 3570 laeto
415 3505 786 3572 exeommunioationem.
802 3511 917 3570 eontra
940 3505 1027 3588 ipsos
1044 3504 1143 3571 lutam
1165 3524 1186 3572 a

71 3619 128 3686 Pio
142 3622 174 3686 ΙΙ
181 3621 416 3688 constitutione
428 3624 618 3686 Eoeerola'lis
630 3619 731 3708 (edita
742 3617 1054 3704 calendisfffehruurii
1072 3618 1182 3706 1459),

69 3737 289 3804 mammeam
310 3759 329 3804 a
353 3737 439 3804 Julio
461 3738 494 3804 lI
509 3737 740 3805 constitutione
761 3742 898 3820 sarepta*
920 3735 1024 3824 (edita
1042 3735 1186 3804 menis

66 3848 138 3936 julii
160 3850 277 3938 1509),
307 3860 343 3920 et
363 3859 563 3920 reservatam
586 3851 663 3920 Sodi
688 3853 879 3939 Apostolioae
899 3852 934 3918 iu
956 3852 1047 3919 bulla
1069 3856 1181 3934 thoe,

70 3983 146 4034 nasu
159 3971 191 4034 l.

111 4083 170 4149 Ill.
188 4087 376 4149 Aeantenta'o
395 4088 514 4151 cottolla'i
530 4088 681 4169 qenerolta
696 4089 829 4168 lepitime
842 4089 1028 4168 nomenati,
1041 4091 1072 4151 et
1086 4091 1185 4168 capto·

70 4217 123 4262 sao
135 4206 224 4280 auiti,
248 4195 309 4266 nott
332 4203 427 4265 datur
446 4204 623 4285 appellatio.
649 4235 694 4252 -·-
715 4202 748 4268 si
767 4201 855 4268 enin
872 4219 892 4266 a
909 4200 1057 4268 Romano
1072 4199 1183 4266 Ponti·

70 4309 133 4376 liae
149 4314 304 4398 appellari
317 4331 494 4402 numquam
507 4325 632 4402 potest·
646 4333 726 4401 erpo
741 4333 851 4402 neque
872 4313 1005 4401 mando
1019 4311 1184 4404 synodali·

70 4433 123 4492 ter
138 4431 332 4512 pronuntiato
350 4431 496 4522 Cumque
507 4433 661 4518 generale
674 4432 855 4509 eonsilium,
870 4433 967 4515 Papae
978 4431 1182 4510 uuituu‚·to
