2848 5118
465 375 468 387 ,
494 330 573 379 rens
593 329 755 381 secunus.
1111 319 1173 384 iiii

102 453 180 540 ptions
190 447 535 540 eiusmodi'proposita,
544 453 658 539 judex,
672 474 732 542 per
746 454 1025 526 interlocutoriam
1044 421 1175 524 sealw-

100 568 231 646 tumeam
243 570 372 636 inanem
387 571 589 654 pronuntiet,
606 579 641 636 et
656 569 813 636 decernat
826 570 965 636 alterius
982 587 1052 638 esse
1062 590 1175 656 proce-

99 681 227 764 dandum,
261 705 319 752 reo
348 687 523 770 excipienti
553 706 619 752 non
640 686 731 753 aliud
759 694 850 770 patet
875 687 1057 757 remedium
1078 699 1174 774 quam

97 801 242 882 appellatio.
257 803 300 868 Et
312 801 446 887 quidem
458 803 625 886 appellare
639 821 771 886 semper
784 803 935 887 poterita
951 805 1178 872 sententiale

96 908 206 984 linitiva:
223 916 345 984 adleta
363 937 442 984 vero
457 918 703 984 interlocutoria
720 918 887 1000 appellare
906 919 1020 1003 nequit
1035 919 1091 1006 (ito
1111 929 1176 986 sta-

68 1007 70 1010 ’
94 1032 176 1096 tuente
185 1030 370 1096 Tridentino
386 1031 537 1118 synodo),
553 1033 614 1098 nisi
627 1034 690 1098 rim
702 1031 877 1100 definitive
894 1033 1024 1112 habeut,
1037 1042 1093 1100 aut
1107 1055 1176 1120 gro-

94 1161 178 1212 samen
197 1147 319 1212 inferat
340 1166 400 1230 per
422 1147 623 1214 definitivam
644 1168 709 1214 non
727 1150 930 1233 reparabile;
952 1152 1026 1235 quia
1044 1169 1178 1238 nempe,

94 1267 159 1326 astra
180 1261 238 1328 hos
265 1282 374 1340 cosm,
400 1264 634 1348 appellationes
663 1263 704 1331 ab
729 1265 981 1332 interlocutoriis
1006 1268 1178 1334 concilium

91 1375 283 1442 Tridentiuum
298 1378 451 1444 abolevit.
469 1384 504 1446 Si
517 1386 688 1470 posterius,
711 1379 828 1458 idest,
847 1381 874 1448 si
892 1383 1057 1466 excipiens
1073 1401 1177 1468 oppon

91 1489 271 1574 natjudicem
287 1513 357 1561 csse
372 1494 432 1558 sibi
443 1496 561 1560 merito
576 1503 783 1579 suspectum,
807 1495 872 1580 jam
898 1498 1013 1582 nequit
1027 1499 1089 1565 hoc
1106 1500 1178 1584 ipsu

88 1601 162 1686 jader
176 1610 316 1676 ulterius
336 1610 533 1695 procedere3
557 1610 617 1679 sed
637 1611 739 1678 debet
757 1611 919 1697 judicium
939 1613 981 1678 de
1002 1615 1058 1680 tuli
1082 1635 1179 1682 exce-

89 1722 171 1802 ptione
190 1725 350 1792 committi
376 1727 522 1806 arbitris,
549 1735 647 1812 prout
668 1728 701 1791 in
723 1717 872 1812 sequenti
891 1729 1017 1810 capite,
1045 1749 1104 1813 pro
1130 1732 1178 1796 rei

88 1841 236 1920 paritate,
261 1838 362 1906 lusius
386 1842 561 1910 evolvitur.

498 2127 632 2194 CAPUT
655 2126 740 2192 Vlll.

84 2393 114 2442 BE
132 2399 351 2448 uncusmonss
374 2399 514 2456 JUDICIS,
541 2397 700 2456 TsuQusM
725 2395 897 2452 SUSPECTI,
925 2396 967 2440 ΕΤ
994 2398 1178 2458 murrinum

303 2513 366 2560 PER
389 2512 544 2560 snsmaos
568 2509 799 2561 ancusmoars
823 2509 935 2558 CAUSA.
973 2583 982 2596 .

113 2781 255 2865 Quesum
283 2786 324 2848 1⁸.
343 2817 388 2831 --
408 2783 491 2862 Quid
510 2786 551 2842 sit
569 2784 726 2856 recusatio,
745 2777 830 2840 etan
849 2783 882 2840 ia
902 2779 968 2858 soro
984 2779 1179 2842 eeclesiastico

81 2893 134 2968 ieri
151 2901 273 2978 possit?
295 2934 340 2946 -
354 2895 526 2962 Recusatio
548 2901 599 2960 est
619 2891 737 2977 judicis
755 2891 947 2969 declinatio,
969 2911 1018 2956 en
1031 2913 1070 2958 eo
1086 2893 1179 2978 quod

81 3020 211 3097 suspecta
238 3011 280 3078 sit
304 3013 404 3094 ipsius
428 3011 464 3076 in
489 3007 661 3076 reddenda
690 3006 813 3092 justitia
835 3008 1015 3090 integritas.
1043 3008 1177 3074 Certum

80 3133 171 3191 autem
183 3136 242 3204 cst,
256 3129 340 3195 sicat
354 3129 389 3194 in
402 3125 476 3210 jure
488 3127 506 3190 J
509 3124 696 3199 ustinianea‚
712 3125 757 3188 ita
769 3131 804 3189 ct
814 3124 847 3188 in
858 3121 932 3187 loro
945 3123 1174 3202 ecclesiastico,

80 3255 156 3320 passe
170 3241 324 3327 jadicem,
342 3243 419 3308 alias
439 3241 633 3324 legitimum,
652 3258 693 3306 ex
710 3237 798 3304 dictu
819 3237 1001 3320 suspicione
1020 3242 1175 3307 recusari.

80 3353 194 3424 Constat
209 3377 250 3424 eu
265 3356 426 3422 decretali
441 3358 574 3420 Secundo
588 3359 717 3436 requiris
731 3352 797 3438 (41,
812 3353 864 3419 tit.
877 3355 931 3430 28,
947 3353 1004 3418 lib.
1021 3356 1041 3418 2
1056 3353 1175 3441 deon),

79 3478 105 3537 et
111 3470 261 3541 decretali
272 3478 348 3540 Cum
358 3475 480 3556 speciali
494 3472 542 3557 (61
552 3519 560 3548 ,
571 3467 717 3569 ejusdcm
729 3465 811 3552 tia),
821 3487 896 3534 mon
903 3469 1096 3536 referendis.
1107 3473 1178 3539 Imo

78 3584 105 3658 id
114 3589 202 3656 etiam
213 3609 253 3659 cx
266 3588 341 3674 jure
351 3586 491 3654 naturali
504 3584 624 3651 deduci
637 3590 754 3668 potest,
767 3591 865 3666 prout
875 3584 909 3647 in
921 3582 1009 3649 dictu
1019 3583 1179 3654 decretali

77 3704 194 3769 Suuudo
215 3704 363 3768 innuitur
382 3703 433 3768 his
455 3701 588 3768 uerbis:
614 3703 686 3782 lpse
706 3718 832 3780 namque
856 3704 936 3762 ectio
958 3701 1070 3780 dictat,
1098 3707 1177 3784 quod

77 3828 188 3902 sapeco
204 3829 233 3884 ei
250 3826 367 3885 inim-ici
377 3822 496 3902 judices
514 3838 575 3886 esse.
592 3837 652 3882 uou
676 3814 846 3881 debmuSi
863 3821 973 3880 tamen
999 3823 1115 3900 agatur
1133 3819 1179 3887 de
1282 3889 1284 3894 ,

77 3949 218 4018 suprema,
224 3935 348 4021 judice,
365 3935 489 4000 clarum
500 3939 551 3998 est
561 3930 706 3997 recusuri
717 3928 808 3996 illum
819 3948 884 4000 non
896 3947 1005 4014 possm
1019 3938 1091 3998 tum
1103 3937 1180 4018 quia

78 4048 139 4134 ejas¹
150 4053 298 4140 nsajestas
318 4071 447 4119 omnem
462 4050 675 4134 suspicionem
697 4047 738 4112 ab
754 4065 796 4112 eo
815 4065 994 4112 removere·
1006 4059 1173 4137 oensemr3

77 4170 136 4232 tum
149 4171 219 4256 quia
233 4169 343 4234 nullus
358 4175 437 4232 tunc
451 4164 544 4232 adest
558 4163 754 4248 superioria
770 4162 882 4240 terrie,
902 4161 959 4247 qui
971 4161 1078 4248 hujus,
1096 4169 1179 4234 non-

78 4279 210 4358 obstante
228 4285 411 4370 suspicione
429 4283 596 4366 opposita,
617 4278 839 4364 procedentis,
861 4280 1176 4346 seirteuiidm'rcior-

78 4411 154 4465 mare
167 4400 280 4488 valeat.
298 4397 363 4464 Sed
378 4406 499 4481 praeter
517 4415 723 4480 supremum,
741 4411 852 4482 omnes
866 4393 922 4458 alii
935 4391 1062 4475 iudices
1074 4397 1183 4464 eccles
