<?xml version="1.0" encoding="UTF-8"?>
<!DOCTYPE html PUBLIC "-//W3C//DTD XHTML 1.0 Transitional//EN"
    "http://www.w3.org/TR/xhtml1/DTD/xhtml1-transitional.dtd">
<html xmlns="http://www.w3.org/1999/xhtml" xml:lang="en" lang="en">
 <head>
  <title>
</title>
<meta http-equiv="Content-Type" content="text/html;charset=utf-8" />
  <meta name='ocr-system' content='tesseract 3.04.00' />
  <meta name='ocr-capabilities' content='ocr_page ocr_carea ocr_par ocr_line ocrx_word'/>
</head>
<body>
  <div class='ocr_page' id='page_1' title='image "./tractatusdejudi01bouigoog_0424.png"; bbox 0 0 2838 5114; ppageno 0'>
   <div class='ocr_carea' id='block_1_1' title="bbox 68 261 1192 540">
    <p class='ocr_par' dir='ltr' id='par_1_1' title="bbox 68 261 1192 540">
     <span class='ocr_line' id='line_1_1' title="bbox 498 261 1190 382; baseline 0.004 -4"><span class='ocrx_word' id='word_1_1' title='bbox 498 333 757 380; x_wconf 80' lang='lat' dir='ltr'><strong>rnnssnounns.</strong></span> <span class='ocrx_word' id='word_1_2' title='bbox 870 289 871 294; x_wconf 6' lang='grc' dir='ltr'>ἵ</span> <span class='ocrx_word' id='word_1_3' title='bbox 1018 261 1022 267; x_wconf 26' lang='lat'>¹</span> <span class='ocrx_word' id='word_1_4' title='bbox 1124 316 1190 382; x_wconf 79' lang='lat' dir='ltr'><strong>trs</strong></span> 
     </span>
     <span class='ocr_line' id='line_1_2' title="bbox 68 451 1192 540; baseline 0.002 -18"><span class='ocrx_word' id='word_1_5' title='bbox 68 462 203 540; x_wconf 56' lang='lat' dir='ltr'><strong>temtum</strong></span> <span class='ocrx_word' id='word_1_6' title='bbox 216 475 225 540; x_wconf 91' lang='lat'>;</span> <span class='ocrx_word' id='word_1_7' title='bbox 240 451 412 522; x_wconf 71' lang='lat' dir='ltr'><strong>sceletum</strong></span> <span class='ocrx_word' id='word_1_8' title='bbox 430 453 629 539; x_wconf 74' lang='lat' dir='ltr'><strong>quibuslibet</strong></span> <span class='ocrx_word' id='word_1_9' title='bbox 643 454 724 533; x_wconf 84' lang='lat' dir='ltr'><strong>eliis,</strong></span> <span class='ocrx_word' id='word_1_10' title='bbox 741 456 769 520; x_wconf 89' lang='lat' dir='ltr'><strong>si</strong></span> <span class='ocrx_word' id='word_1_11' title='bbox 785 455 820 519; x_wconf 90' lang='lat' dir='ltr'><strong>in</strong></span> <span class='ocrx_word' id='word_1_12' title='bbox 832 454 1192 524; x_wconf 69' lang='lat' dir='ltr'><strong>armoummunus</strong></span> 
     </span>
    </p>
   </div>
   <div class='ocr_carea' id='block_1_2' title="bbox 64 569 1234 4484">
    <p class='ocr_par' dir='ltr' id='par_1_2' title="bbox 64 569 1234 2970">
     <span class='ocr_line' id='line_1_3' title="bbox 68 569 1191 638; baseline 0.001 -1"><span class='ocrx_word' id='word_1_13' title='bbox 68 579 105 637; x_wconf 89' lang='lat' dir='ltr'><strong>et</strong></span> <span class='ocrx_word' id='word_1_14' title='bbox 117 569 360 636; x_wconf 86' lang='lat' dir='ltr'><strong>conditionibus</strong></span> <span class='ocrx_word' id='word_1_15' title='bbox 369 577 553 636; x_wconf 67' lang='lat' dir='ltr'><strong>tutentur.</strong></span> <span class='ocrx_word' id='word_1_16' title='bbox 567 571 743 636; x_wconf 85' lang='lat' dir='ltr'><strong>listtumen</strong></span> <span class='ocrx_word' id='word_1_17' title='bbox 757 571 898 638; x_wconf 87' lang='lat' dir='ltr'><strong>minores</strong></span> <span class='ocrx_word' id='word_1_18' title='bbox 909 572 998 637; x_wconf 89' lang='lat' dir='ltr'><strong>iuter</strong></span> <span class='ocrx_word' id='word_1_19' title='bbox 1007 578 1041 638; x_wconf 90' lang='lat' dir='ltr'><strong>et</strong></span> <span class='ocrx_word' id='word_1_20' title='bbox 1052 579 1191 638; x_wconf 80' lang='lat' dir='ltr'><strong>neuros</strong></span> 
     </span>
     <span class='ocr_line' id='line_1_4' title="bbox 66 681 1190 770; baseline 0.002 -18"><span class='ocrx_word' id='word_1_21' title='bbox 66 683 223 752; x_wconf 83' lang='lat' dir='ltr'><strong>notabilis</strong></span> <span class='ocrx_word' id='word_1_22' title='bbox 241 685 426 770; x_wconf 69' lang='lat' dir='ltr'><strong>disparitas.</strong></span> <span class='ocrx_word' id='word_1_23' title='bbox 446 681 689 768; x_wconf 71' lang='lat' dir='ltr'>«Quadruplex</span> <span class='ocrx_word' id='word_1_24' title='bbox 713 685 850 754; x_wconf 74' lang='lat' dir='ltr'><strong>marium</strong></span> <span class='ocrx_word' id='word_1_25' title='bbox 874 687 1054 770; x_wconf 83' lang='lat' dir='ltr'><strong>assignatur</strong></span> <span class='ocrx_word' id='word_1_26' title='bbox 1074 685 1190 754; x_wconf 75' lang='lat' dir='ltr'><strong>duorl-</strong></span> 
     </span>
     <span class='ocr_line' id='line_1_5' title="bbox 70 799 1184 886; baseline 0.004 -21"><span class='ocrx_word' id='word_1_27' title='bbox 70 828 84 858; x_wconf 82' lang='grc'><strong>«</strong></span> <span class='ocrx_word' id='word_1_28' title='bbox 102 819 205 867; x_wconf 87' lang='lat' dir='ltr'><strong>men:</strong></span> <span class='ocrx_word' id='word_1_29' title='bbox 230 800 464 879; x_wconf 64' lang='lat' dir='ltr'><strong>Pulmonibus,</strong></span> <span class='ocrx_word' id='word_1_30' title='bbox 486 807 521 866; x_wconf 90' lang='lat' dir='ltr'><strong>et</strong></span> <span class='ocrx_word' id='word_1_31' title='bbox 541 800 667 866; x_wconf 76' lang='lat' dir='ltr'><strong>austeris</strong></span> <span class='ocrx_word' id='word_1_32' title='bbox 684 801 741 886; x_wconf 92' lang='lat' dir='ltr'><strong>qui</strong></span> <span class='ocrx_word' id='word_1_33' title='bbox 756 799 831 886; x_wconf 88' lang='lat' dir='ltr'><strong>jure</strong></span> <span class='ocrx_word' id='word_1_34' title='bbox 848 801 1009 869; x_wconf 91' lang='lat' dir='ltr'><strong>minorum</strong></span> <span class='ocrx_word' id='word_1_35' title='bbox 1024 801 1184 886; x_wconf 81' lang='lat' dir='ltr'><strong>gaudent,</strong></span> 
     </span>
     <span class='ocr_line' id='line_1_6' title="bbox 69 915 1189 1004; baseline 0.007 -27"><span class='ocrx_word' id='word_1_36' title='bbox 69 922 142 982; x_wconf 83' lang='lat' dir='ltr'><strong>out</strong></span> <span class='ocrx_word' id='word_1_37' title='bbox 163 915 312 982; x_wconf 89' lang='lat' dir='ltr'><strong>remedio</strong></span> <span class='ocrx_word' id='word_1_38' title='bbox 336 915 399 981; x_wconf 90' lang='lat' dir='ltr'><strong>hoc</strong></span> <span class='ocrx_word' id='word_1_39' title='bbox 424 923 653 994; x_wconf 78' lang='lat' dir='ltr'><strong>succurratur,</strong></span> <span class='ocrx_word' id='word_1_40' title='bbox 674 915 790 982; x_wconf 86' lang='lat' dir='ltr'><strong>sufficit</strong></span> <span class='ocrx_word' id='word_1_41' title='bbox 810 918 837 982; x_wconf 87' lang='lat' dir='ltr'><strong>si</strong></span> <span class='ocrx_word' id='word_1_42' title='bbox 859 925 987 984; x_wconf 82' lang='lat' dir='ltr'><strong>mustei</strong></span> <span class='ocrx_word' id='word_1_43' title='bbox 1012 917 1101 1004; x_wconf 73' lang='lat' dir='ltr'><strong>qtrod</strong></span> <span class='ocrx_word' id='word_1_44' title='bbox 1120 918 1189 985; x_wconf 83' lang='lat' dir='ltr'><strong>loesi</strong></span> 
     </span>
     <span class='ocr_line' id='line_1_7' title="bbox 69 1025 1234 1118; baseline 0.009 -26"><span class='ocrx_word' id='word_1_45' title='bbox 69 1033 178 1111; x_wconf 79' lang='lat' dir='ltr'><strong>«sint,</strong></span> <span class='ocrx_word' id='word_1_46' title='bbox 197 1032 252 1098; x_wconf 87' lang='lat' dir='ltr'><strong>vel</strong></span> <span class='ocrx_word' id='word_1_47' title='bbox 270 1031 331 1098; x_wconf 89' lang='lat' dir='ltr'><strong>hoo</strong></span> <span class='ocrx_word' id='word_1_48' title='bbox 344 1031 489 1116; x_wconf 81' lang='lat' dir='ltr'><strong>legitime</strong></span> <span class='ocrx_word' id='word_1_49' title='bbox 503 1033 546 1098; x_wconf 91' lang='lat' dir='ltr'><strong>sit</strong></span> <span class='ocrx_word' id='word_1_50' title='bbox 567 1031 752 1117; x_wconf 85' lang='lat' dir='ltr'><strong>probatum.</strong></span> <span class='ocrx_word' id='word_1_51' title='bbox 770 1037 811 1100; x_wconf 79' lang='lat' dir='ltr'><strong>At</strong></span> <span class='ocrx_word' id='word_1_52' title='bbox 834 1031 983 1118; x_wconf 77' lang='lat' dir='ltr'><strong>maiorer,</strong></span> <span class='ocrx_word' id='word_1_53' title='bbox 1000 1040 1038 1099; x_wconf 89' lang='lat' dir='ltr'><strong>ut</strong></span> <span class='ocrx_word' id='word_1_54' title='bbox 1058 1035 1188 1102; x_wconf 77' lang='lat' dir='ltr'><strong>rcsdtui</strong></span> <span class='ocrx_word' id='word_1_55' title='bbox 1229 1025 1234 1038; x_wconf 87' lang='lat'><em>&#39;</em></span> 
     </span>
     <span class='ocr_line' id='line_1_8' title="bbox 67 1146 1183 1233; baseline 0.006 -24"><span class='ocrx_word' id='word_1_56' title='bbox 67 1169 85 1209; x_wconf 73' lang='lat' dir='ltr'><strong>a</strong></span> <span class='ocrx_word' id='word_1_57' title='bbox 104 1148 242 1230; x_wconf 78' lang='lat' dir='ltr'><strong>possint,</strong></span> <span class='ocrx_word' id='word_1_58' title='bbox 257 1153 380 1231; x_wconf 81' lang='lat' dir='ltr'><strong>preter</strong></span> <span class='ocrx_word' id='word_1_59' title='bbox 396 1147 571 1227; x_wconf 79' lang='lat' dir='ltr'><strong>lesionem,</strong></span> <span class='ocrx_word' id='word_1_60' title='bbox 586 1165 669 1232; x_wconf 91' lang='lat' dir='ltr'><strong>opus</strong></span> <span class='ocrx_word' id='word_1_61' title='bbox 682 1155 732 1212; x_wconf 88' lang='lat' dir='ltr'><strong>est</strong></span> <span class='ocrx_word' id='word_1_62' title='bbox 743 1146 1029 1233; x_wconf 84' lang='lat' dir='ltr'><strong>amederejustom</strong></span> <span class='ocrx_word' id='word_1_63' title='bbox 1042 1167 1183 1229; x_wconf 61' lang='lat' dir='ltr'><strong>umam,</strong></span> 
     </span>
     <span class='ocr_line' id='line_1_9' title="bbox 66 1259 1185 1347; baseline 0.006 -23"><span class='ocrx_word' id='word_1_64' title='bbox 66 1263 196 1328; x_wconf 79' lang='lat' dir='ltr'><strong>«verbi</strong></span> <span class='ocrx_word' id='word_1_65' title='bbox 212 1263 331 1347; x_wconf 81' lang='lat' dir='ltr'><strong>gratis,</strong></span> <span class='ocrx_word' id='word_1_66' title='bbox 350 1262 504 1330; x_wconf 78' lang='lat' dir='ltr'><strong>absentie</strong></span> <span class='ocrx_word' id='word_1_67' title='bbox 530 1261 716 1346; x_wconf 79' lang='lat' dir='ltr'><strong>reipublice</strong></span> <span class='ocrx_word' id='word_1_68' title='bbox 737 1281 851 1341; x_wconf 84' lang='lat' dir='ltr'><strong>eausa,</strong></span> <span class='ocrx_word' id='word_1_69' title='bbox 869 1259 1081 1344; x_wconf 80' lang='lat' dir='ltr'><strong>infirmitatis,</strong></span> <span class='ocrx_word' id='word_1_70' title='bbox 1102 1272 1185 1344; x_wconf 82' lang='lat' dir='ltr'><strong>eto,</strong></span> 
     </span>
     <span class='ocr_line' id='line_1_10' title="bbox 66 1361 1188 1467; baseline 0.007 -28"><span class='ocrx_word' id='word_1_71' title='bbox 66 1402 83 1440; x_wconf 83' lang='lat' dir='ltr'><strong>u</strong></span> <span class='ocrx_word' id='word_1_72' title='bbox 97 1378 144 1445; x_wconf 93' lang='lat' dir='ltr'><strong>oh</strong></span> <span class='ocrx_word' id='word_1_73' title='bbox 159 1361 257 1464; x_wconf 88' lang='lat' dir='ltr'><strong>quam</strong></span> <span class='ocrx_word' id='word_1_74' title='bbox 282 1378 371 1444; x_wconf 81' lang='lat' dir='ltr'><strong>tasio</strong></span> <span class='ocrx_word' id='word_1_75' title='bbox 392 1377 559 1456; x_wconf 85' lang='lat' dir='ltr'><strong>acciderit,</strong></span> <span class='ocrx_word' id='word_1_76' title='bbox 585 1384 620 1444; x_wconf 90' lang='lat' dir='ltr'><strong>et</strong></span> <span class='ocrx_word' id='word_1_77' title='bbox 644 1378 723 1462; x_wconf 85' lang='lat' dir='ltr'><strong>ipsis</strong></span> <span class='ocrx_word' id='word_1_78' title='bbox 744 1379 898 1462; x_wconf 86' lang='lat' dir='ltr'><strong>imputari</strong></span> <span class='ocrx_word' id='word_1_79' title='bbox 923 1388 1065 1466; x_wconf 75' lang='lat' dir='ltr'><strong>nequeat</strong></span> <span class='ocrx_word' id='word_1_80' title='bbox 1085 1379 1188 1467; x_wconf 77' lang='lat' dir='ltr'><strong>(juxta</strong></span> 
     </span>
     <span class='ocr_line' id='line_1_11' title="bbox 65 1494 1189 1579; baseline 0.006 -25"><span class='ocrx_word' id='word_1_81' title='bbox 65 1519 82 1556; x_wconf 79' lang='lat' dir='ltr'><strong>a</strong></span> <span class='ocrx_word' id='word_1_82' title='bbox 102 1495 283 1561; x_wconf 83' lang='lat' dir='ltr'><strong>clausulam</strong></span> <span class='ocrx_word' id='word_1_83' title='bbox 302 1500 339 1560; x_wconf 80' lang='lat' dir='ltr'><strong>si</strong></span> <span class='ocrx_word' id='word_1_84' title='bbox 352 1515 411 1578; x_wconf 80' lang='lat' dir='ltr'><strong>qno</strong></span> <span class='ocrx_word' id='word_1_85' title='bbox 424 1499 585 1578; x_wconf 83' lang='lat' dir='ltr'><strong>oliajnrta</strong></span> <span class='ocrx_word' id='word_1_86' title='bbox 598 1513 700 1575; x_wconf 81' lang='lat' dir='ltr'><strong>caum,</strong></span> <span class='ocrx_word' id='word_1_87' title='bbox 722 1495 804 1578; x_wconf 84' lang='lat' dir='ltr'><strong>legis</strong></span> <span class='ocrx_word' id='word_1_88' title='bbox 822 1498 933 1579; x_wconf 81' lang='lat' dir='ltr'><strong>11qu,</strong></span> <span class='ocrx_word' id='word_1_89' title='bbox 956 1494 989 1560; x_wconf 81' lang='lat' dir='ltr'><strong>ff.</strong></span> <span class='ocrx_word' id='word_1_90' title='bbox 1009 1499 1061 1559; x_wconf 81' lang='lat' dir='ltr'><strong>En</strong></span> <span class='ocrx_word' id='word_1_91' title='bbox 1082 1499 1189 1579; x_wconf 74' lang='lat' dir='ltr'><strong>quidun</strong></span> 
     </span>
     <span class='ocr_line' id='line_1_12' title="bbox 65 1609 1187 1696; baseline 0.004 -23"><span class='ocrx_word' id='word_1_92' title='bbox 65 1617 201 1676; x_wconf 78' lang='lat' dir='ltr'><strong>«comis</strong></span> <span class='ocrx_word' id='word_1_93' title='bbox 219 1609 321 1696; x_wconf 57' lang='lat' dir='ltr'><strong>mat).</strong></span> <span class='ocrx_word' id='word_1_94' title='bbox 340 1614 375 1676; x_wconf 76' lang='lat'><strong>2⁰</strong></span> <span class='ocrx_word' id='word_1_95' title='bbox 390 1613 505 1688; x_wconf 74' lang='lat' dir='ltr'><strong>Minor,</strong></span> <span class='ocrx_word' id='word_1_96' title='bbox 524 1610 578 1676; x_wconf 82' lang='lat' dir='ltr'><strong>rel</strong></span> <span class='ocrx_word' id='word_1_97' title='bbox 597 1609 752 1689; x_wconf 85' lang='lat' dir='ltr'><strong>Ecclesia,</strong></span> <span class='ocrx_word' id='word_1_98' title='bbox 771 1612 797 1675; x_wconf 87' lang='lat' dir='ltr'><strong>si</strong></span> <span class='ocrx_word' id='word_1_99' title='bbox 814 1611 957 1694; x_wconf 81' lang='lat' dir='ltr'><strong>graviter</strong></span> <span class='ocrx_word' id='word_1_100' title='bbox 977 1611 1053 1678; x_wconf 75' lang='lat' dir='ltr'><strong>lusa</strong></span> <span class='ocrx_word' id='word_1_101' title='bbox 1071 1613 1123 1690; x_wconf 88' lang='lat' dir='ltr'><strong>sit,</strong></span> <span class='ocrx_word' id='word_1_102' title='bbox 1147 1631 1187 1678; x_wconf 83' lang='lat' dir='ltr'><strong>ex</strong></span> 
     </span>
     <span class='ocr_line' id='line_1_13' title="bbox 64 1723 1188 1812; baseline 0.004 -24"><span class='ocrx_word' id='word_1_103' title='bbox 64 1726 207 1793; x_wconf 75' lang='lat' dir='ltr'><strong>«officio</strong></span> <span class='ocrx_word' id='word_1_104' title='bbox 224 1725 342 1811; x_wconf 88' lang='lat' dir='ltr'><strong>judicis</strong></span> <span class='ocrx_word' id='word_1_105' title='bbox 359 1727 392 1790; x_wconf 89' lang='lat' dir='ltr'><strong>in</strong></span> <span class='ocrx_word' id='word_1_106' title='bbox 411 1727 576 1810; x_wconf 82' lang='lat' dir='ltr'><strong>integrum</strong></span> <span class='ocrx_word' id='word_1_107' title='bbox 591 1726 721 1791; x_wconf 86' lang='lat' dir='ltr'><strong>restitui</strong></span> <span class='ocrx_word' id='word_1_108' title='bbox 746 1723 856 1803; x_wconf 85' lang='lat' dir='ltr'><strong>debet,</strong></span> <span class='ocrx_word' id='word_1_109' title='bbox 877 1725 941 1790; x_wconf 89' lang='lat' dir='ltr'><strong>etsi</strong></span> <span class='ocrx_word' id='word_1_110' title='bbox 962 1743 1060 1792; x_wconf 88' lang='lat' dir='ltr'><strong>nemo</strong></span> <span class='ocrx_word' id='word_1_111' title='bbox 1075 1727 1118 1792; x_wconf 88' lang='lat' dir='ltr'><strong>sit</strong></span> <span class='ocrx_word' id='word_1_112' title='bbox 1132 1727 1188 1812; x_wconf 83' lang='lat' dir='ltr'><strong>qui</strong></span> 
     </span>
     <span class='ocr_line' id='line_1_14' title="bbox 65 1841 1188 1932; baseline 0.004 -27"><span class='ocrx_word' id='word_1_113' title='bbox 65 1850 190 1928; x_wconf 80' lang='lat' dir='ltr'><strong>«petat</strong></span> <span class='ocrx_word' id='word_1_114' title='bbox 209 1863 216 1908; x_wconf 90' lang='lat'><strong>:</strong></span> <span class='ocrx_word' id='word_1_115' title='bbox 233 1850 267 1910; x_wconf 87' lang='lat' dir='ltr'><strong>ot</strong></span> <span class='ocrx_word' id='word_1_116' title='bbox 282 1841 413 1932; x_wconf 85' lang='lat' dir='ltr'><strong>majoris</strong></span> <span class='ocrx_word' id='word_1_117' title='bbox 436 1844 601 1908; x_wconf 79' lang='lat' dir='ltr'><strong>restitutio</strong></span> <span class='ocrx_word' id='word_1_118' title='bbox 627 1841 670 1908; x_wconf 89' lang='lat' dir='ltr'><strong>ad</strong></span> <span class='ocrx_word' id='word_1_119' title='bbox 695 1841 881 1908; x_wconf 86' lang='lat' dir='ltr'><strong>instantiam</strong></span> <span class='ocrx_word' id='word_1_120' title='bbox 899 1843 1006 1926; x_wconf 89' lang='lat' dir='ltr'><strong>potius</strong></span> <span class='ocrx_word' id='word_1_121' title='bbox 1027 1861 1122 1928; x_wconf 89' lang='lat' dir='ltr'><strong>quam</strong></span> <span class='ocrx_word' id='word_1_122' title='bbox 1147 1863 1188 1910; x_wconf 85' lang='lat' dir='ltr'><strong>ex</strong></span> 
     </span>
     <span class='ocr_line' id='line_1_15' title="bbox 66 1952 1189 2046; baseline 0.007 -28"><span class='ocrx_word' id='word_1_123' title='bbox 66 1982 84 2019; x_wconf 80' lang='lat' dir='ltr'><strong>o</strong></span> <span class='ocrx_word' id='word_1_124' title='bbox 101 1957 208 2024; x_wconf 89' lang='lat' dir='ltr'><strong>ollloio</strong></span> <span class='ocrx_word' id='word_1_125' title='bbox 220 1952 341 2043; x_wconf 80' lang='lat' dir='ltr'><strong>judicis</strong></span> <span class='ocrx_word' id='word_1_126' title='bbox 355 1957 464 2024; x_wconf 85' lang='lat' dir='ltr'><strong>detur.</strong></span> <span class='ocrx_word' id='word_1_127' title='bbox 480 1959 515 2024; x_wconf 76' lang='grc' dir='ltr'><strong>3ο</strong></span> <span class='ocrx_word' id='word_1_128' title='bbox 533 1956 710 2042; x_wconf 86' lang='lat' dir='ltr'><strong>Majoribus</strong></span> <span class='ocrx_word' id='word_1_129' title='bbox 721 1976 786 2046; x_wconf 88' lang='lat' dir='ltr'><strong>non</strong></span> <span class='ocrx_word' id='word_1_130' title='bbox 800 1957 1004 2023; x_wconf 76' lang='lat' dir='ltr'><strong>succurritur</strong></span> <span class='ocrx_word' id='word_1_131' title='bbox 1016 1975 1077 2042; x_wconf 89' lang='lat' dir='ltr'><strong>per</strong></span> <span class='ocrx_word' id='word_1_132' title='bbox 1091 1959 1189 2026; x_wconf 88' lang='lat' dir='ltr'><strong>bene·</strong></span> 
     </span>
     <span class='ocr_line' id='line_1_16' title="bbox 67 2071 1187 2157; baseline 0.008 -24"><span class='ocrx_word' id='word_1_133' title='bbox 67 2097 84 2134; x_wconf 84' lang='lat' dir='ltr'><strong>o</strong></span> <span class='ocrx_word' id='word_1_134' title='bbox 100 2073 214 2139; x_wconf 87' lang='lat' dir='ltr'><strong>ficium</strong></span> <span class='ocrx_word' id='word_1_135' title='bbox 229 2073 444 2140; x_wconf 79' lang='lat' dir='ltr'><strong>restitutionis</strong></span> <span class='ocrx_word' id='word_1_136' title='bbox 458 2075 491 2140; x_wconf 93' lang='lat' dir='ltr'><strong>in</strong></span> <span class='ocrx_word' id='word_1_137' title='bbox 502 2073 679 2156; x_wconf 82' lang='lat' dir='ltr'><strong>integrum,</strong></span> <span class='ocrx_word' id='word_1_138' title='bbox 696 2071 828 2157; x_wconf 82' lang='lat' dir='ltr'><strong>quando</strong></span> <span class='ocrx_word' id='word_1_139' title='bbox 842 2073 989 2157; x_wconf 83' lang='lat' dir='ltr'><strong>suppetit</strong></span> <span class='ocrx_word' id='word_1_140' title='bbox 1005 2073 1187 2142; x_wconf 86' lang='lat' dir='ltr'><strong>remedium</strong></span> 
     </span>
     <span class='ocr_line' id='line_1_17' title="bbox 67 2186 1184 2273; baseline 0.006 -23"><span class='ocrx_word' id='word_1_141' title='bbox 67 2213 85 2250; x_wconf 74' lang='lat' dir='ltr'><strong>n</strong></span> <span class='ocrx_word' id='word_1_142' title='bbox 102 2188 414 2273; x_wconf 86' lang='lat' dir='ltr'><strong>appellationis,ch</strong></span> <span class='ocrx_word' id='word_1_143' title='bbox 433 2187 522 2254; x_wconf 88' lang='lat' dir='ltr'><strong>eliud</strong></span> <span class='ocrx_word' id='word_1_144' title='bbox 538 2186 750 2267; x_wconf 86' lang='lat' dir='ltr'><strong>ordinarium,</strong></span> <span class='ocrx_word' id='word_1_145' title='bbox 769 2205 835 2272; x_wconf 88' lang='lat' dir='ltr'><strong>quo</strong></span> <span class='ocrx_word' id='word_1_146' title='bbox 854 2187 978 2254; x_wconf 85' lang='lat' dir='ltr'><strong>lusioni</strong></span> <span class='ocrx_word' id='word_1_147' title='bbox 992 2200 1184 2258; x_wconf 76' lang='lat' dir='ltr'><strong>monument:</strong></span> 
     </span>
     <span class='ocr_line' id='line_1_18' title="bbox 68 2304 1188 2398; baseline 0.007 -32"><span class='ocrx_word' id='word_1_148' title='bbox 68 2330 85 2367; x_wconf 80' lang='lat' dir='ltr'><strong>a</strong></span> <span class='ocrx_word' id='word_1_149' title='bbox 100 2313 136 2372; x_wconf 83' lang='lat' dir='ltr'><strong>at</strong></span> <span class='ocrx_word' id='word_1_150' title='bbox 155 2305 336 2372; x_wconf 88' lang='lat' dir='ltr'><strong>minoribus</strong></span> <span class='ocrx_word' id='word_1_151' title='bbox 358 2307 447 2372; x_wconf 86' lang='lat' dir='ltr'><strong>otiis</strong></span> <span class='ocrx_word' id='word_1_152' title='bbox 469 2307 525 2392; x_wconf 89' lang='lat' dir='ltr'><strong>qui</strong></span> <span class='ocrx_word' id='word_1_153' title='bbox 545 2304 620 2390; x_wconf 82' lang='lat' dir='ltr'><strong>jure</strong></span> <span class='ocrx_word' id='word_1_154' title='bbox 640 2307 800 2372; x_wconf 87' lang='lat' dir='ltr'><strong>minorum</strong></span> <span class='ocrx_word' id='word_1_155' title='bbox 819 2304 976 2398; x_wconf 79' lang='lat' dir='ltr'><strong>gaudent,</strong></span> <span class='ocrx_word' id='word_1_156' title='bbox 990 2306 1188 2376; x_wconf 86' lang='lat' dir='ltr'><strong>beneficium</strong></span> 
     </span>
     <span class='ocr_line' id='line_1_19' title="bbox 68 2420 1190 2506; baseline 0.006 -23"><span class='ocrx_word' id='word_1_157' title='bbox 68 2447 85 2484; x_wconf 76' lang='lat' dir='ltr'><strong>a</strong></span> <span class='ocrx_word' id='word_1_158' title='bbox 102 2421 169 2490; x_wconf 91' lang='lat' dir='ltr'><strong>hoc</strong></span> <span class='ocrx_word' id='word_1_159' title='bbox 188 2421 389 2506; x_wconf 80' lang='lat' dir='ltr'><strong>indulgetur,</strong></span> <span class='ocrx_word' id='word_1_160' title='bbox 412 2423 512 2490; x_wconf 86' lang='lat' dir='ltr'><strong>etium</strong></span> <span class='ocrx_word' id='word_1_161' title='bbox 531 2441 606 2488; x_wconf 91' lang='lat' dir='ltr'><strong>oum</strong></span> <span class='ocrx_word' id='word_1_162' title='bbox 622 2420 713 2488; x_wconf 89' lang='lat' dir='ltr'><strong>aliud</strong></span> <span class='ocrx_word' id='word_1_163' title='bbox 731 2421 915 2491; x_wconf 86' lang='lat' dir='ltr'><strong>remedium</strong></span> <span class='ocrx_word' id='word_1_164' title='bbox 933 2421 1065 2488; x_wconf 78' lang='lat' dir='ltr'><strong>haberit.</strong></span> <span class='ocrx_word' id='word_1_165' title='bbox 1083 2426 1118 2489; x_wconf 74' lang='lat'><strong>⁴⁰</strong></span> <span class='ocrx_word' id='word_1_166' title='bbox 1134 2426 1190 2490; x_wconf 85' lang='lat' dir='ltr'><strong>lli·</strong></span> 
     </span>
     <span class='ocr_line' id='line_1_20' title="bbox 68 2538 1189 2624; baseline 0.006 -25"><span class='ocrx_word' id='word_1_167' title='bbox 68 2557 165 2605; x_wconf 81' lang='lat' dir='ltr'><strong>onor</strong></span> <span class='ocrx_word' id='word_1_168' title='bbox 180 2538 378 2617; x_wconf 88' lang='lat' dir='ltr'><strong>restituitur,</strong></span> <span class='ocrx_word' id='word_1_169' title='bbox 396 2539 543 2624; x_wconf 75' lang='lat' dir='ltr'><strong>quamvis</strong></span> <span class='ocrx_word' id='word_1_170' title='bbox 564 2544 676 2606; x_wconf 87' lang='lat' dir='ltr'><strong>tutore</strong></span> <span class='ocrx_word' id='word_1_171' title='bbox 699 2539 754 2603; x_wconf 82' lang='lat' dir='ltr'><strong>rel</strong></span> <span class='ocrx_word' id='word_1_172' title='bbox 778 2542 933 2604; x_wconf 83' lang='lat' dir='ltr'><strong>osretore</strong></span> <span class='ocrx_word' id='word_1_173' title='bbox 952 2539 1189 2606; x_wconf 75' lang='lat' dir='ltr'><strong>interveniente</strong></span> 
     </span>
     <span class='ocr_line' id='line_1_21' title="bbox 69 2639 1190 2739; baseline 0.007 -26"><span class='ocrx_word' id='word_1_174' title='bbox 69 2681 83 2713; x_wconf 74' lang='lat' dir='ltr'><strong>a</strong></span> <span class='ocrx_word' id='word_1_175' title='bbox 99 2639 199 2720; x_wconf 87' lang='lat' dir='ltr'><strong>laesus</strong></span> <span class='ocrx_word' id='word_1_176' title='bbox 214 2655 312 2719; x_wconf 88' lang='lat' dir='ltr'><strong>sit...:</strong></span> <span class='ocrx_word' id='word_1_177' title='bbox 329 2662 363 2721; x_wconf 90' lang='lat' dir='ltr'><strong>at</strong></span> <span class='ocrx_word' id='word_1_178' title='bbox 376 2653 490 2739; x_wconf 87' lang='lat' dir='ltr'><strong>major,</strong></span> <span class='ocrx_word' id='word_1_179' title='bbox 504 2656 531 2719; x_wconf 86' lang='lat' dir='ltr'><strong>si</strong></span> <span class='ocrx_word' id='word_1_180' title='bbox 545 2653 661 2720; x_wconf 88' lang='lat' dir='ltr'><strong>absens</strong></span> <span class='ocrx_word' id='word_1_181' title='bbox 675 2657 922 2738; x_wconf 87' lang='lat' dir='ltr'><strong>procuratorem</strong></span> <span class='ocrx_word' id='word_1_182' title='bbox 935 2653 978 2719; x_wconf 91' lang='lat' dir='ltr'><strong>ad</strong></span> <span class='ocrx_word' id='word_1_183' title='bbox 989 2673 1046 2720; x_wconf 87' lang='lat' dir='ltr'><strong>suo</strong></span> <span class='ocrx_word' id='word_1_184' title='bbox 1061 2657 1190 2739; x_wconf 70' lang='lat' dir='ltr'><strong>aegeus</strong></span> 
     </span>
     <span class='ocr_line' id='line_1_22' title="bbox 70 2755 1189 2857; baseline 0.004 -24"><span class='ocrx_word' id='word_1_185' title='bbox 70 2777 143 2836; x_wconf 76' lang='lat' dir='ltr'><strong>«et</strong></span> <span class='ocrx_word' id='word_1_186' title='bbox 171 2769 246 2836; x_wconf 85' lang='lat' dir='ltr'><strong>lites</strong></span> <span class='ocrx_word' id='word_1_187' title='bbox 265 2755 425 2855; x_wconf 63' lang='lat' dir='ltr'><strong>&#39;reliqum</strong></span> <span class='ocrx_word' id='word_1_188' title='bbox 456 2782 521 2836; x_wconf 89' lang='lat' dir='ltr'><strong>non</strong></span> <span class='ocrx_word' id='word_1_189' title='bbox 552 2770 748 2836; x_wconf 87' lang='lat' dir='ltr'><strong>restituitor.</strong></span> <span class='ocrx_word' id='word_1_190' title='bbox 773 2792 789 2830; x_wconf 90' lang='lat'>»</span> <span class='ocrx_word' id='word_1_191' title='bbox 819 2770 1140 2857; x_wconf 83' lang='lat' dir='ltr'><strong>(sohmolrgmeber,</strong></span> <span class='ocrx_word' id='word_1_192' title='bbox 1155 2773 1189 2837; x_wconf 89' lang='lat' dir='ltr'><strong>tn</strong></span> 
     </span>
     <span class='ocr_line' id='line_1_23' title="bbox 66 2883 620 2970; baseline -0.005 -16"><span class='ocrx_word' id='word_1_193' title='bbox 66 2890 122 2954; x_wconf 88' lang='lat' dir='ltr'><strong>tit.</strong></span> <span class='ocrx_word' id='word_1_194' title='bbox 141 2890 198 2967; x_wconf 81' lang='lat' dir='ltr'><strong>ll,</strong></span> <span class='ocrx_word' id='word_1_195' title='bbox 212 2887 316 2953; x_wconf 89' lang='lat' dir='ltr'><strong>libril</strong></span> <span class='ocrx_word' id='word_1_196' title='bbox 338 2885 482 2963; x_wconf 79' lang='lat' dir='ltr'><strong>decret,</strong></span> <span class='ocrx_word' id='word_1_197' title='bbox 500 2905 533 2950; x_wconf 92' lang='lat' dir='ltr'><strong>n.</strong></span> <span class='ocrx_word' id='word_1_198' title='bbox 555 2883 620 2970; x_wconf 88' lang='grc'><strong>13.)</strong></span> 
     </span>
    </p>

    <p class='ocr_par' dir='ltr' id='par_1_3' title="bbox 68 3006 1194 4484">
     <span class='ocr_line' id='line_1_24' title="bbox 115 3006 1189 3092; baseline -0.001 -20"><span class='ocrx_word' id='word_1_199' title='bbox 115 3006 272 3087; x_wconf 76' lang='lat' dir='ltr'><strong>Qomsmu</strong></span> <span class='ocrx_word' id='word_1_200' title='bbox 283 3007 327 3071; x_wconf 80' lang='lat'><strong>6¹.</strong></span> <span class='ocrx_word' id='word_1_201' title='bbox 346 3041 392 3052; x_wconf 91' lang='lat'><strong>--</strong></span> <span class='ocrx_word' id='word_1_202' title='bbox 406 3009 536 3085; x_wconf 76' lang='lat' dir='ltr'><strong>Quinam</strong></span> <span class='ocrx_word' id='word_1_203' title='bbox 545 3006 665 3086; x_wconf 76' lang='lat' dir='ltr'><strong>judicu</strong></span> <span class='ocrx_word' id='word_1_204' title='bbox 680 3009 899 3069; x_wconf 84' lang='lat' dir='ltr'><strong>restitutionem</strong></span> <span class='ocrx_word' id='word_1_205' title='bbox 912 3011 946 3069; x_wconf 85' lang='lat' dir='ltr'><strong>in</strong></span> <span class='ocrx_word' id='word_1_206' title='bbox 959 3011 1110 3088; x_wconf 80' lang='lat' dir='ltr'><strong>inteprum</strong></span> <span class='ocrx_word' id='word_1_207' title='bbox 1117 3025 1189 3092; x_wconf 82' lang='lat' dir='ltr'><strong>por·</strong></span> 
     </span>
     <span class='ocr_line' id='line_1_25' title="bbox 68 3119 1189 3205; baseline 0.004 -19"><span class='ocrx_word' id='word_1_208' title='bbox 68 3127 135 3186; x_wconf 69' lang='lat' dir='ltr'><strong>ant</strong></span> <span class='ocrx_word' id='word_1_209' title='bbox 146 3123 323 3185; x_wconf 82' lang='lat' dir='ltr'><strong>comedere?</strong></span> <span class='ocrx_word' id='word_1_210' title='bbox 337 3155 382 3168; x_wconf 90' lang='lat'><strong>--</strong></span> <span class='ocrx_word' id='word_1_211' title='bbox 396 3119 510 3201; x_wconf 82' lang='lat' dir='ltr'><strong>Quoad</strong></span> <span class='ocrx_word' id='word_1_212' title='bbox 525 3119 608 3185; x_wconf 84' lang='lat' dir='ltr'><strong>hanc</strong></span> <span class='ocrx_word' id='word_1_213' title='bbox 625 3119 836 3205; x_wconf 78' lang='lat' dir='ltr'><strong>questionem</strong></span> <span class='ocrx_word' id='word_1_214' title='bbox 851 3121 1007 3205; x_wconf 88' lang='lat' dir='ltr'><strong>imprimis</strong></span> <span class='ocrx_word' id='word_1_215' title='bbox 1021 3121 1189 3191; x_wconf 87' lang='lat' dir='ltr'><strong>attenden—</strong></span> 
     </span>
     <span class='ocr_line' id='line_1_26' title="bbox 69 3233 1191 3318; baseline 0.004 -17"><span class='ocrx_word' id='word_1_216' title='bbox 69 3235 154 3301; x_wconf 90' lang='lat' dir='ltr'><strong>dum</strong></span> <span class='ocrx_word' id='word_1_217' title='bbox 181 3241 233 3300; x_wconf 86' lang='lat' dir='ltr'><strong>est</strong></span> <span class='ocrx_word' id='word_1_218' title='bbox 255 3233 298 3299; x_wconf 85' lang='lat' dir='ltr'><strong>ed</strong></span> <span class='ocrx_word' id='word_1_219' title='bbox 316 3241 414 3318; x_wconf 87' lang='lat' dir='ltr'><strong>eaput</strong></span> <span class='ocrx_word' id='word_1_220' title='bbox 429 3237 461 3312; x_wconf 90' lang='grc'><strong>9,</strong></span> <span class='ocrx_word' id='word_1_221' title='bbox 482 3233 572 3299; x_wconf 91' lang='lat' dir='ltr'><strong>tituli</strong></span> <span class='ocrx_word' id='word_1_222' title='bbox 594 3235 648 3312; x_wconf 79' lang='lat' dir='ltr'><strong>tl,</strong></span> <span class='ocrx_word' id='word_1_223' title='bbox 679 3235 756 3301; x_wconf 89' lang='lat' dir='ltr'><strong>libri</strong></span> <span class='ocrx_word' id='word_1_224' title='bbox 786 3237 797 3300; x_wconf 89' lang='lat' dir='ltr'><strong>i</strong></span> <span class='ocrx_word' id='word_1_225' title='bbox 824 3233 1050 3317; x_wconf 73' lang='lat' dir='ltr'><strong>decretalium,</strong></span> <span class='ocrx_word' id='word_1_226' title='bbox 1065 3240 1191 3305; x_wconf 87' lang='lat' dir='ltr'><strong>tenoris</strong></span> 
     </span>
     <span class='ocr_line' id='line_1_27' title="bbox 70 3349 1190 3439; baseline 0.001 -20"><span class='ocrx_word' id='word_1_227' title='bbox 70 3349 323 3439; x_wconf 88' lang='lat' dir='ltr'><strong>hujuscemodi:</strong></span> <span class='ocrx_word' id='word_1_228' title='bbox 343 3354 442 3415; x_wconf 79' lang='lat' dir='ltr'><strong>Caura</strong></span> <span class='ocrx_word' id='word_1_229' title='bbox 465 3355 718 3415; x_wconf 79' lang='lat' dir='ltr'><strong>restitutionum</strong></span> <span class='ocrx_word' id='word_1_230' title='bbox 742 3357 893 3436; x_wconf 61' lang='lat' dir='ltr'><strong>integrum</strong></span> <span class='ocrx_word' id='word_1_231' title='bbox 917 3373 1018 3418; x_wconf 87' lang='lat' dir='ltr'><strong>coram</strong></span> <span class='ocrx_word' id='word_1_232' title='bbox 1034 3359 1190 3439; x_wconf 63' lang='lat' dir='ltr'><strong>judium</strong></span> 
     </span>
     <span class='ocr_line' id='line_1_28' title="bbox 70 3467 1191 3551; baseline 0.003 -19"><span class='ocrx_word' id='word_1_233' title='bbox 70 3472 241 3534; x_wconf 85' lang='lat' dir='ltr'><strong>ordinariis</strong></span> <span class='ocrx_word' id='word_1_234' title='bbox 254 3469 548 3532; x_wconf 78' lang='lat' dir='ltr'><strong>administrationem</strong></span> <span class='ocrx_word' id='word_1_235' title='bbox 563 3467 749 3547; x_wconf 74' lang='lat' dir='ltr'><strong>namatium,</strong></span> <span class='ocrx_word' id='word_1_236' title='bbox 767 3470 816 3532; x_wconf 83' lang='lat' dir='ltr'><strong>ael</strong></span> <span class='ocrx_word' id='word_1_237' title='bbox 836 3471 984 3551; x_wconf 81' lang='lat' dir='ltr'><strong>dolapotic</strong></span> <span class='ocrx_word' id='word_1_238' title='bbox 995 3472 1034 3534; x_wconf 84' lang='lat' dir='ltr'><strong>ab</strong></span> <span class='ocrx_word' id='word_1_239' title='bbox 1051 3477 1106 3550; x_wconf 83' lang='lat' dir='ltr'><strong>ete,</strong></span> <span class='ocrx_word' id='word_1_240' title='bbox 1126 3480 1191 3535; x_wconf 88' lang='lat' dir='ltr'><strong>tra·</strong></span> 
     </span>
     <span class='ocr_line' id='line_1_29' title="bbox 70 3582 1191 3666; baseline 0.002 -17"><span class='ocrx_word' id='word_1_241' title='bbox 70 3591 153 3650; x_wconf 83' lang='lat' dir='ltr'><strong>atari</strong></span> <span class='ocrx_word' id='word_1_242' title='bbox 168 3589 280 3666; x_wconf 84' lang='lat' dir='ltr'><strong>poterit</strong></span> <span class='ocrx_word' id='word_1_243' title='bbox 297 3589 327 3646; x_wconf 86' lang='lat' dir='ltr'><strong>et</strong></span> <span class='ocrx_word' id='word_1_244' title='bbox 344 3582 443 3661; x_wconf 75' lang='lat' dir='ltr'><strong>finiri,</strong></span> <span class='ocrx_word' id='word_1_245' title='bbox 465 3587 528 3646; x_wconf 83' lang='lat' dir='ltr'><strong>riae</strong></span> <span class='ocrx_word' id='word_1_246' title='bbox 546 3583 600 3644; x_wconf 81' lang='lat' dir='ltr'><strong>noo</strong></span> <span class='ocrx_word' id='word_1_247' title='bbox 621 3587 697 3664; x_wconf 73' lang='lat' dir='ltr'><strong>ipsu</strong></span> <span class='ocrx_word' id='word_1_248' title='bbox 715 3585 862 3665; x_wconf 71' lang='lat' dir='ltr'><strong>domantia</strong></span> <span class='ocrx_word' id='word_1_249' title='bbox 884 3587 1054 3666; x_wconf 76' lang='lat' dir='ltr'><strong>specialiter</strong></span> <span class='ocrx_word' id='word_1_250' title='bbox 1067 3589 1191 3650; x_wconf 75' lang='lat' dir='ltr'><strong>demon</strong></span> 
     </span>
     <span class='ocr_line' id='line_1_30' title="bbox 72 3702 1192 3782; baseline 0.004 -18"><span class='ocrx_word' id='word_1_251' title='bbox 72 3705 182 3765; x_wconf 64' lang='lat' dir='ltr'><strong>mium</strong></span> <span class='ocrx_word' id='word_1_252' title='bbox 203 3702 314 3780; x_wconf 76' lang='lat' dir='ltr'><strong>feerit,</strong></span> <span class='ocrx_word' id='word_1_253' title='bbox 344 3703 407 3762; x_wconf 82' lang='lat' dir='ltr'><strong>stae</strong></span> <span class='ocrx_word' id='word_1_254' title='bbox 423 3703 457 3762; x_wconf 83' lang='lat' dir='ltr'><strong>in</strong></span> <span class='ocrx_word' id='word_1_255' title='bbox 482 3703 636 3761; x_wconf 81' lang='lat' dir='ltr'><strong>commisso</strong></span> <span class='ocrx_word' id='word_1_256' title='bbox 663 3703 706 3760; x_wconf 86' lang='lat' dir='ltr'><strong>eis</strong></span> <span class='ocrx_word' id='word_1_257' title='bbox 736 3704 854 3780; x_wconf 78' lang='lat' dir='ltr'><strong>nepotio</strong></span> <span class='ocrx_word' id='word_1_258' title='bbox 877 3705 1032 3782; x_wconf 80' lang='lat' dir='ltr'><strong>coatinpat</strong></span> <span class='ocrx_word' id='word_1_259' title='bbox 1061 3705 1192 3768; x_wconf 74' lang='lat' dir='ltr'><strong>trudere</strong></span> 
     </span>
     <span class='ocr_line' id='line_1_31' title="bbox 72 3815 1193 3900; baseline 0.004 -21"><span class='ocrx_word' id='word_1_260' title='bbox 72 3817 245 3900; x_wconf 76' lang='lat' dir='ltr'><strong>hujusmodi</strong></span> <span class='ocrx_word' id='word_1_261' title='bbox 268 3820 470 3896; x_wconf 73' lang='lat' dir='ltr'><strong>mentionem.</strong></span> <span class='ocrx_word' id='word_1_262' title='bbox 494 3815 631 3895; x_wconf 80' lang='lat' dir='ltr'><strong>Delepati</strong></span> <span class='ocrx_word' id='word_1_263' title='bbox 645 3831 715 3876; x_wconf 86' lang='lat' dir='ltr'><strong>aero</strong></span> <span class='ocrx_word' id='word_1_264' title='bbox 734 3815 773 3877; x_wconf 81' lang='lat' dir='ltr'><strong>alr</strong></span> <span class='ocrx_word' id='word_1_265' title='bbox 795 3816 973 3895; x_wconf 81' lang='lat' dir='ltr'><strong>ordinariis,</strong></span> <span class='ocrx_word' id='word_1_266' title='bbox 990 3821 1044 3896; x_wconf 78' lang='lat' dir='ltr'><strong>pai</strong></span> <span class='ocrx_word' id='word_1_267' title='bbox 1060 3820 1193 3883; x_wconf 77' lang='lat' dir='ltr'><strong>omnint·</strong></span> 
     </span>
     <span class='ocr_line' id='line_1_32' title="bbox 72 3931 1193 4016; baseline 0.003 -17"><span class='ocrx_word' id='word_1_268' title='bbox 72 3938 250 3999; x_wconf 76' lang='lat' dir='ltr'><strong>strationem</strong></span> <span class='ocrx_word' id='word_1_269' title='bbox 264 3949 325 3996; x_wconf 90' lang='lat' dir='ltr'><strong>non</strong></span> <span class='ocrx_word' id='word_1_270' title='bbox 338 3931 458 4010; x_wconf 77' lang='lat' dir='ltr'><strong>labent,</strong></span> <span class='ocrx_word' id='word_1_271' title='bbox 474 3933 527 3995; x_wconf 85' lang='lat' dir='ltr'><strong>scd</strong></span> <span class='ocrx_word' id='word_1_272' title='bbox 539 3933 746 3994; x_wconf 86' lang='lat' dir='ltr'><strong>tantummodo</strong></span> <span class='ocrx_word' id='word_1_273' title='bbox 759 3932 936 4011; x_wconf 78' lang='lat' dir='ltr'><strong>fucultatem</strong></span> <span class='ocrx_word' id='word_1_274' title='bbox 946 3935 1121 4016; x_wconf 85' lang='lat' dir='ltr'><strong>judicandi,</strong></span> <span class='ocrx_word' id='word_1_275' title='bbox 1141 3955 1193 4002; x_wconf 83' lang='lat' dir='ltr'><strong>scu</strong></span> 
     </span>
     <span class='ocr_line' id='line_1_33' title="bbox 73 4049 1193 4130; baseline 0 -14"><span class='ocrx_word' id='word_1_276' title='bbox 73 4054 198 4130; x_wconf 80' lang='lat' dir='ltr'><strong>arbitri,</strong></span> <span class='ocrx_word' id='word_1_277' title='bbox 218 4051 255 4114; x_wconf 76' lang='lat' dir='ltr'><strong>tle</strong></span> <span class='ocrx_word' id='word_1_278' title='bbox 279 4049 336 4111; x_wconf 75' lang='lat' dir='ltr'><strong>loo</strong></span> <span class='ocrx_word' id='word_1_279' title='bbox 357 4067 448 4111; x_wconf 83' lang='lat' dir='ltr'><strong>eausa</strong></span> <span class='ocrx_word' id='word_1_280' title='bbox 467 4065 637 4129; x_wconf 72' lang='lat' dir='ltr'><strong>roanoseore</strong></span> <span class='ocrx_word' id='word_1_281' title='bbox 655 4054 814 4128; x_wconf 78' lang='lat' dir='ltr'><strong>noqueunt,</strong></span> <span class='ocrx_word' id='word_1_282' title='bbox 840 4053 903 4111; x_wconf 78' lang='lat' dir='ltr'><strong>niti</strong></span> <span class='ocrx_word' id='word_1_283' title='bbox 920 4067 1021 4113; x_wconf 84' lang='lat' dir='ltr'><strong>corum</strong></span> <span class='ocrx_word' id='word_1_284' title='bbox 1046 4057 1090 4114; x_wconf 82' lang='lat' dir='ltr'><strong>eis</strong></span> <span class='ocrx_word' id='word_1_285' title='bbox 1112 4060 1193 4118; x_wconf 87' lang='lat' dir='ltr'><strong>moto</strong></span> 
     </span>
     <span class='ocr_line' id='line_1_34' title="bbox 74 4156 1193 4249; baseline 0.003 -18"><span class='ocrx_word' id='word_1_286' title='bbox 74 4172 170 4249; x_wconf 74' lang='lat' dir='ltr'><strong>faerit</strong></span> <span class='ocrx_word' id='word_1_287' title='bbox 189 4166 366 4229; x_wconf 74' lang='lat' dir='ltr'><strong>innianter.</strong></span> <span class='ocrx_word' id='word_1_288' title='bbox 394 4163 433 4227; x_wconf 94' lang='lat' dir='ltr'><strong>In</strong></span> <span class='ocrx_word' id='word_1_289' title='bbox 457 4163 519 4227; x_wconf 90' lang='lat' dir='ltr'><strong>hac</strong></span> <span class='ocrx_word' id='word_1_290' title='bbox 547 4160 706 4228; x_wconf 85' lang='lat' dir='ltr'><strong>decretali</strong></span> <span class='ocrx_word' id='word_1_291' title='bbox 734 4156 958 4229; x_wconf 83' lang='lat' dir='ltr'><strong>diffioultutem</strong></span> <span class='ocrx_word' id='word_1_292' title='bbox 989 4163 1115 4232; x_wconf 88' lang='lat' dir='ltr'><strong>faciunt</strong></span> <span class='ocrx_word' id='word_1_293' title='bbox 1138 4168 1193 4234; x_wconf 87' lang='lat' dir='ltr'><strong>illa</strong></span> 
     </span>
     <span class='ocr_line' id='line_1_35' title="bbox 75 4281 1194 4368; baseline 0.004 -23"><span class='ocrx_word' id='word_1_294' title='bbox 75 4282 178 4349; x_wconf 81' lang='lat' dir='ltr'><strong>verbo</strong></span> <span class='ocrx_word' id='word_1_295' title='bbox 192 4283 349 4366; x_wconf 67' lang='lat' dir='ltr'><strong>jeminum</strong></span> <span class='ocrx_word' id='word_1_296' title='bbox 373 4282 540 4344; x_wconf 76' lang='lat' dir='ltr'><strong>maineriis</strong></span> <span class='ocrx_word' id='word_1_297' title='bbox 565 4281 859 4343; x_wconf 77' lang='lat' dir='ltr'><strong>administrationem</strong></span> <span class='ocrx_word' id='word_1_298' title='bbox 889 4281 1083 4362; x_wconf 71' lang='lat' dir='ltr'><strong>momentus,</strong></span> <span class='ocrx_word' id='word_1_299' title='bbox 1113 4301 1194 4368; x_wconf 87' lang='lat' dir='ltr'><strong>quo-</strong></span> 
     </span>
     <span class='ocr_line' id='line_1_36' title="bbox 76 4393 1191 4484; baseline -0.009 -20"><span class='ocrx_word' id='word_1_300' title='bbox 76 4419 148 4465; x_wconf 89' lang='lat' dir='ltr'><strong>rum</strong></span> <span class='ocrx_word' id='word_1_301' title='bbox 163 4415 278 4464; x_wconf 88' lang='lat' dir='ltr'><strong>sensus</strong></span> <span class='ocrx_word' id='word_1_302' title='bbox 293 4397 353 4460; x_wconf 87' lang='lat' dir='ltr'><strong>uisi</strong></span> <span class='ocrx_word' id='word_1_303' title='bbox 367 4396 457 4479; x_wconf 88' lang='lat' dir='ltr'><strong>prius</strong></span> <span class='ocrx_word' id='word_1_304' title='bbox 470 4393 718 4470; x_wconf 86' lang='lat' dir='ltr'><strong>determinetur,</strong></span> <span class='ocrx_word' id='word_1_305' title='bbox 737 4393 824 4458; x_wconf 89' lang='lat' dir='ltr'><strong>olurc</strong></span> <span class='ocrx_word' id='word_1_306' title='bbox 845 4394 927 4460; x_wconf 86' lang='lat' dir='ltr'><strong>solvi</strong></span> <span class='ocrx_word' id='word_1_307' title='bbox 942 4397 1056 4480; x_wconf 86' lang='lat' dir='ltr'><strong>nequit</strong></span> <span class='ocrx_word' id='word_1_308' title='bbox 1071 4414 1191 4484; x_wconf 82' lang='lat' dir='ltr'><strong>propo.</strong></span> 
     </span>
    </p>
   </div>
   <div class='ocr_carea' id='block_1_3' title="bbox 0 0 1427 5114">
    <p class='ocr_par' dir='ltr' id='par_1_4' title="bbox 0 0 1427 5114">
     <span class='ocr_line' id='line_1_37' title="bbox 0 0 1427 5114; baseline 0 0"><span class='ocrx_word' id='word_1_309' title='bbox 0 0 1427 5114; x_wconf 95' lang='lat' dir='ltr'><strong> </strong></span> 
     </span>
    </p>
   </div>
  </div>
 </body>
</html>
