2914 5122
231 334 271 400 ot
575 346 764 392 rusorsrus
788 345 831 389 os
854 343 1001 390 runicus.

229 475 391 560 scopalem
406 470 631 557 presentant.
643 471 723 536 Nam
730 476 832 552 primo
845 469 868 534 ii
880 476 992 533 textus
1004 464 1345 540 nonuntumticitam,

229 589 288 658 sed
304 599 339 656 et
361 588 584 674 obligatoriam
602 585 723 650 dictam
745 585 961 650 visitationem
986 582 1191 649 decernunt:
1211 584 1351 646 Decrevi-

229 728 306 787 mus,
321 714 355 770 ut
370 711 481 771 annuis
495 706 609 768 uicibus
626 706 664 766 ab
681 706 825 784 Episcopo
841 705 976 766 dioeceses
998 706 1160 763 visitentur
1187 697 1270 783 (cap.
1295 699 1348 774 to,
1445 680 1446 738 ἕ

230 841 333 888 oausae
353 824 405 898 10,
418 839 451 905 q.
472 817 515 903 l).
532 823 711 902 Episcopum
725 820 952 898 singulisannis
968 822 1012 880 ire
1035 821 1162 896 oportet,
1182 820 1217 876 ut
1244 819 1351 893 enqui-

230 948 321 1004 rat...
341 938 423 1025 (cap
443 939 477 1001 ΙΙ
501 932 648 1021 ejusdem
661 932 794 1017 causae).
813 939 953 1018 Episcopi
963 939 1118 1015 propriam
1136 934 1285 995 diaecesim
1295 949 1351 1010 per

230 1065 352 1140 scipsos,
368 1063 433 1136 aut,
451 1061 480 1118 si
491 1059 621 1136 lepitime
633 1057 770 1135 impediti
787 1055 913 1132 suerint,
926 1073 981 1135 per
997 1072 1083 1115 snum
1095 1055 1247 1114 Vicariurn
1264 1067 1352 1128 pene-

230 1179 336 1253 rulem,
356 1182 410 1238 aut
429 1179 626 1252 visitatorem,
636 1177 664 1234 si
677 1177 837 1252 quotannis
850 1179 943 1234 totam
946 1178 1072 1252 propter
1084 1174 1147 1252 ejus
1157 1169 1352 1231 latitudinem

230 1297 356 1362 uisitare
369 1310 429 1355 nan
437 1295 612 1372 potuerunt,
631 1290 737 1350 saltem
750 1293 891 1370 majorem
909 1294 972 1371 ejus
989 1293 1120 1368 partem,
1140 1291 1186 1347 itu
1202 1291 1303 1346 tamen
1318 1289 1352 1344 ut

231 1413 294 1468 tota
324 1407 440 1468 biennia
458 1424 512 1486 per
529 1423 569 1481 se,
589 1404 636 1465 uel
652 1421 709 1483 per
723 1407 895 1465 visitatores
920 1421 988 1464 suos
1005 1403 1198 1482 compleatur,
1226 1403 1354 1460 uisitare

231 1541 291 1585 nou
304 1525 554 1602 pretermittant.
588 1518 695 1604 (Cano.
714 1516 814 1594 Trid,
837 1538 914 1582 sess.
931 1519 983 1596 24,
1007 1535 1078 1600 cap.
1099 1519 1117 1580 3
1135 1517 1172 1578 dc
1188 1510 1269 1597 lies.)
1299 1515 1354 1578 Se-

229 1639 325 1701 cundo
352 1634 453 1699 iidem
467 1640 578 1699 textus
592 1640 706 1734 apepte
731 1634 873 1697 innuunt
900 1632 1085 1716 generalem
1114 1630 1352 1714 inquisitionem

230 1750 423 1817 delictorum
434 1750 467 1814 in
479 1749 550 1832 ipso
561 1747 862 1813 visitationisofficio
874 1748 1005 1813 involvi.
1022 1748 1073 1811 Sic
1084 1747 1118 1810 in
1129 1747 1235 1809 eitatae
1246 1761 1352 1808 causae
1448 1788 1449 1808 t

230 1868 335 1950 cupite
356 1868 406 1943 11,
421 1864 542 1929 dicitur
555 1871 585 1927 et
597 1871 835 1928 ministrantium
858 1872 953 1928 vitum
966 1870 1134 1947 ipquirant.
1151 1863 1192 1928 Et
1209 1861 1242 1924 in
1252 1861 1353 1924 citato
1448 1885 1449 1892 ¹

230 1981 367 2049 decreto
383 1979 570 2046 Tridentino
591 2003 597 2044 :
615 1985 830 2045 Visitationum
848 1989 948 2044 autem
969 1987 1101 2054 omnium
1126 1986 1256 2042 istarum
1272 1997 1354 2060 prce-

229 2103 333 2182 cipnus
349 2103 390 2159 sit
405 2116 519 2178 scopus,
538 2115 643 2158 sanam
658 2097 911 2180 articulorumque
922 2100 1101 2175 doctrinam,
1118 2095 1354 2176 eapuisislroere-

230 2217 322 2291 sibus,
338 2216 489 2292 inducere,
508 2215 596 2276 bonos
608 2233 704 2279 mores
715 2220 803 2294 tueri,
818 2219 1096 2295 prauosrorripere.
1111 2211 1156 2276 Ut
1166 2211 1251 2276 enim
1265 2209 1353 2274 bunc

230 2348 366 2412 scopum
380 2329 527 2394 obtineat
543 2330 731 2414 Episcopus,
750 2327 851 2396 debet
864 2338 939 2396 ante
957 2331 1065 2414 omnia
1078 2348 1224 2414 querere
1239 2335 1353 2392 utrum
1449 2387 1450 2390 ,

230 2445 264 2510 in
278 2445 350 2510 loco
365 2427 493 2508 visitato
514 2446 577 2517 sint
595 2444 738 2510 haretici
755 2453 812 2510 out
832 2447 925 2528 pravi
939 2465 1056 2523 mosee,
1076 2444 1202 2510 etiamsi
1228 2444 1352 2507 nullam

229 2563 263 2626 in
274 2560 462 2644 particulari
472 2578 643 2643 personam
658 2568 769 2626 noscat
781 2560 822 2627 de
837 2559 953 2626 baeresi
963 2560 1067 2626 aliove
1084 2559 1206 2626 delicto
1219 2558 1354 2622 infama-
1450 2583 1451 2624 3

230 2685 297 2743 tam
315 2699 322 2742 :
342 2676 401 2742 sed
413 2677 473 2742 boc
487 2675 585 2740 modo
604 2693 763 2760 quaerero,
783 2684 833 2742 est
848 2677 1012 2760 inquirere
1020 2679 1211 2757 generaliter.

275 2793 316 2860 At
335 2812 416 2859 vero
430 2793 554 2858 etiamsi
572 2790 725 2858 deessent
733 2797 844 2858 textus
860 2791 943 2876 juris
959 2794 1101 2876 rigorose
1116 2811 1187 2856 rem
1210 2791 1352 2875 proban-

230 2915 292 2988 tes,
304 2908 434 2974 omnino
451 2908 657 2972 nihilominus
671 2927 712 2996 ex
737 2909 807 2990 ipso
823 2889 1056 2992 Episcoporam
1079 2907 1182 2974 officio
1201 2914 1236 2972 et
1259 2915 1352 2992 pote·

232 3032 327 3102 state,
347 3032 380 3089 et
398 3043 439 3090 ex
453 3024 578 3088 ratione
592 3023 669 3088 boni
684 3024 805 3106 publici
820 3025 1046 3090 concludenda
1061 3025 1159 3092 foret.
1187 3049 1203 3086 «
1222 3027 1350 3090 Bonum

235 3162 251 3200 a
268 3158 439 3206 commune
454 3139 508 3225 (ait
524 3137 745 3215 Reiffenstuel
763 3140 939 3207 intitulum
952 3144 981 3218 t,
995 3140 1071 3206 libri
1086 3143 1104 3206 5
1121 3140 1346 3218 decretalium,

235 3278 252 3317 a
270 3275 302 3319 n.
325 3254 396 3340 156)
418 3254 517 3320 talem
531 3255 769 3339 inquisitionem
787 3257 899 3342 exigit,
919 3263 956 3322 ut
972 3259 1096 3324 scilicet
1114 3277 1152 3324 eo
1168 3256 1346 3332 mediante,

235 3373 467 3448 «innotescat,
494 3390 535 3434 an
560 3377 593 3434 et
616 3371 721 3454 qualia
739 3372 871 3438 crimina
900 3374 1051 3456 vigeant,
1090 3393 1131 3438 an
1161 3380 1196 3438 et
1212 3374 1351 3457 'quinam

234 3488 406 3560 «existant
430 3483 675 3568 malefactores;
691 3495 852 3570 quatenus
872 3489 1001 3571 cognito
1030 3507 1142 3553 rerum
1168 3495 1268 3566 statu,
1291 3507 1351 3572 pro

234 3603 426 3684 «exigentia
453 3601 789 3699 circumstantiarum,
820 3604 1006 3686 superiores
1029 3605 1120 3668 malis
1149 3621 1348 3686 precavere,

233 3715 493 3801 «delinquentes
518 3718 683 3800 corrigere
710 3727 745 3782 et
770 3718 963 3796 emendare,
993 3719 1219 3786 convenientia
1244 3718 1351 3784 media

234 3855 251 3896 a
272 3831 440 3911 ordinare,
460 3832 513 3897 vel
532 3833 670 3898 ulterius
688 3832 730 3898 ad
748 3835 986 3918 inquisitionem
1004 3835 1177 3918 specialem
1195 3834 1352 3918 progredi

235 3949 408 4032 «valeant.
435 3973 450 4008 a
481 3949 586 4032 Atque
616 3947 704 4014 idem
732 3948 867 4016 adnotat
895 3951 1048 4017 Lessiusz'
1079 3977 1091 4010 a
1116 3951 1200 4016 Talis
1222 3951 1352 4036 inquisi-

235 4067 310 4132 atio
335 4071 384 4131 est
408 4067 589 4131 necessaria
614 4065 654 4130 ad
682 4065 886 4150 purgandam
906 4067 1152 4161 rempublicam,
1179 4087 1349 4154 moresque

235 4183 304 4246 «iu
333 4181 471 4248 coetibus
497 4181 661 4246 hominum
687 4182 958 4248 reformandos.»
986 4183 1041 4269 (De
1063 4187 1136 4248 Jure
1160 4192 1190 4248 et
1209 4192 1346 4268 justitie,

231 4297 289 4362 lib.
309 4299 340 4374 2,
354 4316 425 4381 cap.
439 4299 493 4373 29,
513 4315 545 4359 n.
571 4296 658 4378 108.)
681 4297 762 4362 Hinc
782 4297 911 4363 omniuo
940 4298 1203 4365 concludendum
1217 4320 1293 4366 cum
1310 4303 1350 4366 ci-

231 4418 301 4480 tato
316 4410 598 4496 Reiffenstuellcit.
612 4410 717 4504 local:
739 4435 755 4475 a
769 4415 937 4500 Inquisitio
946 4417 1106 4500 generalis
1117 4419 1249 4507 proprie
1263 4419 1343 4496 tulis,
