2878 5114
546 331 630 380 nans
653 331 813 380 sxcuxna.
1173 324 1236 387 453

104 461 299 542 sequenter
326 476 386 542 pro
422 455 519 522 nullis
545 462 624 522 tunc
650 453 809 523 habendae
837 441 914 523 sn'nt
943 466 978 524 et
1008 458 1236 528 dissolvendae.

104 575 170 638 Est
188 580 305 638 autem
323 572 482 656 generalis
507 573 619 656 regula
641 573 709 637 haec
725 573 854 640 omnino
880 581 971 639 certa
988 583 1023 640 et
1043 577 1241 644 unanimiter

103 687 272 754 admissa.
297 688 387 769 (Vide
413 688 715 774 Schmalzgrueber‚
735 689 768 752 in
790 689 844 754 tit.
867 691 918 767 15,
944 689 1020 756 libri
1046 691 1064 756 4
1095 690 1237 774 decret,

103 827 140 872 n.
167 804 247 890 95.)
264 805 347 870 Hinc
362 806 519 882 resolves,

158 925 198 986 1⁰
218 920 483 988 Restaurandum
505 939 576 988 esse
591 921 830 988 matrimonium
852 922 1045 990 dissolutum
1066 923 1109 990 ob
1139 925 1241 1010 impo-

102 1038 260 1104 tentiam
278 1041 446 1102 atsalatam
465 1039 540 1117 viri,
571 1039 597 1103 si
622 1039 705 1103 isex
724 1043 799 1104 actu
811 1040 946 1117 „carnali
965 1058 1040 1106 cum
1060 1042 1236 1126 qualicum-

100 1175 176 1242 que
194 1155 334 1221 foemina
348 1157 534 1240 reperiatur
547 1162 664 1240 potens
680 1177 687 1220 :
709 1156 783 1239 qnia
799 1162 878 1220 tunc
892 1156 1008 1222 falsum
1023 1166 1073 1223 est
1093 1159 1240 1224 extitisse

98 1271 346 1356 impotentiam
366 1272 563 1356 absolutam3
581 1291 619 1336 ac
634 1270 772 1355 proinde
791 1290 931 1338 erronee
953 1275 1163 1356 pronuntiata
1185 1283 1238 1340 est

98 1388 319 1455 matrimonii
347 1388 489 1454 nuilitas.
506 1387 599 1455 Idem
624 1385 801 1452 dicendum
825 1387 867 1452 de
881 1386 1025 1466 foemina,
1048 1389 1075 1454 si
1101 1390 1143 1454 ob
1168 1389 1240 1475 ejus
1294 1362 1301 1376 ’

98 1503 349 1589 impotentiam
370 1506 538 1568 absolutam
559 1502 750 1568 dissolutum
773 1502 836 1567 fnit
856 1503 1111 1581 matrimonium,
1131 1513 1166 1569 et
1188 1523 1242 1589 po·

100 1631 185 1688 stea
212 1639 258 1686 ex
277 1619 399 1685 carnali
425 1621 585 1686 consortio
614 1637 688 1684 cunr
714 1619 940 1704 qualicumque
959 1619 1030 1686 viro
1048 1628 1166 1704 potens
1189 1639 1241 1686 re-

99 1739 284 1824 periatur.

152 1857 197 1918 20
227 1853 313 1917 Item
339 1849 590 1917 restaurandum
618 1857 668 1915 est
692 1850 931 1916 matrimonium
958 1851 1099 1917 solutum
1124 1852 1166 1918 ob
1186 1853 1243 1918 im·

97 1969 304 2059 potentiam
328 1969 511 2046 relativam,
536 1967 562 2031 si
585 1974 700 2049 postea
723 1967 945 2050 comperiatur
968 1967 1051 2032 hanc
1074 1969 1242 2035 relativam

97 2085 348 2172 impotentiam
364 2104 428 2150 non
442 2084 586 2149 extitisse
604 2105 613 2148 :
632 2082 725 2149 verbi
743 2083 862 2166 gratia,
881 2083 907 2147 si
925 2082 1024 2148 iidem
1046 2085 1109 2168 ipsi
1133 2085 1244 2171 conju·

97 2225 181 2292 ges,
199 2203 292 2267 inter
303 2219 384 2286 qnos
397 2199 579 2286 judicatum
595 2208 645 2265 est
661 2200 801 2264 existere
817 2198 937 2264 dictam
950 2202 1119 2272 relativam
1135 2202 1242 2286 impo-

96 2321 266 2395 tentiam,
285 2316 413 2382 carnale
425 2324 537 2399 postea
551 2316 749 2382 consortium
765 2325 992 2382 consumment
1014 2339 1020 2383 :
1038 2319 1154 2383 itemst
1173 2337 1242 2384 mu·

98 2440 190 2516 lier,
204 2453 279 2518 quae
291 2432 333 2498 ob
345 2430 575 2496 arctitudinem
585 2429 729 2515 judicata
741 2439 791 2496 est
804 2433 941 2498 relative
947 2433 1120 2517 impotens,
1133 2441 1241 2500 actum

97 2559 235 2640 postea
248 2548 409 2613 carnalem
426 2553 629 2612 consummet
643 2565 717 2622 cum
734 2547 852 2632 aliquo,
868 2548 923 2632 qui
936 2549 1036 2631 priori
1054 2567 1112 2614 suo
1125 2550 1241 2614 marito

96 2665 229 2757 quoad
246 2664 350 2731 virilia
366 2664 477 2728 similis
489 2664 549 2747 sit3
571 2681 641 2748 quae
656 2668 765 2728 tamen
780 2662 959 2728 similitudo
975 2670 1053 2729 tunc
1069 2663 1238 2748 probanda

99 2799 177 2868 est,
197 2795 374 2873 antequam
387 2785 503 2868 prioris
515 2783 712 2850 matrimonii
725 2779 920 2845 restauratio
931 2797 990 2844 seu
1004 2779 1154 2845 validitas
1166 2799 1242 2864 pro-

96 2902 303 2972 nuntietur.

153 3023 198 3085 3⁰
215 3014 373 3081 Procedit
391 3021 500 3080 autem
520 3011 641 3080 tradita
662 3015 776 3098 regula
796 3021 1094 3098 quantumcumque
1112 3021 1242 3096 tempus

100 3163 124 3207 a
149 3133 370 3222 pronuntiata
389 3132 506 3217 prioris
526 3132 720 3196 matrimonii
740 3130 950 3197 dissolutione
969 3131 1150 3216 effluxerit3
1167 3131 1242 3216 quia

100 3251 283 3324 sententia
302 3249 366 3314 lata
383 3269 424 3314 ex
443 3267 567 3326 errore,
585 3253 618 3314 et
636 3246 817 3331 praesertim
831 3254 943 3313 contra
955 3247 1149 3314 matrimonii
1163 3247 1242 3312 vali·

100 3371 273 3440 ditatam,
285 3382 449 3448 nunquam
462 3364 495 3427 in
504 3382 574 3428 rem
585 3361 762 3446 judicatam
774 3364 901 3427 transit.

156 3485 198 3548 4ο
217 3478 436 3564 Excipiendus
449 3487 560 3544 tamen
578 3483 628 3571 est
647 3497 664 3542 a
689 3477 825 3560 praelata
841 3478 955 3563 regula
971 3497 1074 3559 casus,
1086 3498 1150 3564 quo
1169 3499 1242 3563 pro

100 3599 269 3670 nuntiata
283 3595 477 3661 matrimonii
492 3595 649 3661 solutione
664 3592 706 3659 ob
717 3589 949 3678 impotentiam,
967 3593 1084 3679 conjux
1097 3594 1152 3679 qui
1163 3613 1242 3678 prae·

101 3729 234 3784 tensus
255 3717 304 3776 est
326 3712 545 3794 omnipotens,
562 3709 751 3792 religionem
770 3710 811 3774 sit
830 3709 994 3792 professus
1012 3731 1019 3775 ε
1037 3710 1098 3774 atsi
1113 3711 1196 3776 enim
1215 3711 1242 3776 is

104 3837 238 3919 postea
260 3833 376 3909 potens
397 3825 494 3890 fuisse
519 3825 714 3908 reperiatur,
734 3843 798 3888 non
819 3824 1068 3891 restaurandum
1087 3833 1137 3892 est
1151 3827 1241 3910 prius

103 3943 373 4018 matrimonium,
386 3948 500 4024 utpote
516 3945 590 4005 ante
606 3941 912 4006 consummationem
930 3959 992 4024 per
1007 3943 1240 4025 professionem

104 4058 306 4142 religiosam
317 4075 395 4121 vere
406 4055 614 4140 dissolutum3
631 4056 690 4122 sed
706 4064 770 4122 stat
779 4056 926 4123 validitas
938 4058 1144 4141 professionis
1162 4061 1240 4125 reli·

104 4179 230 4263 giosae,
251 4178 285 4235 et
308 4167 658 4236 secundimatrimonii
684 4172 724 4238 ab
746 4172 846 4238 altera
864 4181 956 4257 parte
980 4175 1149 4239 contracti.
1170 4175 1239 4241 Me-

104 4295 251 4362 morant
270 4295 429 4370 praetereo
451 4287 602 4354 doctores
616 4290 702 4353 inter
723 4307 848 4354 casusa
871 4289 985 4374 regula
996 4290 1138 4374 generali
1154 4293 1240 4358 exci-

105 4404 270 4498 piendas,
284 4423 390 4470 casum
403 4403 538 4471 sublatae
553 4421 613 4487 per
623 4406 815 4474 miraculum
832 4407 885 4475 vel
899 4427 960 4495 per
971 4415 1076 4476 artem
1086 4409 1241 4496 magicam
