2948 5126
215 390 254 451 12
553 403 741 452 moranus
762 405 807 451 ua
828 404 977 454 runicus.

215 546 368 610 «omnes,
385 528 474 596 nulla
487 529 591 596 etatis
609 529 664 596 uel
678 547 776 596 sexus
791 526 902 596 habita
920 530 1057 611 mione,
1074 529 1173 600 modo
1192 551 1258 600 non
1272 552 1325 600 ca·

215 676 229 702 «
247 654 343 713 reant
363 666 425 712 usu
440 645 575 712 rationis
593 643 636 711 ad
650 643 909 730 delinquendum
923 646 1093 731 requisito,
1108 655 1143 715 et
1166 649 1240 734 lege
1259 669 1325 718 nou

210 791 230 842 ,ι
246 761 495 847 prohibeantur.
515 791 528 816 ι·
546 760 862 848 (ὃοὴωωῑςπιιθὴετ,
877 761 912 826 in
925 762 977 828 tit.
999 765 1028 838 1,
1046 763 1122 831 libri
1138 767 1156 829 5
1173 764 1321 845 decret„

209 899 244 948 n.
260 876 328 963 72.)

255 997 287 1061 1.
312 994 532 1062 Prohibeutnr
547 995 692 1062 accusari
707 984 859 1074 infantes,
875 994 1001 1075 furiosi,
1019 973 1176 1074 amentes,
1194 994 1239 1063 de
1254 1015 1321 1084 quo
1369 1057 1376 1068 .

209 1111 292 1177 ratio
305 1130 367 1196 per
382 1130 418 1178 se
432 1117 536 1196 patet.

252 1229 285 1293 2.
311 1228 450 1294 Minores
463 1229 506 1294 25
525 1228 616 1294 annis
628 1230 774 1294 accusari
792 1237 971 1315 nequeunt,
996 1229 1057 1295 nisi
1075 1228 1152 1297 dato
1172 1231 1220 1296 eis
1238 1227 1322 1314 aju-

208 1341 282 1410 dice
298 1349 449 1410 curatore
468 1344 552 1431 (lege
564 1347 689 1409 Clarum
702 1345 736 1422 4,
754 1363 784 1411 c.
802 1347 840 1410 dc
855 1346 948 1410 Aetli.
962 1343 1159 1431 prestandi.

251 1462 286 1526 3.
301 1458 453 1526 sconart
475 1468 644 1545 nequeunt
660 1462 780 1528 mortui
796 1460 880 1548 (lege
903 1464 956 1540 20,
983 1446 1017 1527 ff,
1044 1464 1082 1527 dc
1108 1459 1241 1546 Accua),
1260 1461 1321 1529 nisi

207 1574 330 1641 delicto
347 1595 473 1642 annexa
488 1576 530 1642 sit
543 1594 641 1660 poena
658 1575 896 1646 confiscationis
909 1576 1079 1645 bonorum.
1099 1578 1147 1644 Ex
1167 1576 1242 1664 jure
1267 1597 1322 1644 au·

210 1695 275 1756 iem
291 1690 434 1758 Romano
451 1709 577 1758 annexa
600 1699 671 1758 erat
696 1691 764 1758 haec
784 1710 881 1778 poena
903 1693 1029 1759 crimini
1041 1692 1211 1775 hereseos,
1228 1711 1322 1778 repe

206 1803 395 1886 tundarnm,
411 1814 446 1873 ct
456 1806 539 1874 lese
551 1806 739 1893 maiestatis.

252 1924 285 1989 4.
307 1922 485 2010 «Accusari
507 1943 604 1991 nemo
628 1925 824 2009 regulariter
846 1912 1009 2009 potesta
1027 1903 1155 2012 lapsum
1174 1927 1217 1992 sit
1238 1932 1321 1992 tem-

212 2067 227 2096 «
244 2058 306 2124 pus
319 2059 384 2127 quo
399 2041 581 2108 actionibus
594 2042 814 2110 criminalibus
831 2043 1064 2127 prescribitur.
1084 2043 1172 2108 Sicut
1189 2043 1274 2108 enim
1286 2043 1321 2108 in

211 2183 227 2212 κ
243 2157 422 2224 actionibus
437 2157 596 2235 civilibus,
608 2159 654 2225 ita
667 2164 702 2224 et
713 2159 746 2224 in
757 2159 861 2225 causis
874 2159 1094 2226 criminalibus
1108 2166 1236 2226 certum
1249 2177 1322 2224 con·

198 2297 227 2326 ἰ
247 2271 397 2338 stitutum
421 2278 471 2337 est
494 2279 634 2356 tempus,
661 2291 725 2358 qno
749 2273 860 2356 elapso
885 2271 1041 2340 delictum
1064 2273 1268 2349 obliteratur,
1286 2280 1321 2339 et

212 2417 227 2446 ι
246 2386 335 2453 nulla
362 2387 500 2473 amplius
527 2388 688 2454 accusatio
718 2388 772 2454 vel
803 2388 966 2473 inquisitio
992 2387 1193 2472 admittitur;
1217 2403 1320 2472 nsque

213 2531 227 2562 c
243 2501 325 2570 adeo
338 2510 376 2569 ut
387 2501 492 2589 judex
509 2503 605 2589 hujus
626 2505 826 2590 exceptionis
847 2505 1005 2592 (quamuis
1017 2525 1037 2599 a
1051 2523 1109 2573 reo
1132 2523 1199 2570 non
1219 2523 1320 2588 appo·

200 2649 226 2676 -a
242 2627 341 2686 natur
352 2619 406 2686 rel
418 2617 591 2705 allegetur)
612 2621 772 2688 rationem
787 2619 910 2687 babere
924 2619 1057 2700 debeat,
1076 2639 1151 2687 cum
1165 2639 1205 2686 ex
1217 2617 1318 2687 officio

212 2757 301 2805 «suo
312 2758 372 2825 pro
386 2738 574 2807 defensioue
589 2741 650 2806 Rei
662 2739 810 2806 laborare
829 2745 993 2806 teneatur.
1016 2735 1235 2822 Proceditqne
1256 2734 1318 2801 boc

213 2886 227 2912 κ
246 2857 372 2922 etiamsi
398 2875 477 2924 rcus
496 2862 571 2940 post
591 2856 869 2940 prescriptionem
889 2856 1046 2938 temporis
1068 2853 1212 2928 fatentur
1237 2851 1318 2920 deli-

213 3001 227 3026 «
244 2979 344 3037 ctum.
363 3001 376 3025 υ
399 2970 713 3058 (Schmulzgrueber,
732 2972 766 3036 in
781 2972 833 3038 tit.
856 2973 886 3049 l,
903 2970 978 3037 libri
993 2973 1012 3035 5
1028 2968 1169 3044 decret,
1188 2989 1222 3034 n.
1250 2965 1317 3052 77.)

206 3088 336 3170 Quanto
349 3095 458 3154 autom
480 3096 628 3171 tempore
651 3105 733 3173 opns
758 3087 798 3152 sit
823 3085 866 3154 ad
890 3083 1181 3172 praescribendum,
1197 3083 1318 3152 dicitur

206 3204 304 3270 infra.

253 3322 284 3384 5.
300 3317 452 3386 Accusari
473 3322 653 3402 repulcriter
675 3338 772 3387 neruo
783 3317 948 3404 potestate
964 3318 1100 3384 crimine
1113 3316 1156 3384 de
1175 3336 1241 3404 quo
1255 3317 1318 3387 luit

206 3435 309 3502 semel
319 3434 486 3502 absolutus
501 3442 645 3502 :constat
659 3436 764 3519 capite
783 3439 820 3500 cle
835 3439 893 3500 His
906 3433 951 3521 (6,
963 3436 1000 3498 ile
1021 3431 1150 3518 lacus.);
1166 3440 1201 3500 et
1213 3433 1260 3500 ita
1271 3439 1319 3500 te·

206 3557 285 3621 nont
298 3609 301 3614 .
315 3549 466 3618 doctores
488 3553 715 3630 communiter,
737 3552 780 3620 ob
796 3558 906 3618 textus
917 3549 999 3634 juris
1016 3555 1052 3615 et
1066 3550 1218 3627 rationes,
1239 3567 1318 3634 quas

204 3666 281 3734 ¹vide
300 3666 389 3753 apud
410 3667 697 3752 Schmalzgrueber
713 3667 756 3754 (in
774 3669 826 3733 tit.
848 3668 878 3745 l,
894 3665 969 3732 libri
985 3669 1004 3730 5
1024 3664 1163 3743 decret,
1190 3685 1223 3730 n.
1245 3663 1314 3749 93).

204 3785 350 3850 Diximus
363 3792 471 3852 autem
490 3788 686 3869 reputantem
700 3785 775 3870 quia
787 3785 901 3869 regula
915 3784 983 3850 hec
1005 3782 1164 3866 generalis
1182 3781 1319 3849 nonnul-

205 3902 253 3967 las
266 3903 474 3986 exceptiones
487 3903 623 3987 patitur.
642 3902 757 3968 Potest
768 3919 886 3984 nempe
902 3899 974 3986 quis
986 3897 1027 3964 de
1047 3896 1165 3964 eodem
1179 3898 1312 3964 crimine

206 4018 248 4085 de
266 4037 331 4105 quo
345 4019 407 4086 fuit
419 4020 587 4087 absolutus
602 4021 723 4086 iterum
734 4019 896 4084 accusari:

248 4136 364 4213 Primo,
385 4133 412 4198 si
430 4131 472 4199 de
489 4133 624 4198 crimine
641 4135 772 4196 civiliter
788 4136 916 4197 tantum
932 4137 967 4196 et
983 4128 1027 4194 ad
1041 4129 1205 4213 privatum
1216 4128 1313 4194 inter·

205 4267 275 4316 esse
289 4249 379 4332 prius
394 4257 443 4316 est
454 4256 563 4315 actum
577 4271 585 4333 3
701 4227 707 4304 Ῐ

249 4369 393 4446 semaco,
409 4367 448 4445 si,
468 4384 543 4431 cum
560 4364 778 4432 ‘criminaliter
795 4372 960 4449 ageretur,
978 4381 1057 4430 reus
1079 4361 1246 4429 absolutus
1266 4379 1318 4426 so-

201 4481 271 4548 lum
280 4489 330 4548 est
342 4500 403 4567 per
420 4482 503 4550 viam
517 4480 735 4566 exceptionis;
758 4478 887 4566 quaudo
901 4497 1020 4564 nempe
1040 4495 1116 4562 pars
1136 4475 1272 4546 adversa
1286 4476 1317 4542 ei
