2930 5114
524 333 603 382 plns
626 332 784 380 SECUNDA.
1149 326 1210 392 547

107 462 276 549 culpabiles
290 461 374 528 bene
392 466 525 538 norunt,
541 466 575 526 et
589 459 706 526 timent
718 478 760 526 ue
775 476 889 530 eorum
904 458 1059 532 delictum
1072 483 1112 540 cu
1126 463 1214 551 judi-

106 580 172 645 cioli
184 599 336 665 processu
351 578 482 646 omnino
496 583 618 662 petest,
633 582 666 642 et
679 574 722 642 ad
735 577 876 662 rigorem
889 576 1021 663 justitie
1035 582 1209 666 plectatur,

106 696 262 781 quomodo
276 698 309 761 in
323 695 466 762 formula
479 693 622 764 exhibita
640 694 773 777 ponitur
794 694 875 760 falsu
891 694 959 764 baec
981 699 1125 778 assertio,
1144 703 1213 765 iicet

104 819 234 878 innocens
251 821 308 878 sino
327 835 346 878 o
366 817 423 879 toti
439 816 568 878 delicio?
582 813 649 877 Neo
666 810 794 878 dicetur
810 815 1024 884 necessariam
1042 837 1113 884 esse
1129 819 1214 886 clau·

105 930 197 996 sulum
212 930 305 1010 hono,
321 950 363 996 ne
388 930 530 1015 alioquin
555 948 616 1014 pro
639 928 792 996 confessis
813 927 855 996 de
873 929 946 1014 jure
965 930 1108 1002 habendi
1123 935 1210 1003 sint:

104 1065 172 1124 num
189 1055 227 1113 ut
246 1067 307 1132 pm
328 1046 482 1112 confessis
499 1045 613 1114 haberi
630 1052 811 1130 nequeant,
832 1045 949 1112 sufficit
967 1065 1023 1114 eos
1042 1025 1216 1132 protestari

104 1162 133 1226 in
149 1163 234 1229 hune
252 1162 386 1230 modum
408 1184 416 1228 z
433 1183 490 1245 por
503 1169 681 1244 presentem
698 1167 879 1244 conptnrons
902 1166 1075 1230 nntiotcnns
1092 1171 1215 1232 intencio

100 1285 237 1359 protensi
258 1285 393 1344 mininis
413 1280 624 1358 confessionem
641 1281 749 1358 facore,
769 1295 840 1362 quae
865 1278 1000 1346 asserio
1026 1280 1151 1349 nulium
1165 1281 1215 1358 ip-

104 1395 199 1461 volvit
213 1394 429 1462 mendacium.
447 1394 559 1462 Potius
571 1412 649 1478 ergo
661 1394 706 1459 sic
719 1393 905 1463 concinnari
920 1395 1041 1479 poterit
1055 1396 1215 1482 eiusmodi

103 1509 236 1578 formula
254 1534 263 1580 ε
441 1514 447 1527 “

145 1653 161 1692 n
177 1635 240 1713 Epo
252 1635 292 1696 N.
297 1681 308 1712 ‚
328 1636 477 1713 reperiens
492 1619 746 1713 oncpnoccssotnno
764 1635 797 1693 in
811 1635 897 1693 ennio
912 1636 1074 1715 episcopati
1087 1639 1117 1699 N
1120 1683 1142 1715 .,
1159 1656 1215 1716 pro

101 1750 221 1826 qnocloon
234 1755 381 1828 protenso
404 1753 528 1812 coinoine
546 1747 610 1833 (vel
625 1743 886 1831 quibusdam...)‚
903 1768 1007 1828 nempe
1029 1751 1074 1833 (et
1094 1748 1140 1816 ibi
1153 1754 1215 1818 cri-

102 1880 172 1926 men
188 1862 378 1949 indicanti,
398 1866 467 1927 lites
480 1884 546 1926 onon
561 1865 633 1942 fisco
656 1864 762 1926 bobone
782 1865 944 1945 nofnpicns,
965 1868 1137 1930 nnttotcnns
1168 1877 1214 1932 to·

100 1997 163 2042 nonen
186 1987 333 2063 praetensi
347 1986 485 2044 criminis
500 2001 546 2042 nnc
563 1983 741 2062 culpabilem
762 1980 851 2067 (qnod
873 1979 963 2066 obsit)
984 1983 1144 2065 profitens,
1163 2006 1214 2048 oro

100 2097 335 2160 illustrissimum
355 2107 384 2162 ct
403 2079 684 2162 ncocncnciissimnon
699 2102 889 2180 Episcopum,
907 2105 941 2161 nt
956 2102 1030 2162 colit
1042 2105 1215 2183 sopradicto

96 2220 246 2291 processui
256 2213 385 2292 finenoet
395 2215 468 2294 fisco
484 2217 637 2278 silentione
651 2219 816 2296 impunem·
830 2235 876 2278 ono
900 2217 1076 2280 snbnnittcns
1097 2221 1139 2282 od
1152 2238 1214 2300 poe·

100 2343 166 2395 noni
175 2335 420 2412 pcntnnttonno
438 2334 497 2394 sibi
520 2333 698 2410 iconismo,
714 2337 742 2394 si
759 2334 838 2411 sorte
855 2352 944 2413 nomon
961 2333 1038 2396 milui
1055 2339 1215 2417 injnnpcn·

99 2449 438 2516 nominenominee
454 2451 586 2530 snpptno
602 2454 631 2512 ot
645 2453 734 2512 insto.
751 2483 797 2496 -
808 2451 873 2530 Epo
887 2453 928 2514 Ν.
948 2471 965 2509 n

140 2563 172 2630 si
194 2566 375 2650 Episcopus
400 2565 664 2649 compositionem
684 2555 850 2648 icceptet,
879 2566 1000 2649 poterit
1024 2565 1067 2631 ud
1091 2567 1212 2634 calcem

99 2679 264 2762 ipsiusmet
288 2681 391 2749 libelli
409 2682 456 2747 ite
475 2680 658 2748 rescribere
677 2703 683 2747 :
703 2682 760 2760 fini
786 2684 823 2744 dc
845 2687 932 2763 cotis,
951 2690 981 2746 ei
1002 2688 1110 2747 citctnr
1121 2705 1209 2768 pons.

99 2797 192 2879 Quod
206 2799 404 2883 rescriptum
421 2798 465 2866 ed
480 2799 707 2866 executionem
720 2796 865 2864 deducet
873 2799 1020 2866 Vioorius
1037 2800 1210 2883 generalis,

99 2915 229 2984 citando
253 2923 380 3001 purtem
398 2917 523 2993 issum,
542 2934 600 2984 seu
615 2915 773 2992 interesse
797 2914 972 2982 habentem
995 2923 1033 2982 ut
1057 2916 1115 2982 fist
1137 2935 1213 3000 pro-

99 3050 205 3101 cessus
232 3032 425 3116 criminalis;
444 3040 479 3099 et
503 3033 531 3096 si
552 3031 621 3096 haec
644 3031 814 3110 assentiat,
835 3031 935 3096 faciet
958 3033 1135 3118 Episcopus
1153 3031 1213 3100 de-

97 3156 223 3216 cnetnm
240 3149 478 3233 compositionis
491 3147 525 3211 in
540 3147 637 3227 hunc,
657 3146 751 3213 verbi
765 3148 884 3231 gretie,
903 3146 1035 3214 modum
1054 3170 1061 3216 :

632 3399 675 3463 Π.

449 3621 559 3672 Focunuls
573 3619 659 3672 decreti
673 3621 859 3684 compositionis.

139 3879 156 3918 u
175 3859 309 3921 Attentos
328 3860 500 3918 remissione
518 3860 630 3937 portis,
648 3873 760 3920 necnon
780 3855 927 3935 qnotitoic
944 3856 1049 3920 delicti
1070 3863 1099 3920 ct
1113 3859 1210 3922 ‹totin-

93 3973 614 4054 suspectumsuspectun
625 3975 759 4034 uninonnn
767 3977 903 4034 nostrnnn
914 3973 1204 4060 clipnconooontiins‚

91 4110 184 4173 snpra
200 4093 313 4154 diotnm
321 4092 361 4153 Ν.
376 4093 552 4170 inpnisitnon
558 4108 658 4171 pro...
677 4095 820 4166 ciconio,
837 4090 874 4152 cic
887 4091 992 4170 pniins
1008 4097 1041 4156 in
1055 4111 1205 4172 pnocossn,

92 4208 132 4273 od
145 4211 385 4288 compositionem
402 4224 492 4287 qnam
512 4210 603 4268 corion
617 4211 646 4268 ct
659 4204 732 4282 fisco
750 4211 853 4288 sponte
871 4207 990 4283 obtooiit,
1015 4213 1043 4268 ot
1064 4208 1105 4268 oct
1119 4226 1208 4286 quom

90 4325 216 4388 constit
228 4324 405 4405 poncione,
438 4323 644 4401 odntitiintnm
670 4328 699 4384 ct
731 4324 837 4388 scintis
858 4339 915 4403 pcc
929 4342 996 4388 cnon
1021 4327 1054 4389 ic
1071 4324 1210 4389 monibus

91 4441 270 4522 depositorii
279 4458 433 4523 poenonnm
458 4445 568 4502 nostrin
583 4443 675 4502 comm
702 4444 835 4504 scotis...
863 4445 961 4520 ipsnon
976 4441 1157 4506 absolvimus
1180 4448 1209 4503 et
