2878 5114
522 333 601 383 nens
623 335 782 384 securus.
1145 320 1206 382 523

114 461 239 520 citatione
251 465 381 540 mocio,
396 480 458 523 ecoe
464 479 664 542 processuros.
679 465 846 527 Dotem...
864 498 909 510 -
920 465 984 544 Eoo
998 465 1038 528 Ν.
1042 511 1053 542 ,
1071 465 1210 527 atoarios

112 577 254 651 centralis.
271 611 314 624 --
330 580 393 657 qu
408 580 464 655 N„
481 583 647 640 actitarint.
670 601 685 638 a

612 849 691 924 SV.

112 1067 184 1114 Fonna
197 1067 315 1118 intimandi
325 1068 424 1117 testibus
433 1069 565 1118 citationem
573 1068 707 1131 inuidiam,
725 1071 773 1119 siro
782 1071 946 1134 personaliter,
959 1070 1007 1118 sive
1019 1069 1043 1118 in
1055 1067 1124 1118 domo
1137 1068 1211 1118 solita

569 1165 729 1214 habitationis.

146 1400 262 1467 Sedulo
275 1400 511 1468 attendendum
527 1411 588 1480 est,
605 1409 642 1468 ut
653 1403 762 1470 citatio
773 1403 913 1470 testibus
924 1403 1122 1488 regulariter
1136 1403 1211 1469 iuti-

107 1521 224 1602 metur;
239 1537 281 1583 ne
297 1517 384 1584 forte
399 1517 591 1602 posthabitis
604 1519 637 1584 iu
651 1515 710 1584 bac
724 1539 760 1586 re
774 1519 857 1606 juris
868 1519 1001 1604 regulis,
1018 1519 1128 1585 citatio
1139 1517 1211 1583 uul-
1332 1543 1339 1556 ·

106 1630 190 1697 litate
206 1633 344 1700 laboret.
363 1633 493 1718 Regulae
509 1642 619 1700 autem
634 1635 742 1720 quood
756 1633 889 1700 modum
914 1635 1099 1700 citationem
1119 1622 1211 1699 iesti-

105 1745 159 1812 bus
174 1748 343 1816 intimandi
363 1749 488 1816 eaedem
506 1757 592 1829 sunt,
610 1769 649 1815 ac
678 1752 706 1816 si
729 1759 882 1836 ageretur
908 1750 951 1816 de
970 1751 1122 1817 citatione
1136 1749 1207 1826 Ilei.

106 1863 191 1930 Unde
212 1885 489 1950 supervacaneum
514 1888 578 1934 non
603 1867 667 1934 erit
691 1869 743 1934 hic
756 1863 995 1944 transcribere,
1020 1885 1091 1953 quae
1113 1865 1211 1931 aduc

103 1985 208 2047 tantur
230 1981 319 2067 apud
347 1983 516 2050 llonaeelli
539 1985 777 2071 (Formnlcrionc
806 1989 911 2069 lecolo,
934 1991 1027 2069 parte
1047 1988 1079 2062 3,
1099 1984 1151 2049 tit.
1177 1985 1207 2062 1,

103 2095 233 2166 formula
250 2103 280 2179 1,
304 2122 337 2167 n.
367 2103 407 2165 10
423 2108 456 2166 et
474 2100 563 2186 seq.)
581 2101 623 2167 de
643 2103 793 2168 citatione
813 2120 871 2169 reo
893 2108 983 2168 recte
1005 2099 1207 2167 intimanda:

105 2237 119 2274 «
135 2215 250 2283 (litatio
269 2217 384 2305 (inquit
399 2217 572 2284 adnotator
587 2221 620 2283 in
634 2217 857 2303 Monaeellnm)
875 2217 916 2283 de
931 2237 994 2303 qua
1008 2236 1074 2282 uon
1084 2224 1212 2283 constat

104 2353 118 2390 o
136 2351 194 2414 per
209 2334 400 2399 relationem
419 2335 534 2412 nuntii,
552 2353 617 2399 nou
634 2333 754 2401 dieitur
777 2353 954 2418 apparere;
972 2333 1046 2418 quia
1070 2331 1112 2397 de
1135 2331 1210 2416 jure

105 2469 119 2507 n
131 2467 194 2513 non
206 2447 353 2515 creditur
371 2450 433 2515 nisi
451 2450 564 2516 nuntio
580 2449 621 2515 de
641 2451 831 2516 executione
846 2449 941 2527 illius,
955 2469 1019 2514 uon
1034 2457 1144 2515 autem
1158 2468 1212 2513 uo

104 2566 216 2630 «tario
235 2566 370 2635 testanti
387 2566 430 2632 de
450 2565 602 2632 citatione
619 2566 705 2632 facta
726 2565 829 2653 (Rota,
849 2564 949 2630 decis.
974 2568 1027 2641 71,
1046 2584 1078 2628 u.
1104 2566 1135 2642 2,
1158 2583 1212 2629 co·

101 2703 117 2742 «
130 2701 198 2747 ram
212 2680 340 2767 Greg.);
358 2683 417 2748 uisi
432 2683 466 2747 in
481 2683 555 2749 loco
567 2683 625 2750 ubi
641 2683 750 2750 citatio
769 2688 905 2748 executa
918 2681 992 2759 fuit,
1006 2679 1152 2745 notarius
1167 2677 1211 2747 de

102 2819 116 2857 a
132 2797 216 2883 stylo
229 2797 386 2882 fungatur
398 2797 500 2865 officio
514 2801 618 2865 nuntii
629 2800 733 2886 (Rota,
748 2796 994 2875 coramcodem
1010 2795 1110 2861 decis.
1129 2785 1208 2875 426}

101 2937 115 2974 o
129 2897 197 2979 n.'6
214 2922 250 2980 et
262 2911 306 2998 7),
325 2915 379 2980 vel
401 2915 461 2980 nisi
486 2916 630 2980 momulus
653 2913 735 2980 duos
760 2921 863 2981 testes
888 2911 1097 2988 adhibuisset,
1115 2916 1150 2976 et
1164 2909 1211 3010 iu-

99 3036 346 3094 «strumentum
365 3028 406 3095 de
424 3031 574 3096 citatione
595 3039 733 3097 executa
757 3048 819 3113 per
847 3047 921 3095 eum
950 3019 1148 3111 sumpsisset.
1170 3027 1211 3091 m

99 3168 113 3204 c
129 3153 178 3212 est
191 3145 372 3211 notandum
388 3146 487 3231 duod,
503 3148 529 3211 si
547 3147 657 3214 citatio
667 3147 700 3211 in
716 3148 851 3212 alterius
865 3145 973 3223 domo,
986 3165 1048 3229 per
1062 3161 1211 3211 errorem

97 3283 112 3322 n
128 3263 236 3329 nuntii
251 3263 303 3328 vel
322 3263 386 3329 alio
406 3260 515 3341 modo,
542 3262 676 3328 nulliter
694 3271 832 3329 executa
849 3269 950 3339 esset,
973 3269 1007 3328 et
1025 3279 1212 3327 excommu-

97 3401 112 3438 n
129 3378 289 3444 nicandus
304 3378 345 3445 de
363 3399 401 3445 ea
416 3379 546 3446 aliunde
558 3378 696 3446 haberet
706 3379 871 3446 scientiam
887 3387 1021 3457 certam,
1041 3386 1075 3444 et
1090 3377 1133 3443 de
1147 3396 1211 3462 qua

96 3501 295 3562 «constaret
310 3495 423 3580 judici,
444 3495 595 3563 defectus
607 3496 776 3562 diceretur
783 3503 924 3573 sanatus,
944 3503 979 3562 et
992 3495 1104 3561 citatio
1118 3493 1210 3558 illum

97 3635 112 3674 c
128 3621 274 3679 arctaret
287 3621 320 3679 et
331 3611 485 3690 afficeret,
504 3632 541 3679 ae
556 3614 582 3678 si
595 3613 739 3698 legitime
757 3613 873 3680 fuisset
885 3613 1002 3679 citatus
1022 3609 1075 3697 (ad
1089 3608 1212 3676 tradita

96 3749 188 3813 «per
203 3729 321 3794 Rotam
341 3747 449 3796 coram
466 3730 578 3808 Cerno,
596 3728 759 3796 decisione
774 3730 850 3807 204,
865 3749 898 3792 u.
921 3725 967 3812 3);
985 3725 1073 3813 qu'od
1090 3733 1123 3792 et
1139 3741 1210 3791 oer-

96 3867 111 3904 «
128 3845 196 3910 tius
209 3845 418 3928 procederet,
437 3847 464 3910 si
477 3847 593 3912 citatus
609 3854 825 3930 componerem
845 3863 919 3910 cum
933 3863 993 3929 per
1006 3841 1210 3926 comparitio-

95 3984 111 4021 «
129 3981 207 4028 nem
232 3962 343 4028 citatio
360 3963 494 4028 nulliter
510 3971 647 4029 executa
671 3961 936 4028 convalidetur...
960 3959 1144 4028 Notandum
1159 3977 1211 4023 se-

94 4099 111 4138 «
130 4078 252 4156 cundo,
269 4076 397 4162 quodsi
416 4079 458 4144 ad
472 4081 579 4146 locum
597 4082 630 4145 in
649 4098 713 4165 quo
727 4084 838 4144 manet
854 4076 1014 4154 citandus,
1033 4096 1098 4141 uon
1112 4073 1211 4140 detur

94 4215 111 4254 n
126 4201 222 4259 tutus
237 4213 440 4273 accessum„
459 4197 596 4279 probato
613 4197 703 4278 prius
717 4215 777 4279 per
791 4202 892 4260 testes
909 4193 997 4278 quod
1016 4193 1058 4257 sit
1082 4183 1210 4256 morali-

93 4333 109 4371 n
126 4319 183 4376 ter
195 4299 405 4394 impossibile,
423 4313 477 4378 rel
492 4312 581 4398 quod
600 4333 664 4379 uon
686 4313 728 4378 sit
747 4318 855 4378 tutum
874 4330 950 4376 eum
965 4309 1066 4374 citare
1080 4308 1114 4371 iu
1132 4323 1209 4390 per*

92 4419 204 4492 ‹csoua
225 4427 278 4493 vel
301 4429 334 4494 iu
360 4428 466 4508 domo,
486 4429 602 4495 sufficit
626 4431 736 4497 citatio
756 4447 816 4513 per
843 4427 1029 4500 edictum...
1052 4425 1083 4490 si
1098 4431 1209 4493 autem
