2878 5114
286 433 350 496 Ins
630 445 817 493 rmcrrros
840 445 882 492 nr
906 445 1054 492 runicus.

329 578 368 640 V.
396 575 426 639 Si
453 575 537 638 aetio
563 572 721 637 nullitatis
747 573 907 636 intentata
934 571 1035 635 fuerit
1061 571 1147 634 intre
1170 569 1289 635 dintum
1304 570 1381 654 quln-

284 692 478 777 quennium,
502 690 579 755 lieet
594 695 708 771 posteo
724 685 856 752 deserto
872 686 989 762 fuerit,
1007 685 1034 749 si
1051 693 1270 750 reassumutur
1289 687 1380 768 elapso

281 807 511 893 quinquennio,
539 801 741 868 admittendo
760 810 809 867 est
835 808 869 866 et
884 799 1062 885 judicando
1084 819 1101 864 o
1128 801 1285 884 superiori
1301 819 1380 884 regu·

284 923 344 988 lori
358 930 393 989 et
408 921 592 987 Ordinerio.
618 919 732 1004 (Cituta
750 915 865 1000 bulla.)

328 1039 383 1102 VI.
402 1037 536 1102 Certum
550 1042 600 1100 est
613 1036 783 1114 reputarem
794 1037 987 1114 superiorem,
1004 1030 1046 1096 de
1058 1049 1124 1116 quo
1137 1033 1170 1095 in
1185 1031 1317 1097 decreto
1329 1031 1382 1097 Tri·

284 1154 430 1231 dentino,
451 1149 699 1234 Intelligendum
719 1167 800 1226 esse,
820 1147 928 1232 quoad
946 1149 1092 1212 virorum
1112 1144 1253 1224 ordines,
1272 1154 1382 1230 superio

283 1290 345 1334 rem
365 1272 498 1345 localem,
522 1272 668 1331 uincirum
692 1263 835 1328 Aetatem
856 1267 904 1327 uel
924 1266 1146 1341 Guordiannm‚
1164 1269 1228 1327 siue
1252 1267 1379 1339 Priorem,

281 1395 336 1450 aut
346 1389 409 1449 allo
427 1404 606 1466 quocumque
621 1388 743 1446 nominc
753 1388 958 1464 nuncupatum
965 1387 1174 1464 prepositum,
1192 1400 1243 1444 seu
1259 1388 1379 1444 rectorem

282 1506 367 1566 illius
382 1506 558 1564 monasterii
573 1508 627 1563 aut
642 1501 775 1577 caenobii,
800 1505 834 1561 in
849 1518 905 1579 quo
921 1499 1088 1560 reclamans
1095 1501 1309 1579 professionem
1320 1503 1380 1559 eni·

279 1625 420 1698 sil‚·cum
434 1635 548 1697 nempe,
568 1621 620 1696 qui
647 1616 818 1696 hujusmodi
841 1617 1016 1676 monasterii
1041 1619 1096 1675 aut
1119 1615 1244 1675 canolii
1270 1618 1381 1694 repincn

280 1741 409 1812 exercet,
428 1753 485 1814 quo
499 1740 628 1812 ternpore
642 1749 732 1792 eausa
745 1749 833 1810 super
844 1732 987 1791 nullitate
993 1731 1193 1810 professionis
1210 1733 1380 1813 injudiciun

282 1853 453 1914 deducitur.
470 1847 574 1934 (Bulla
588 1848 686 1911 citata
703 1851 739 1911 Si
754 1843 885 1928 datam.)

325 1966 398 2030 vu.
429 1962 543 2045 Quoad
569 1962 777 2027 foeminorum
799 1961 954 2039 OrdineS,
980 1967 1008 2024 si
1031 1969 1142 2043 agatur
1160 1965 1199 2026 cle
1222 1965 1380 2026 monialibus

282 2085 448 2149 ordinario
470 2084 527 2143 loci
545 2081 718 2142 immediate
736 2081 885 2161 subjectis,
912 2086 993 2159 tunc,
1020 2099 1086 2142 cum
1107 2081 1211 2142 nullus
1234 2087 1275 2144 sit
1299 2099 1380 2142 eamn

280 2205 416 2281 superior
429 2200 590 2278 reputaris,
611 2189 691 2258 solas
710 2198 892 2260 Ordinarias
899 2199 1023 2278 judicat
1045 2199 1082 2260 cle
1101 2200 1287 2278 professione
1304 2199 1380 2260 recle·

280 2320 429 2377 mantlum
443 2318 535 2396 intra
553 2316 786 2392 quinquennium
801 2332 811 2372 :
825 2316 852 2372 si
873 2331 942 2374 cero
956 2313 1101 2374 moniales
1123 2315 1309 2394 repulerium
1323 2316 1379 2391 repi-

281 2437 359 2494 mini
371 2433 498 2506 subsint,
522 2437 591 2491 tunc
608 2429 778 2509 hujusmodi
797 2448 893 2491 consa
900 2431 1078 2509 judicanda
1098 2437 1170 2492 sunl
1183 2432 1223 2492 ab
1239 2432 1379 2495 Ordinatio

281 2549 339 2608 loci
352 2546 444 2607 simul
455 2552 515 2606 clu
528 2548 679 2623 superiore
690 2544 840 2623 rapulam,-
852 2544 890 2604 ab
905 2563 939 2605 eo
953 2547 1111 2624 nimirum,
1131 2550 1182 2606 cai
1199 2547 1377 2609 eormredilm

280 2670 326 2724 est
341 2667 515 2724 universam
533 2664 709 2722 monasterii
727 2665 869 2739 repimen,
889 2679 949 2722 non
963 2667 1063 2722 antem
1077 2681 1097 2722 a
1114 2663 1297 2740 confessario
1312 2679 1378 2740 repr·

281 2780 342 2840 lari
355 2777 543 2839 monialium.
565 2774 669 2860 (Bulla
688 2775 787 2838 citata
799 2779 834 2838 St
847 2773 977 2860 dolone.)

325 2895 414 2959 vlu.
436 2892 616 2976 Reguluris,
636 2892 692 2975 qui
707 2891 803 2955 simul
815 2910 889 2955 cum
908 2892 1068 2975 Episcopo
1083 2899 1134 2958 est
1147 2892 1190 2959 de
1205 2893 1281 2979 jure
1296 2892 1377 2978 juder
1420 2919 1421 3014 f

280 3012 313 3076 in
335 3029 429 3075 causo
453 3009 609 3073 nullitotis
631 3007 849 3089 professionis,
869 3011 982 3094 nequit
1006 3007 1171 3093 jussuum
1189 3010 1377 3092 cedereIIpi·

281 3137 389 3201 scopo,
409 3135 468 3181 seu
484 3117 677 3198 permittere
693 3121 730 3179 ut
748 3116 775 3178 is
791 3116 878 3180 solus
892 3113 1021 3199 judicet
1042 3137 1048 3180 :
1071 3125 1181 3200 potest
1197 3126 1306 3183 tumen
1319 3115 1378 3180 ulte·

283 3251 356 3297 rum
371 3232 558 3315 regularem
573 3229 633 3294 sibi
656 3229 854 3296 substituere
874 3250 934 3296 seu
950 3230 1114 3315 delegare.
1137 3233 1244 3318 (Bulla
1260 3235 1343 3299 citute
1353 3233 1378 3292 Sl

284 3347 414 3432 datam.)

327 3467 380 3531 IX.
408 3466 439 3528 Si
455 3463 645 3530 Ordinnrius
658 3469 691 3528 et
705 3465 854 3548 superior
870 3464 1028 3547 regularis
1042 3463 1269 3549 injudicando
1285 3465 1375 3531 disser

283 3585 376 3660 dunt,
400 3600 440 3646 ex
459 3579 548 3644 fecto
566 3581 635 3663 ipso
649 3579 745 3663 hujus
760 3579 935 3657 dissensus,
959 3599 1055 3645 eausa
1071 3589 1219 3648 remanet
1236 3579 1374 3660 SedIIpo

282 3699 403 3764 stolicae
417 3695 583 3761 devoluto.
605 3691 714 3782 (Ibid.)

327 3816 367 3878 X.
386 3811 417 3878 si
435 3810 594 3893 professio
611 3811 704 3905 nullu·
719 3811 958 3893 praetendatur,
977 3832 1018 3878 ex
1049 3811 1182 3897 eoquod
1198 3813 1284 3879 foetu
1299 3809 1372 3876 fuerit

284 3936 378 3994 extro
389 3915 584 4003 ereremum,
598 3927 806 3993 instituendis
820 3931 949 3995 novitiis
961 3928 1159 3996 destinatum
1174 3929 1283 4016 (prout
1294 3926 1371 3993 inioc

283 4062 358 4106 casu
375 4043 497 4106 nullam
513 4041 584 4105 iore
596 4041 744 4108 decrevit
766 4044 914 4109 Clemens
926 4046 1002 4110 VHI
1016 4048 1114 4126 quoad
1134 4050 1293 4110 nonnullm
1303 4047 1371 4122 repe

281 4155 358 4242 nes),
377 4157 419 4222 od
437 4159 567 4222 Sacrum
583 4158 871 4242 congregationem
886 4160 1018 4225 concilii
1030 4178 1126 4225 causa
1141 4167 1224 4226 tunc
1240 4157 1369 4246 punto

282 4275 436 4358 pertinet.
457 4273 560 4357 (Bulla
573 4277 609 4338 Si
624 4272 754 4358 datam.)

278 4394 282 4402 '
326 4389 381 4452 III.
409 4387 577 4471 Reguleris
595 4389 778 4455 nullitatem
796 4391 1006 4474 professionis
1028 4409 1093 4456 suae
1113 4388 1313 4474 pretendens
1329 4397 1367 4446 rr

281 4501 420 4567 diendus
443 4519 505 4563 non
532 4508 591 4574 esr,
619 4502 679 4565 nisi
704 4513 830 4571 constet
854 4525 929 4570 eum
952 4506 1070 4571 morari
1089 4506 1123 4569 in
1145 4504 1304 4588 religionis
1321 4511 1365 4562 sur
