2948 5126
245 351 288 420 46
590 367 777 418 rnncunrus
799 369 843 418 ne
865 354 1013 416 marcus.

243 488 250 528 ·'
279 467 421 562 iarun
436 491 482 561 tn.
500 528 545 546 -·
557 489 593 562 st
605 496 718 561 crimen
732 473 877 560 mentem
893 495 1090 573 renumeret,
1114 502 1142 558 rt
1158 493 1286 578 potera
1297 497 1354 558 atr

239 585 339 696 pilati,
353 591 529 678 denuntiari
536 609 728 695 judicialiter·
742 630 802 677 nun
815 619 925 695 potest.
944 636 989 660 -1-
1004 611 1060 676 nst
1083 609 1244 706 seutentib
1269 617 1358 677 com*

242 728 349 794 munis
364 734 397 794 et
413 736 514 807 certa,
528 703 613 794 teste
633 705 721 794 inter
739 726 817 795 ulios
832 727 1045 794 Reiffenstuel
1063 727 1108 814 (in
1122 705 1176 793 ue'.
1198 727 1228 807 i,
1246 728 1322 794 libri
1337 729 1356 793 5

242 839 382 923 decret,
399 859 433 910 n.
454 842 520 930 89).
535 821 733 930 intelligitur
744 844 975 929 autemregula
987 845 1065 923 bac,
1079 852 1151 909 tum
1164 825 1206 909 de
1222 844 1357 911 erimine

242 967 360 1026 omnino
379 961 518 1040 occulto,
536 960 635 1046 quod,
653 961 748 1027 uerbi
759 962 873 1046 gratia,
892 968 1013 1044 praeter
1028 959 1276 1026 denuntiantem
1287 961 1359 1026 nul-

241 1071 293 1143 lus
312 1080 458 1161 noverit3
473 1085 543 1143 tum
560 1077 603 1142 de
618 1077 753 1143 crimine
769 1097 809 1142 eo
827 1092 924 1142 sensu
940 1057 1077 1154 occulto,
1095 1075 1184 1161 quod
1197 1077 1243 1142 ita
1261 1079 1359 1160 pauci

240 1173 325 1258 illud
336 1196 482 1271 noscant,
500 1199 538 1258 ut
552 1193 745 1278 delinquens
761 1192 905 1258 nondum
919 1192 1050 1258 infamia
1064 1193 1195 1276 publica
1212 1193 1357 1259 laboret.

241 1305 334 1373 Ratio
352 1327 415 1393 qua
438 1307 554 1373 nititur
570 1310 675 1392 posita
697 1309 871 1387 conclusio,
898 1309 974 1375 satis
992 1327 1053 1392 per
1071 1327 1105 1374 se
1123 1313 1227 1392 patet.
1249 1337 1263 1363 κ
1281 1309 1366 1374 Cum

238 1442 260 1480 ἰι
277 1425 480 1491 denuntiatio
488 1423 660 1510 iudicialis,
676 1423 1085 1509 advindictampublicam,
1096 1424 1229 1508 publico
1237 1422 1366 1509 judicio

246 1538 493 1619 «inferendam,
507 1539 641 1619 tendat,
663 1541 747 1606 sicut
766 1541 944 1618 accusatio,
963 1540 1095 1624 publico
1113 1547 1224 1606 autem
1238 1537 1366 1625 judicio

237 1675 260 1709 a
276 1657 346 1722 sine
361 1656 503 1740 legitima
523 1656 714 1740 probatione
730 1657 839 1740 puniri
854 1675 949 1722 nemo
963 1657 1075 1740 possit,
1089 1655 1210 1742 injuste
1223 1657 1296 1740 quis
1311 1653 1364 1740 ju-

246 1770 434 1837 ·‹dicialiter
447 1771 661 1838 denuntiatur
673 1771 716 1838 de
731 1773 864 1839 crimine
881 1771 969 1857 quod
984 1772 1115 1856 probari
1129 1775 1259 1857 nequit,
1285 1789 1366 1836 cum

247 1888 342 1954 «sine
356 1888 467 1954 fructu
482 1889 567 1954 fama
582 1888 652 1974 ejus
662 1889 851 1956 lederetur.
864 1891 905 1955 Et
915 1889 993 1954 licet
1005 1888 1216 1954 denuntiator
1231 1887 1273 1954 de
1286 1888 1368 1974 jure

236 2009 261 2058 '«
274 2021 339 2067 non
353 2003 500 2069 incurrat
515 2021 644 2086 poenam
662 2000 797 2083 talionis,
820 2010 857 2069 ut
879 2003 1119 2088 inprobatione
1138 2002 1296 2070 deficiens
1308 2024 1365 2069 ac·

232 2138 260 2173 a
274 2124 414 2196 cusator,
432 2126 607 2203 reputatur
617 2127 727 2185 tamen
741 2120 964 2200 calumniator,
983 2128 1017 2185 et
1032 2127 1070 2184 ut
1088 2120 1163 2186 talis
1178 2121 1329 2205 punitur.

291 2237 393 2301 «Irno
413 2253 474 2299 nee
494 2243 603 2318 potest
620 2233 723 2321 judex
749 2235 899 2319 recipere
926 2235 1204 2303 denuntiationem
1220 2233 1365 2321 judicia-

234 2357 260 2406 ’κ
276 2353 351 2430 lem,
373 2353 426 2418 rel
445 2353 477 2418 ri
490 2353 575 2418 illius
589 2352 632 2420 ad
647 2353 887 2438 inquisitionem
903 2352 1085 2438 procedere
1111 2362 1145 2420 et
1168 2370 1363 2438 processum
1466 2365 1467 2370 ’

231 2489 260 2524 ·«
275 2470 456 2546 instituere,
467 2468 527 2537 nisi
536 2467 648 2535 videat
661 2489 680 2534 a
695 2467 923 2535 denuntiatore
935 2471 1018 2535 tales
1029 2468 1231 2535 denominari
1240 2475 1358 2550 testes,

231 2603 259 2641 'a
276 2591 333 2649 aut
350 2584 461 2651 ollerri
475 2585 672 2669 probationis
691 2585 807 2663 media,
824 2605 885 2670 per
899 2604 969 2671 quae
986 2584 1142 2651 delictum
1157 2583 1362 2654 sufficienter

232 2688 257 2757 'a
273 2700 406 2785 probari
421 2701 527 2766 valeat
546 2722 553 2766 :
570 2719 664 2767 secus
679 2701 799 2767 iaciens
813 2709 968 2767 censetur
983 2703 1081 2767 etiam
1096 2719 1166 2767 esse
1181 2701 1361 2768 calumnia·
1465 2787 1466 2792 Ἰ

243 2825 336 2896 «tor,
346 2823 462 2900 utpote
473 2815 633 2901 judicium
645 2817 809 2900 publicum
823 2817 891 2882 sine
907 2816 1151 2900 probationibus
1164 2817 1357 2901 intentans3

231 2943 257 2987 ’κ
270 2950 331 2997 nec
347 2931 458 2998 evadit
474 2949 586 3016 poenas
605 2933 856 3010 calumniatoris,
877 2934 990 2999 saltem
1014 2931 1286 2998 extraordinarias
1302 2949 1359 2999 ar»

236 3043 256 3102 ’κ
272 3047 370 3114 bitrio
385 3046 505 3133 judicis
526 3037 748 3131 imponendas.
769 3077 783 3103 r
804 3047 1040 3135 (lleilleustuel,
1056 3049 1089 3114 in
1108 3049 1159 3113 tit.
1186 3050 1215 3125 l,
1236 3047 1315 3113 libri
1336 3053 1357 3114 b
1464 3079 1465 3134 3

230 3159 378 3241 decret,
396 3180 429 3227 n.
445 3160 515 3247 89.)

237 3317 256 3328 ι·
282 3268 1354 3365 indietis'seqaiturnanpossedelictumJudietatiteruenunuari,

235 3387 294 3475 sl,
309 3402 430 3480 preter
458 3393 723 3475 denuntiantem,
748 3412 834 3461 unus
858 3404 986 3464 tantum
1005 3393 1090 3463 illud
1115 3402 1241 3462 noscat.
1267 3391 1356 3479 Qtn'a

179 3521 180 3524 ’
232 3505 354 3595 nempe
368 3501 411 3577 a'd
425 3501 648 3596 probationem
671 3509 856 3596 judicialem
878 3507 943 3576 non
967 3507 1192 3578 suffieitunius
1206 3512 1355 3578 testimo

235 3627 336 3692 alum
355 3627 629 3709 dirumpuntur
649 3624 908 3706 denuntiantem,
927 3626 994 3694 duo
1009 3628 1150 3693 existant
1169 3627 1282 3695 idonei
1299 3629 1355 3696 te‘-
1463 3607 1464 3616 ἵ

233 3751 312 3821 ates,
330 3735 445 3829 ⁴potest
462 3742 620 3808 delictum
644 3739 847 3826 denuntiari3
868 3743 942 3827 qnia
961 3742 1028 3810 duo
1052 3741 1249 3812 sufficienter
1271 3763 1354 3833 pro·

234 3856 325 3936 baut,
343 3864 380 3923 ut
394 3865 571 3923 constater
584 3853 783 3940 capitebic'ct
802 3857 866 3944 (23,
881 3857 1187 3946 denumeratio).

229 3965 236 4028 ἕ
279 3975 316 4040 In
332 3967 486 4059 oasu'quo
500 3973 567 4039 dno
578 3968 748 4040 dumtaxat
757 3973 1033 4042 delictumtestari
1044 3977 1178 4059 possint,
1196 3985 1231 4044 et
1244 3973 1352 4049 uelint
1462 3945 1463 3958 ἵ

231 4089 314 4157 iliud
332 4090 536 4169 denuntiare,
553 4089 676 4156 debent
700 4106 816 4155 curare
840 4099 878 4156 ut
899 4089 1104 4163 denuntiatio
1126 4110 1187 4178 per
1210 4097 1351 4168 tertium

230 4206 300 4274 flat.
318 4201 399 4274 Num
416 4207 472 4286 ilie
495 4208 624 4285 tertius,
649 4207 710 4272 etsi
733 4206 777 4272 ad
795 4206 1035 4274 testificandam
1053 4227 1119 4275 non
1135 4211 1177 4277 sic
1191 4212 1347 4297 idoneus,

229 4322 275 4389 td
285 4315 545 4388 denuntiandum
558 4330 666 4388 tamea
681 4330 731 4389 sat
745 4320 882 4389 idoneus
895 4323 970 4401 erit,
987 4341 1062 4388 cum
1076 4327 1178 4409 possit
1187 4325 1271 4396 duos
1285 4321 1342 4398 te-
1461 4402 1462 4436 ¹

231 4446 298 4505 stes
320 4435 424 4522 judici
443 4439 621 4504 nominare.
641 4435 808 4520 licentra,
826 4435 853 4504 al
875 4433 960 4506 unua
985 4457 1027 4506 ex
1053 4436 1183 4508 duobus
1202 4445 1350 4514 tesuber
