2948 5126
511 306 589 360 rsus
611 305 769 360 mausus.
919 285 926 316 ²
1156 285 1197 357 67

108 431 213 521 «quod
225 450 396 522 processus
407 449 472 504 non
486 429 597 502 valet?
612 426 844 514 despondetur
854 427 943 516 quod
955 445 1021 502 non
1040 449 1048 496 :
1065 429 1139 517 quia
1151 436 1201 501 est

108 548 186 614 «sibi
197 546 423 632 imputandum
434 566 535 632 quare
553 566 665 630 passus
680 553 730 612 est
743 545 863 630 inquiri
880 543 921 618 de
941 545 1079 612 veritate
1092 546 1202 612 crimi-

109 666 185 740 nnia
200 665 389 752 priusquam
406 669 570 733 constaret
584 661 625 734 de
640 661 773 728 infamia
792 684 799 728 :
817 662 892 748 quia
910 681 984 728 cum
997 660 1086 728 istud
1101 650 1202 733 doerit

107 780 347 850 «introductum
363 781 397 844 in
414 779 561 846 favorem
575 779 634 859 sni,
657 779 763 864 potuit
780 779 829 848 illi
843 777 947 844 favori
965 780 1164 848 renuntiare.
1182 809 1196 841 s

106 897 384 982 (Glossaimprossa'
395 894 556 980 Lugduni,
574 915 657 962 anno
676 896 771 974 1435,
791 893 848 960 fol.
870 893 958 979 126.)

140 1017 286 1081 Probatur
300 1015 334 1093 2,
360 1033 399 1076 ea
418 1017 565 1078 commoni
587 1015 741 1080 doctorum
761 1017 919 1076 secmatta.
948 1048 994 1058 —
1011 1010 1125 1078 Refert
1140 1015 1203 1080 ra-

104 1148 215 1216 guenus
229 1129 273 1216 (in
286 1147 315 1198 c.
335 1129 391 1206 24,
406 1128 458 1194 tit.
479 1130 510 1205 1,
525 1125 581 1194 lib.
602 1126 773 1203 5decret.,
788 1145 821 1192 n.
841 1123 895 1211 60)
914 1125 1075 1212 quomodo
1090 1127 1203 1194 Clarus

105 1244 143 1330 (in
154 1265 208 1317 sua
221 1249 362 1313 Proetiae
374 1246 539 1324 criminali,
558 1262 590 1328 q.
609 1240 640 1328 6)
659 1242 783 1327 aliquid
797 1243 994 1310 contrarium
1007 1243 1092 1310 thesi
1107 1263 1204 1330 quam

103 1359 148 1431 bic
166 1359 372 1433 defendimus
388 1359 498 1429 dicere
514 1361 601 1429 visus
620 1360 686 1426 sit:
705 1355 868 1426 diversam
893 1377 1008 1446 nempe
1032 1360 1205 1428 invaluisse

103 1479 227 1560 praxim,
243 1479 287 1546 ita
307 1484 345 1545 ut
359 1478 429 1562 ipse
446 1477 572 1547 nullum
590 1495 777 1570 processum
796 1475 1035 1562 inquisitorinm
1051 1476 1205 1544 viderita

103 1591 309 1660 manatione
330 1594 474 1678 incipere
497 1613 503 1658 :
529 1611 625 1678 quam
653 1591 815 1660 diversam
842 1591 1054 1664 tribunalium
1080 1595 1206 1676 praxim

103 1708 183 1780 iden
209 1711 323 1782 Clarus
347 1709 515 1779 describit.
543 1710 615 1792 Quo
631 1715 811 1794 praenotato
826 1710 870 1776 sic
888 1710 996 1794 pergit
1014 1711 1204 1796 Fagnanns:

108 1854 118 1878 κ
136 1825 196 1894 Sed
208 1833 323 1896 contra
337 1823 523 1914 hujusmodi
542 1825 717 1909 practicam
737 1824 875 1910 insurgit
895 1823 1060 1892 Rolandus
1076 1826 1120 1912 (in
1135 1845 1207 1896 oon·

108 1943 195 2013 osilia
218 1945 272 2022 57,
289 1962 323 2008 n.
343 1943 398 2021 26,
415 1942 481 2010 rol.
505 1939 550 2026 4).
570 1942 651 2008 Nam
673 1939 853 2007 secundum
876 1959 961 2019 eum,
975 1940 1053 2008 licet
1066 1942 1208 2008 testimo

108 2087 119 2110 ι
134 2059 220 2126 nium
235 2057 324 2126 Clari
339 2058 380 2126 sit
396 2075 558 2142 magnum,
573 2061 685 2127 tamen
699 2064 750 2124 est
762 2054 996 2140 spernendum,
1015 2057 1090 2144 quia
1109 2079 1208 2132 amaea

113 2177 270 2255 amaa,
287 2181 349 2238 tam
363 2180 585 2256 cottonianam
600 2175 735 2238 moderat
747 2171 946 2240 concludunt
958 2181 994 2238 ct
1010 2173 1202 2254 exclamant,
1242 2239 1244 2246 ,

108 2319 119 2342 «
134 2291 165 2354 in
176 2288 382 2380 inquisitione
397 2288 515 2355 famam
527 2287 651 2355 debere
666 2284 873 2372 precedere3
890 2307 951 2356 nec
968 2287 1081 2376 aliquis
1093 2308 1207 2356 eorum

109 2433 119 2456 ·
136 2403 210 2475 dicit
219 2404 261 2475 de
273 2403 506 2476 consuetudine
517 2402 714 2471 contrarium
729 2403 865 2482 servari,
875 2411 974 2489 prout
988 2402 1068 2473 dicit
1081 2403 1204 2470 Clarus.

108 2522 276 2608 «Qumtmo
287 2527 379 2592 totus
389 2519 532 2593 mundus
544 2520 693 2605 sequitur
704 2518 787 2584 hanc
802 2518 1050 2597 conclusionem,
1063 2519 1153 2604 quod
1164 2527 1209 2585 ia-

109 2644 264 2720 ·qqtsttta‚
293 2657 355 2702 aaa
375 2638 561 2718 procacitate
577 2638 785 2716 diffaamtioce
801 2636 884 2715 sacta
893 2683 904 2716 ‚
923 2638 1009 2698 auito
1025 2643 1054 2702 et
1070 2640 1208 2710 invalida

108 2759 182 2834 usit.
194 2776 209 2816 r>
222 2750 374 2822 Ostendit
392 2758 505 2836 postea
524 2752 694 2834 Fagnanus
708 2749 838 2820 clarum
853 2769 918 2816 non
938 2751 1072 2840 praecise,
1091 2750 1208 2819 dixisse

102 2868 186 2952 quod
201 2869 357 2954 supponit
370 2864 550 2938 Rolandus.
568 2867 650 2932 Tum
666 2866 735 2949 ipse
754 2863 941 2931 describens
961 2864 1158 2934 differentias
1175 2868 1209 2932 in

102 2982 316 3070 procedendo,
338 2988 436 3068 prout
444 2979 547 3066 iudex
561 2980 615 3051 vel
631 3000 672 3045 ex
690 2999 780 3045 mero
796 2977 898 3049 officio
913 2980 1081 3064 procedit,
1099 2983 1153 3048 vel
1167 2981 1209 3048 ad

102 3101 231 3169 alterins
239 3099 435 3177 instantiam,
446 3095 678 3184 itasubjungit:
692 3095 865 3164 «Secunda
872 3095 1056 3164 differentia
1066 3107 1126 3178 est,
1135 3103 1210 3187 quia

108 3215 260 3302 «qnando
273 3211 426 3300 procedit
440 3233 482 3281 ex
496 3231 586 3283 mero
605 3210 718 3292 officio,
734 3231 800 3278 non
817 3218 951 3282 tenetur
964 3213 1112 3298 recipere
1131 3232 1209 3300 pro·

105 3332 294 3398 «lationem
310 3349 410 3414 super
429 3329 531 3413 fama;
552 3329 629 3394 satis
645 3336 695 3394 est
710 3329 796 3394 enim
814 3336 852 3393 ut
866 3326 908 3392 de
925 3347 963 3394 ea
978 3335 1108 3402 constet
1126 3331 1206 3397 sibi:

108 3477 118 3500 ι
134 3467 228 3522 secus
241 3445 372 3542 quando
386 3444 534 3532 procedit
545 3442 587 3516 ad
598 3443 732 3513 alterins
740 3445 966 3521 instantiam..
985 3446 1095 3532 Glossa
1111 3455 1145 3512 et
1161 3467 1211 3513 ca-

24 3573 26 3600 *
108 3591 119 3614 «
136 3565 270 3635 nonistae
285 3564 388 3636 nostri
401 3581 467 3629 non
478 3561 592 3631 dicunt
604 3556 856 3632 diffamationem
869 3577 934 3626 non
943 3562 1067 3648 requiri
1079 3561 1210 3648 quando

108 3677 238 3765 «judex
255 3699 295 3747 es
315 3677 419 3748 officio
437 3675 586 3762 procedit
605 3697 611 3740 :
629 3677 694 3748 imo
716 3673 830 3743 dicunt
851 3677 949 3744 etiam
969 3694 1009 3747 eo
1031 3696 1107 3744 casn
1128 3677 1212 3765 judi-

108 3813 203 3866 ·cem
218 3795 342 3868 debere
357 3812 421 3886 Per¹
431 3813 465 3860 sa
480 3792 644 3878 inquirere
664 3790 705 3857 de
725 3790 829 3876 summ
844 3791 903 3862 sed
918 3801 1045 3864 tantum
1063 3806 1212 3872 asserunt

109 3941 120 3964 κ
136 3912 213 3982 satis
229 3929 310 3990 esse,
327 3908 422 3980 atde
442 3907 628 3994 hujusmodi
639 3908 725 3977 fama
741 3917 867 3974 constet
881 3906 996 3993 judici,
1009 3910 1065 3997 qui
1083 3931 1147 3978 non
1162 3891 1214 3978 te-

109 4060 121 4083 ·
137 4038 237 4103 natur
253 4026 294 4098 de
309 4048 347 4098 ea
363 4025 595 4108 fidemtacsre,
606 4045 667 4094 nec
680 4025 889 4114 probationes
905 4045 1068 4098 assumere
1083 4029 1213 4118 quando

110 4143 290 4238 «procedit
304 4165 345 4214 ex
356 4143 462 4220 ‚officio
478 4163 553 4230 su0;
568 4142 629 4214 sed
646 4144 750 4216 solum
769 4142 900 4228 quando
911 4143 1074 4235 procedit,
1091 4145 1153 4213 alio
1165 4147 1215 4220 in-

112 4263 340 4353 rqnisitionem
367 4268 601 4352 promovente;
622 4269 656 4328 et
674 4262 723 4328 ita
743 4269 866 4352 arrepta
885 4281 956 4326 casu
977 4263 1216 4348 diffamationem
