2848 5118
258 386 318 451 164
599 397 786 447 amuranus
808 401 853 448 nn
874 400 1022 448 sonions.

249 522 412 609 judicare.
437 524 472 586 4⁰
497 523 711 604 interrumpit
738 523 1033 607 prescriptionem,
1062 523 1179 588 saitem
1205 520 1349 598 odiosam,

254 637 362 725 (idest,
378 655 448 723 qaoe
462 644 590 703 tantum
602 635 645 702 ob
658 636 886 721 negligentiam
902 636 1025 703 domini
1038 633 1230 719 inducitur),
1244 635 1352 700 scilicet

251 751 295 823 30
309 753 362 818 vel
378 753 421 818 40
440 769 609 818 annorum.
633 752 711 833 Quae
734 753 841 818 omnia
863 751 940 819 vide
963 752 1091 818 firmata
1105 750 1194 836 apud
1209 749 1353 816 Scbmaiz·

208 951 211 958 A
250 867 405 954 gausber,
423 866 523 933 citato
537 866 753 950 paragrapho.

294 985 446 1066 Qonsato
467 984 532 1047 10·.
553 974 599 1032 ¹—-
616 985 790 1064 antaplioa'
811 987 898 1049 modo
920 987 1109 1048 convalidari
1130 988 1229 1065 possit
1250 986 1351 1058 citatio,

247 1101 470 1184 quassatique
479 1100 595 1178 desecta
607 1099 694 1160 colio
708 1101 809 1179 socrat
818 1103 833 1163 ,⁹
843 1137 888 1148 -
898 1099 1036 1165 sanatur
1050 1098 1211 1164 citationis
1226 1096 1352 1171 auius,

252 1219 284 1280 1ο
300 1231 361 1300 por
376 1212 643 1296 comparitionem
662 1213 770 1297 citati;
789 1214 887 1282 modo
907 1222 1019 1280 minen
1033 1214 1165 1279 nullitas
1178 1219 1289 1277 ortum
1302 1228 1355 1276 non

248 1329 386 1396 haberet
400 1349 440 1394 ex
457 1327 592 1394 defectu
604 1326 838 1413 jurisdictionis
852 1331 1033 1396 incitante.
1052 1333 1086 1393 2⁰
1098 1326 1236 1411 Quando
1250 1326 1353 1392 citatus

248 1451 495 1529 procuratorem
519 1441 629 1508 mittit.
652 1446 687 1508 3⁰
702 1445 768 1510 Per
794 1447 948 1529 principis
972 1445 1169 1529 rescriptum
1195 1441 1353 1528 (Scaman-

197 1553 199 1560 ’
245 1559 604 1645 praetermittat.
624 1561 643 1624 2
660 1557 803 1640 decret,
824 1567 840 1640 5
859 1564 891 1641 2,
908 1581 941 1626 n.
962 1559 1029 1646 30).

715 1843 848 1912 CAPUT
863 1847 917 1911 VI.

664 2115 710 2162 nu
729 2114 952 2164 contumacis.

247 2443 249 2450 ,
294 2378 652 2448 Processuscriminaiis
665 2379 764 2445 telam
780 2378 1020 2465 prosequendo,
1042 2389 1120 2463 post
1143 2381 1297 2450 traditam
1319 2383 1353 2450 de

249 2497 403 2563 citatione
420 2515 576 2574 normam,
595 2496 629 2560 in
650 2497 861 2579 questionem
878 2494 921 2562 de
941 2500 1143 2563 contumacia
1165 2498 1352 2566 inducimur.

248 2612 328 2678 Nam
338 2613 456 2678 citatus
469 2629 556 2690 reus,
571 2610 698 2676 siintra
710 2611 969 2695 peremptorium
982 2613 1159 2678 terminum
1176 2633 1247 2680 com
1252 2633 1353 2700 parere

248 2730 400 2814 negligat,
417 2736 592 2795 contumax
607 2726 759 2812 efficitur3
772 2727 860 2795 unde
874 2728 1105 2813 exponendum
1124 2731 1204 2814 quid
1221 2739 1300 2798 tunc
1311 2730 1354 2815 ju·
1414 2733 1415 2738 ’

248 2845 293 2910 ris
316 2845 451 2922 oriatur,
471 2851 505 2909 et
530 2841 693 2928 quomodo
723 2843 764 2907 sit
788 2842 1051 2928 procedendum.
1079 2845 1234 2927 Quamvis
1256 2847 1352 2912 auten

249 2960 450 3024 contumacia
470 2960 504 3023 in
524 2958 651 3043 reliquo
677 2959 775 3022 etiam
801 2978 973 3044 processus
995 2967 1104 3026 tractu
1127 2961 1253 3044 pluries
1282 2959 1353 3025 acci·
1414 2939 1415 2976 *

248 3073 329 3140 dere
346 3074 458 3156 possit,
470 3079 504 3138 et
521 3092 585 3137 non
599 3080 726 3138 tantum
741 3083 883 3158 exparte
898 3075 977 3153 Rei*
987 3076 1046 3142 sed
1060 3083 1096 3140 ct
1110 3078 1256 3155 testium,
1270 3085 1355 3160 atque

248 3188 417 3273 ipsiusmet
432 3189 562 3266 actoris,
584 3189 809 3271 opportuniori
824 3196 934 3256 tameo
949 3190 1039 3270 sede,
1055 3197 1126 3257 tota
1139 3191 1183 3258 de
1204 3201 1355 3258 contuma-

250 3305 344 3371 cibus
361 3303 554 3388 disceptatio
564 3304 616 3368 hic
628 3305 820 3370 collocatur.

294 3421 445 3502 Qunsaro
462 3422 505 3484 1¹.
523 3455 567 3469 ·-
583 3424 664 3500 Quid
679 3428 721 3484 sit
733 3427 942 3486 contumacia?
957 3459 1002 3472 -
1021 3453 1036 3480 ι
1056 3424 1252 3508 Respondeo
1270 3447 1276 3490 :
1291 3439 1355 3488 cou-
1413 3505 1414 3534 1

253 3567 270 3602 a
284 3538 426 3602 tumacia
442 3536 472 3623 (a
490 3536 729 3604 contemnendo
744 3536 842 3616 dicta,
862 3538 952 3624 quod
965 3539 1111 3626 judicem
1125 3540 1280 3608 videatur
1294 3557 1355 3605 con·
1413 3535 1414 3572 ³

254 3661 433 3719 «temnere
455 3652 511 3738 qui
540 3661 675 3718 vocatus
706 3673 772 3719 non
805 3655 1023 3742 obtemperat)
1052 3655 1230 3740 dupliciter
1258 3659 1355 3740 potest

255 3799 270 3824 ι
288 3769 416 3852 accipi:
442 3771 474 3832 1⁰
495 3775 643 3851 perreriam
659 3776 694 3834 ct
719 3757 798 3835 tunc
826 3769 978 3855 designat
998 3791 1237 3858 quamcumque
1254 3771 1355 3838 inobe-

255 3913 270 3940 κ
287 3883 451 3962 dicabam,
468 3886 503 3949 in
519 3884 574 3950 vel
592 3893 685 3951 extra
698 3884 856 3971 judicium
880 3889 1097 3972 commissam
1115 3893 1149 3954 2⁰
1165 3890 1313 3972 specifica·
1326 3891 1354 3950 et

255 4031 269 4056 a
285 4003 317 4067 in
336 4020 376 4066 ea
391 4001 580 4084 acceptione
599 4000 735 4067 denotat
751 4004 852 4070 solam
871 4004 1126 4072 inobedientiam
1145 4006 1179 4070 in
1199 4026 1263 4071 non
1281 4021 1352 4070 com·

256 4118 428 4203 «parendo
444 4116 613 4184 admissam
630 4141 637 4185 :
656 4138 727 4205 quaa
744 4123 891 4206 acceptio
905 4121 1002 4208 hujus
1019 4126 1183 4208 precipue
1198 4125 1260 4192 loci
1269 4128 1325 4190 est.

284 4226 314 4321 j«
329 4235 493 4302 Definitur
508 4235 553 4302 sic
571 4244 716 4319 accepta,
735 4237 823 4322 quod
838 4239 881 4306 sit
896 4261 903 4306 :
921 4243 1123 4306 inobedientia
1137 4262 1157 4305 c
1172 4244 1301 4324 lopttimc
1310 4257 1353 4301 oo·
1412 4303 1413 4326 2

255 4385 268 4412 a
285 4362 352 4418 coto
365 4355 593 4434 arpajacum,
612 4358 646 4416 io
664 4358 703 4415 iis
721 4375 787 4436 qao
804 4359 846 4419 ad
856 4359 990 4437 jadicem
1009 4365 1175 4440 pertineat,
1196 4327 1349 4422 conmissa
1412 4331 1413 4398 d

252 4467 448 4554 «Itaquoad
463 4487 593 4536 sensum
611 4489 734 4535 omnes.
757 4499 770 4526 r·
793 4472 1102 4558 (Schmalzgrueber,
1121 4473 1291 4541 intitulum
1305 4469 1349 4546 ii,
