2914 5122
250 349 292 413 aa
593 361 780 410 emortuos
803 361 846 410 ns
867 361 1016 410 seorsus.

249 517 264 541 ι
277 487 350 553 talis
365 487 505 553 crindnis
522 485 653 552 infamia
677 485 835 553 laborant.
864 487 922 550 Est
940 485 1117 552 communis
1131 485 1295 584 sententia
1312 484 1369 551 do

250 632 263 658 κ
281 612 427 687 ctorum;
442 609 476 667 et
487 601 649 686 colligitur
667 621 708 666 ex
721 601 827 684 capite
843 604 981 682 Qatuiiter
998 609 1028 664 et
1042 603 1161 683 quanio
1175 600 1241 688 (nt,
1260 601 1314 666 tit.
1338 605 1367 679 l,

249 719 356 786 «libri
384 724 402 785 5
423 717 577 804 decretl.
597 719 687 785 Ratio
701 726 762 798 est,
785 718 860 802 qnia
884 717 919 784 id
935 717 976 783 de
993 737 1059 803 quo
1078 717 1167 784 nulla
1186 718 1295 783 adhuc
1320 727 1371 784 est

249 864 264 891 «ι
281 835 377 914 fama,
396 840 546 900 censetur
561 833 738 911 occultum,
756 831 834 897 dnm
853 833 905 898 via
918 834 1132 917 inquisitionis
1147 832 1367 918 proceditur:

250 971 263 1007 t
281 953 371 1036 atqui
387 951 505 1037 judicis
522 959 666 1035 potestas
681 969 746 1016 non
764 969 798 1016 se
817 949 965 1016 extendit
982 950 1024 1015 ad
1038 951 1198 1018 elicienda
1212 952 1368 1017 occulta:

250 1063 418 1133 «maxima
434 1069 520 1133 enim
532 1066 610 1132 inde
624 1065 828 1132 incommodo
838 1066 1285 1152 inrepnblicasequerentur.
1309 1069 1372 1132 lta-

250 1201 345 1267 «que
364 1183 488 1247 etiamsi
506 1180 768 1266 suhjnramento‚
787 1181 908 1248 velsnb
919 1184 1372 1265 poenaexcommunicationis

251 1327 264 1353 κ
285 1299 450 1382 praecipiat
473 1303 512 1362 ut
529 1296 619 1362 dicas
636 1298 809 1364 veritatem
831 1296 873 1363 de
889 1318 928 1364 eo
948 1297 1037 1383 quod
1057 1299 1153 1376 nosti,
1172 1307 1284 1364 tamen
1305 1318 1372 1364 non

251 1442 263 1468 a
280 1415 417 1498 teneris3
435 1412 495 1478 sed
510 1422 603 1497 potes
614 1433 687 1478 cum
702 1414 904 1480 restrictione
919 1416 1053 1480 mentali
1061 1414 1182 1493 dicere,
1193 1423 1229 1480 te
1241 1416 1372 1481 nescire

250 1559 263 1586 «
281 1530 460 1616 quidquam
480 1551 488 1596 ε
506 1530 718 1615 intelligendo
729 1532 838 1609 tacite,
855 1540 890 1597 te
905 1533 1030 1598 nescire
1044 1531 1192 1598 eomodo
1203 1540 1243 1597 ut
1255 1540 1372 1598 tenea·

250 1646 327 1711 «ris
336 1646 574 1730 patefacere.»
652 1707 666 1722 ,

288 1764 439 1844 Qumsnto
452 1764 497 1826 4¹.
525 1799 571 1810 —
596 1766 643 1826 An
661 1769 809 1844 superiori
826 1767 992 1844 pensantem
1007 1769 1232 1845 inquisitionem
1241 1773 1371 1847 potesate

243 1884 426 1958 instituenti,
439 1884 555 1960 possint
564 1881 678 1942 subditi
690 1882 883 1959 manifestere
894 1881 1004 1943 delicio
1018 1883 1153 1944 occuito?
1166 1917 1213 1928 -·-
1225 1881 1371 1964 Respon-

243 1991 390 2059 dendum
406 1991 611 2076 affirmative3
633 1993 707 2076 quia
721 1991 939 2058 manifestatio
955 1993 1023 2059 haec
1038 2013 1102 2059 non
1120 1993 1229 2060 tendit
1243 1994 1287 2060 ad
1298 1997 1370 2060 vin-

245 2107 366 2174 dictam
380 2108 553 2192 publicam,
572 2107 631 2174 sed
649 2108 691 2174 ad
706 2110 806 2175 solam
822 2109 1041 2195 delinquentis
1055 2109 1321 2178 emendationem
1336 2119 1370 2177 et

244 2231 415 2306 paternam
428 2222 676 2288 correctionem.

288 2338 439 2418 Quasno
459 2341 501 2402 5¹.
518 2373 562 2386 --
576 2341 624 2401 An
638 2343 787 2420 eupatori
809 2339 977 2420 qenerulem
993 2343 1218 2419 inquisitionum
1232 2343 1370 2423 judicia-

245 2456 316 2524 iiter,
334 2459 516 2534 instituenti,
532 2457 612 2518 licite
624 2458 744 2536 possint
759 2456 873 2518 subditi
891 2456 1005 2517 occuito
1019 2457 1130 2518 delicta
1143 2459 1369 2536 manifestare?
1453 2445 1454 2460 ³

243 2569 494 2654 -ltespondeo
512 2592 519 2635 :
540 2570 594 2636 vel
607 2570 668 2635 ista
683 2568 802 2636 delicta
818 2567 981 2656 injudicio
1005 2569 1136 2655 probari
1154 2550 1291 2654 possunt
1313 2573 1369 2638 vel

244 2703 331 2754 non:
664 2685 667 2690 ’
1452 2775 1453 2784 ¹

291 2807 323 2866 1ο
346 2831 360 2858 s
378 2801 515 2884 Quando
527 2801 750 2868 erimannullo
768 2800 867 2868 modo
882 2801 1014 2886 probari
1026 2811 1145 2886 potest,
1163 2811 1278 2887 aperte
1286 2823 1369 2870 con·
1452 2787 1453 2847 l

248 2947 262 2972 α
280 2927 332 2983 tra
344 2917 503 3002 justitiam
519 2937 636 3001 peccas
652 2919 679 2982 si
693 2916 776 2983 illud
788 2918 930 3001 aperias3
955 2919 1030 3002 quia
1044 2919 1171 2984 nullum
1183 2918 1238 3004 jus
1263 2919 1369 2986 habes
1451 3001 1452 3008 ἵ

249 3065 263 3088 κ
277 3033 601 3117 illiuspnteiaciendi.
621 3021 701 3099 Cum
715 3035 801 3099 enim
819 3052 884 3097 non
899 3035 998 3116 possit
1014 3033 1157 3116 probari,
1175 3055 1242 3101 non
1257 3044 1368 3119 potest

247 3178 261 3204 a
277 3167 407 3234 quoque
423 3151 546 3233 puniri3
569 3167 606 3214 ac
626 3148 763 3232 proinde
788 3169 853 3216 nun
870 3157 978 3233 potest
1002 3169 1043 3216 ex
1069 3150 1140 3236 eJus
1160 3153 1366 3220 revelatione
1450 3209 1451 3212 ,

248 3295 262 3320 α
282 3265 371 3331 aliud
383 3267 475 3350 sequi
486 3285 582 3351 quarn
597 3265 739 3331 infamia.
766 3295 780 3320 ι
1450 3249 1451 3276 ³

293 3409 307 3434 «ι
326 3381 446 3464 Excipe
456 3388 565 3446 tamen
581 3379 663 3445 duos
674 3397 767 3444 casus
780 3379 899 3464 quibus
910 3385 1020 3464 potest
1030 3383 1191 3464 superiori
1198 3384 1362 3466 patelieri,

249 3525 263 3554 a
278 3498 340 3561 etsi
352 3497 481 3562 omnino
506 3496 668 3560 occultum
687 3495 739 3560 sit.
765 3495 860 3559 Prior
874 3504 924 3560 est
939 3495 1069 3580 quando
1086 3495 1122 3561 id
1136 3507 1274 3580 putatur
1290 3519 1365 3566 esse

247 3641 261 3668 κ
277 3612 497 3678 necessarium
514 3611 556 3677 ad
579 3611 680 3696 ipsius
702 3611 967 3677 ¹emendationem
986 3634 993 3676 :
1015 3621 1094 3677 tunc
1112 3614 1198 3678 enirn
1213 3617 1365 3699 aperien-

247 3758 261 3784 α
275 3727 353 3794 dum
365 3727 535 3810 superiori,
554 3747 619 3791 iton
627 3736 665 3792 ut
677 3726 790 3811 judici,
812 3725 870 3792 sed
883 3734 919 3790 ut
927 3733 1025 3810 patri,
1047 3735 1086 3792 ut
1101 3746 1158 3793 sua
1185 3730 1364 3812 prudentia

247 3873 261 3900 α
278 3853 313 3909 et
331 3845 523 3908 auctoritate
537 3843 620 3908 illud
635 3842 799 3908 emendet.
824 3842 915 3908 Alter
927 3851 978 3908 est
992 3841 1070 3907 dum
1085 3844 1218 3929 aliquod
1241 3848 1364 3912 malum

246 3989 261 4015 a
278 3960 443 4043 spirituale
456 3961 509 4025 vel
520 3959 699 4043 temporale
714 3956 884 4041 impendet
900 3958 1071 4043 abaliquo,
1088 3959 1180 4043 quod
1188 3963 1362 4029 commode

246 4107 261 4133 «
275 4077 381 4142 averti
394 4095 460 4140 non
476 4081 585 4161 potest
598 4076 659 4139 nisi
670 4075 846 4158 superioris
861 4093 973 4158 opera.
989 4092 1007 4130 ·»
1029 4075 1178 4162 (Lessius
1193 4082 1232 4144 cie
1244 4083 1318 4144 iure
1331 4087 1363 4143 et
1447 4091 1448 4138 t

234 4200 371 4276 justitie,
387 4192 442 4258 lih.
462 4196 493 4270 2,
515 4210 544 4256 c.
563 4195 618 4270 29,
635 4210 667 4255 n.
689 4187 777 4274 tlt.)

286 4313 320 4376 2⁰
336 4309 423 4392 Quid
435 4328 514 4375 vero
529 4309 556 4372 si
571 4306 730 4373 delictum
740 4307 905 4372 occultum
914 4307 1077 4392 injudicio
1088 4311 1222 4392 probari
1236 4313 1361 4396 possit?

246 4457 261 4484 «
277 4427 392 4494 videri
405 4426 507 4508 possit
525 4423 620 4488 alicui
634 4423 751 4488 saltem
769 4421 901 4506 quando
920 4425 1043 4491 crimen
1054 4425 1188 4508 probari
1206 4430 1360 4510 potestin
