2948 5126
589 415 670 464 rsus
690 415 848 465 suenum.
1240 401 1274 467 11

167 541 384 608 anurnioetione
409 539 555 626 majore:
573 557 614 606 cc
623 549 725 624 purte,
750 541 908 622 inimicus,
931 543 988 630 qui
1014 541 1208 612 admittetur
1237 541 1281 612 ad

164 657 386 726 accusandum
394 656 527 743 quondo
542 675 634 747 snam
659 659 716 726 rel
732 677 865 725 suorum
888 658 1040 745 injuriam
1055 661 1277 747 prosequitur,

163 793 230 841 ηοη
246 775 282 840 in
299 773 369 840 aliis
384 773 479 842 modo
493 775 680 840 memoratis
704 776 847 860 casibua3
864 773 969 854 liberi,
988 777 1045 862 qui
1059 783 1213 862 parentes
1227 796 1282 854 ac·

163 911 279 958 casare
294 900 430 977 possunt
443 892 477 956 in
495 891 682 958 criminibus
699 899 841 976 exceptis,
861 913 926 959 ηοη
953 893 995 959 ad
1021 893 1281 980 persequendam

92 1065 99 1075 .
162 1007 224 1076 sibi
247 1005 370 1074 illatam
387 1005 550 1094 injuriam
574 1007 698 1086 clerici,
713 989 771 1094 qui
795 1025 948 1076 accusare
975 1017 1120 1094 possunt,
1140 1009 1282 1076 uttdixi·

161 1141 246 1201 mus,
257 1122 486 1218 prosequendo
505 1142 597 1188 suam
611 1124 665 1190 rel
687 1124 831 1191 ecclesiae
851 1143 916 1190 suu
929 1123 1096 1210 injuriam,
1115 1143 1181 1192 non
1196 1143 1278 1193 veru

162 1241 196 1304 in
224 1238 412 1304 criminibus
433 1246 575 1322 correptis.
603 1238 697 1327 (Vide
725 1240 1029 1324 echmalzgrueben
1056 1241 1090 1306 iu
1108 1241 1160 1307 tit.
1189 1244 1218 1319 1,
1245 1241 1281 1308 li·

162 1355 216 1421 bri
233 1354 490 1436 tdecretalium
505 1377 539 1422 n.
560 1360 601 1424 tr
618 1355 746 1443 etseq.)

207 1477 300 1539 Nota.
321 1473 442 1538 Parum
455 1473 545 1539 utilia
557 1472 655 1540 hodie
668 1474 703 1540 in
716 1475 808 1559 prm·
821 1481 873 1541 ert
890 1474 1009 1540 solutio
1024 1471 1121 1560 hujus
1129 1474 1280 1560 quaestio-

162 1578 366 1671 deponam
378 1607 517 1654 comtum
530 1597 661 1674 possint.
687 1592 768 1657 Cum
785 1592 871 1656 enim
885 1590 928 1656 ob
943 1588 1162 1656 introductam
1178 1590 1280 1675 inqui·

161 1704 286 1772 sicimis
301 1706 398 1784 mun,
424 1707 524 1792 possit
534 1706 637 1794 judex
659 1705 843 1794 procedere
867 1725 910 1772 ex
935 1706 1049 1784 officio,
1073 1706 1163 1772 nullo
1188 1713 1280 1772 accd-

161 1831 264 1902 sante,
282 1822 354 1890 fere
372 1842 537 1909 nunquam
558 1826 669 1892 evenit
689 1833 726 1891 ut
744 1825 816 1910 quis
835 1841 870 1892 se
885 1825 920 1888 in
936 1829 1160 1890 accusatorem
1175 1823 1278 1908 recipi

161 1938 324 2023 postulet3
340 1937 521 2006 cedmonet
534 1938 705 2008 dumtaxat
714 1939 860 2026 judicem
879 1938 922 2005 de
941 1943 1071 2024 patrato
1088 1937 1222 2016 delicto,
1246 1937 1277 2006 ei

159 2063 264 2122 totum
283 2055 469 2140 relinquens
490 2053 684 2142 detegendae
710 2055 860 2126 veritatis
882 2071 1012 2138 curam3
1033 2061 1208 2139 partesque
1222 2073 1278 2122 ac·

159 2171 318 2238 cusator-is
331 2179 410 2237 tunc
427 2171 635 2256 agitiiscalis
659 2174 769 2261 (quem
793 2174 827 2238 in
855 2173 957 2244 Gellia
971 2171 1197 2238 Promotorem
1224 2189 1277 2238 ru

158 2286 261 2373 cant).
277 2287 328 2354 Ad
342 2287 524 2356 faciendam
539 2297 649 2356 autem
663 2288 823 2376 ejusmodi
839 2288 1039 2356 delationem
1058 2286 1276 2354 admittuntur

160 2421 285 2484 omnes,
301 2420 366 2470 ηοη
382 2405 528 2489 exceptis
537 2403 576 2470 iis
587 2405 644 2490 qui
658 2426 677 2473 a
690 2404 765 2490 jure
779 2421 933 2470 accusare
944 2405 1174 2488 prohihentur.
1189 2400 1276 2469 Indi·

160 2521 212 2586 cia
227 2522 314 2586 enim
328 2523 479 2602 criminis,
497 2539 516 2588 a
532 2539 737 2608 quacumque
754 2539 892 2607 persona
902 2517 1004 2608 judici
1019 2521 1162 2598 veniant,
1187 2521 1273 2585 tiam

158 2635 221 2720 ipsi
243 2637 393 2721 aperiunt
413 2637 456 2704 ad
475 2636 721 2722 procedendum
741 2657 783 2704 ex
805 2636 919 2703 officio.
939 2637 1021 2702 Hinc
1036 2635 1159 2722 duplici
1183 2634 1274 2701 dum·

158 2761 252 2820 taxat
264 2755 297 2818 in
314 2771 390 2820 casa
406 2756 544 2822 interest
561 2755 642 2821 scire
663 2755 791 2840 quinam
814 2753 855 2820 ad
874 2751 1090 2820 accusandum
1106 2752 1170 2818 sint
1182 2750 1273 2818 inho-

158 2871 265 2938 biles:
284 2875 316 2938 1ο
330 2872 460 2958 quando
476 2874 558 2960 quis,
576 2873 737 2960 exaliqua
755 2873 887 2956 speciali
905 2872 1042 2950 ratione,
1063 2869 1274 2937 accusationis

157 3007 243 3054 onus
253 2987 314 3054 sibi
327 3001 491 3054 assumere
508 2994 735 3072 anteponeret,
751 2989 968 3074 potiusquam
990 2969 1043 3053 rie
1059 2985 1273 3074 inquisitionis

154 3102 317 3189 justitiam
332 3105 366 3170 in
381 3123 476 3170 reum
489 3107 636 3172 exerceri
657 3127 663 3171 :
682 3113 764 3170 tunc
784 3105 907 3170 scilicet
926 3097 1115 3190 expendere
1132 3101 1272 3170 deberet

153 3217 262 3304 judex
284 3239 325 3285 an
349 3220 422 3286 talis
441 3229 611 3286 accusator
635 3219 752 3287 habilis
776 3219 1032 3286 inhabilisvead
1054 3216 1271 3284 accusandum

155 3331 267 3402 foret:
284 3329 344 3401 sed
353 3353 444 3402 casm
454 3334 521 3416 ille,
533 3345 571 3402 ut
585 3337 662 3402 satis
676 3342 779 3421 patet,
796 3336 977 3404 recusimus
990 3336 1074 3419 erit;
1090 3337 1125 3400 2⁰
1139 3331 1271 3420 quondo

155 3454 193 3520 in
210 3448 372 3538 aliquibus
382 3454 471 3532 locis,
493 3453 681 3538 particulari
702 3460 824 3520 statuto
840 3459 972 3519 mutum
990 3454 1085 3531 esset,
1104 3470 1147 3518 nc
1162 3456 1273 3536 posset

151 3567 260 3654 judex
270 3569 305 3634 in
320 3570 418 3636 certis
431 3570 534 3636 causis
547 3571 610 3635 nisi
622 3569 665 3637 ad
676 3571 778 3654 partis
792 3569 960 3656 querelem
970 3568 1182 3635 criminaliter
1194 3585 1271 3652 pro·

154 3683 303 3752 cedere:
320 3685 556 3752 tuncenimad
578 3687 745 3773 querelam
766 3702 833 3753 non
856 3683 1052 3752 admittendi
1071 3685 1191 3765 iurent,
1210 3683 1271 3748 nini

153 3803 214 3890 qui
226 3801 353 3890 dejure
365 3802 408 3871 ad
418 3803 637 3872 accusandum
650 3803 779 3870 admitti
797 3811 942 3888 possunt.

650 4083 652 4090 ·
686 4055 741 4120 lv.

518 4270 633 4334 Quinam
647 4274 767 4323 accurari
775 4275 895 4336 poutntt
976 4289 981 4300 ·

94 4555 96 4560 .
204 4531 219 4558 a
236 4501 430 4588 despondeo
445 4523 453 4570 ε
467 4507 612 4573 accusari
648 4514 784 4593 possum
814 4507 1013 4596 generaliter
1045 4503 1272 4594 demonstres
