2878 5114
492 339 571 386 sins
592 340 750 388 SECUNDA.
1118 333 1176 394 481

97 461 197 546 taum),
211 467 371 545 mafanum
392 467 432 528 N.
454 470 663 528 castitatum
679 473 708 528 et
723 485 857 529 creamus
877 471 1030 531 Vicarium
1048 477 1182 535 nostrum

95 582 236 660 paurum
251 586 283 643 iu
295 583 418 644 ecclesia
438 585 562 643 ciuitate
580 588 609 643 et
627 584 746 644 diocesi
766 592 886 662 nostra,
907 591 968 647 tam
984 591 1017 649 in
1037 594 1183 669 tempora·

96 695 159 756 libus
174 715 255 776 quam
276 702 310 759 in
330 698 542 778 spiritualibus
558 716 568 757 .·
585 699 691 759 dantcs
706 704 735 759 ct
750 701 939 761 concedentes
957 703 1052 764 cidem
1061 705 1184 783 plenam

94 815 117 870 et
128 811 238 873 liberam
249 818 427 894 patcsiotcm
447 817 476 873 et
494 813 670 874 mandatum
690 816 872 894 speciale...
894 814 1029 900 (Caetera
1044 815 1185 884 describi

94 933 208 1004 possunt
222 934 256 992 ut
271 928 304 992 in
318 927 458 991 formula
474 924 692 1009 deputationis
705 929 821 993 vicarii
840 931 997 1013 generalis
1015 932 1182 1019 Episcopi,

94 1058 154 1104 cum
168 1041 223 1108 hac
238 1040 415 1127 additione)
432 1064 439 1108 ε
456 1064 562 1106 causas
577 1047 750 1106 criminales
766 1053 794 1107 et
810 1051 930 1127 ciuiles,
950 1053 1187 1114 matrimoniales

92 1159 322 1238 eliminatas,
343 1167 372 1222 et
394 1179 590 1240 quascumque
607 1163 687 1222 alias
710 1167 772 1223 tam
792 1167 986 1244 principales
1003 1170 1187 1251 quaminct·

92 1273 188 1353 dmtcs,
202 1284 229 1339 et
242 1296 297 1358 per
310 1277 540 1358 appellationem
554 1278 710 1339 deootmas
720 1284 750 1340 at
763 1283 796 1341 in
802 1286 956 1359 posterum
973 1282 1182 1360 devolvendus,

26 1433 27 1436 ¹
90 1394 234 1470 etpuaad
248 1395 361 1455 dicium
382 1397 517 1453 nostram
534 1393 688 1453 ecclesium
707 1395 901 1472 pertinebunt
916 1395 953 1456 de
965 1400 1037 1475 jure
1057 1397 1105 1458 cel
1119 1415 1185 1460 con·

90 1509 244 1587 uetudine,
263 1509 408 1570 audiendi
425 1508 504 1570 etde
520 1511 596 1587 ipsis
614 1511 830 1587 capnoscendi;
846 1516 875 1571 et
890 1517 996 1572 catera
1009 1493 1110 1574 omnia
1124 1532 1189 1593 qua

90 1630 148 1684 suat
159 1627 333 1707 episcopalis
348 1632 377 1686 et
392 1623 654 1707 archiepiscopalis
667 1627 895 1706 jurisdictionis
913 1629 1071 1690 euerccndi
1084 1636 1113 1691 ct
1131 1636 1191 1692 ter·

88 1743 251 1807 mittendi.»

599 1973 669 2034 Vll.

284 2211 396 2258 sonus
419 2211 655 2258 oneummoms
678 2196 802 2258 mensu
827 2211 980 2260 sonsum.

126 2461 140 2498 a
154 2445 183 2506 N
185 2491 206 2520 .‚
222 2445 281 2505 Dei
295 2449 324 2504 ct
338 2444 514 2524 Apostolicoe
528 2446 615 2506 Sedis
628 2449 731 2524 pratia
742 2446 905 2525 Episcopus
918 2448 958 2508 N.
963 2496 973 2526 ,
995 2449 1105 2510 dilecto
1122 2449 1188 2510 Ν.

85 2589 122 2601 -
145 2561 290 2621 Omnibus
311 2565 420 2620 nostru
438 2560 666 2640 jurisdictionis
690 2560 828 2640 subjectis
850 2579 906 2640 pro
930 2563 1193 2624 administratione

77 2674 202 2748 justitia
212 2676 375 2770 prouidere
388 2679 549 2755 eumentes,
570 2681 599 2736 el
613 2693 650 2736 ne
660 2695 718 2755 pro
732 2675 819 2736 rebus
837 2676 961 2755 leuibus,
978 2682 1148 2757 prasertim
1160 2683 1191 2740 iu

84 2790 228 2869 ciuilibus,
253 2795 342 2851 entra
358 2792 453 2852 locum
475 2792 624 2852 domicilii
647 2792 715 2852 lites
737 2795 883 2852 sustinere
903 2799 1047 2871 copantur
1064 2812 1074 2853 :
1095 2781 1144 2871 Te,
1156 2795 1194 2855 dc

82 2908 158 2984 cujus
173 2909 328 2988 probitate
343 2913 372 2968 ct
387 2908 550 2968 idoneitate
565 2909 734 2986 plurimum
754 2911 786 2968 in
808 2909 933 2969 Domino
952 2909 1140 2988 confidimus,
1160 2915 1194 2972 in

82 3029 211 3086 nastrum
235 3028 383 3085 uicarium
405 3026 575 3102 taraucam,
599 3026 641 3085 ad
661 3025 875 3103 beneplacitum
897 3031 1048 3104 nostrum,
1067 3027 1125 3087 loci
1148 3029 1188 3089 N.

81 3146 184 3202 nostra
203 3142 338 3204 diaecesis
362 3143 502 3220 facimus,
527 3145 747 3219 constituimus,
772 3142 949 3220 deputamus
970 3162 980 3202 :
1002 3144 1108 3206 dautes
1124 3145 1192 3206 Tibi

79 3255 252 3331 facultatem
271 3276 377 3319 causas
397 3259 501 3320 ciuiles
515 3277 606 3337 usquc
623 3260 664 3320 od
676 3275 821 3320 summam
839 3264 1078 3336 scutatorum...,
1091 3267 1120 3323 et
1134 3281 1193 3324 non

79 3373 175 3453 ultra,
198 3375 362 3450 audiendi,
377 3375 570 3453 coquoscendi
585 3380 614 3435 et
632 3375 817 3436 terminandi
823 3395 838 3451 ,·
852 3378 885 3436 in
903 3377 1110 3437 criminalibus
1124 3396 1192 3440 cero

80 3490 201 3571 leuibus,
223 3498 310 3554 testes
326 3493 541 3569 cumminandi,
555 3509 726 3571 processum
746 3493 974 3570 informatioum
990 3491 1187 3571 conficiendi,

79 3611 106 3666 ct
115 3609 156 3670 ad
167 3613 305 3670 nostrum
320 3609 474 3670 Vicarium
497 3607 663 3686 peueralcm
680 3606 907 3668 transmittendi
911 3628 927 3684 ‚·
940 3607 1059 3686 aliaque
1073 3611 1192 3686 nepotia

79 3723 116 3784 ad
134 3724 383 3803 jurisdictionem
404 3728 433 3782 et
456 3723 589 3782 tribuual
611 3722 774 3802 episcopale
794 3725 960 3800 spectantia
980 3723 1143 3800 audiendi,
1163 3728 1192 3782 et

76 3845 177 3916 postea
192 3840 278 3900 nobis
297 3819 466 3916 referendi;
485 3843 513 3898 et
531 3837 595 3898 alia
609 3837 744 3915 faciendi
763 3853 828 3914 queo
850 3839 961 3896 vicarii
978 3837 1095 3914 foranei
1115 3838 1192 3898 dicti

80 3953 135 4014 loci
145 3973 207 4034 pro
228 3961 356 4032 tempore
373 3954 471 4031 smera
490 3971 682 4029 consueuerc‚·
696 3969 762 4013 cum
777 3951 912 4012 omnibus
931 3951 1106 4030 bonoribus,
1125 3971 1193 4014 oue-

78 4069 160 4130 ribus
182 4076 213 4130 at
232 4070 435 4130 emolumentis
454 4069 552 4129 solitis
571 4075 600 4130 et
614 4072 760 4136 conseatis
778 4085 787 4126 :
807 4067 984 4128 inundantes
1003 4069 1138 4130 omuibus
1152 4069 1193 4130 ad

78 4202 148 4262 quos
168 4190 301 4266 spectat,
326 4191 361 4245 ut
380 4187 418 4246 Te
436 4188 468 4246 iu
489 4184 578 4244 talem
599 4188 818 4264 recopnoscanl,
840 4183 962 4261 Tibique
983 4183 1121 4243 obediant
1139 4183 1193 4244 sub

76 4307 172 4381 poeuis
190 4303 320 4364 arbitrio
334 4307 435 4362 nostro
454 4301 640 4382 indipeudis.
655 4302 778 4378 Datum,
794 4301 958 4374 ctc.-N.,
974 4301 1136 4378 Episcopus
1150 4303 1190 4364 N.

77 4451 120 4462 —-
135 4421 167 4482 N
170 4466 194 4495 .,
212 4420 419 4479 concellarius.
439 4439 454 4475 u
470 4453 514 4462 —-
530 4419 569 4480 Et
586 4424 726 4498 ponatur
740 4414 880 4495 sigillum
897 4420 1053 4478 consueto
1064 4413 1146 4479 laco.

224 4529 257 4585 ΙΙ.
562 4537 573 4543 ”
1056 4527 1086 4584 si
