2848 5118
248 342 309 410 ten
588 355 776 409 nanentnns
797 361 843 409 nn
866 347 1014 410 nubieus.

242 486 403 563 intimari,
418 484 493 568 qaia
507 484 666 548 intimatio
679 484 748 549 bec
762 501 827 550 non
841 493 890 550 est
903 466 995 550 actos
1005 483 1251 568 jurisdictionis,
1265 485 1353 551 aliter

242 602 353 690 tamen
367 597 542 667 dicendum
554 608 604 665 est
615 599 657 666 de
669 601 739 685 ipso
753 601 862 667 edicto
874 601 1050 666 citationis.
1060 601 1144 666 Talis
1155 603 1240 666 enim
1252 609 1350 678 aetus,

242 727 359 804 utpote
372 715 645 801 jurisdictienalis,
661 718 694 780 in
709 715 814 782 alieno
832 717 994 783 territorio
1010 716 1102 782 exeri
1115 717 1240 802 nequit.

285 835 437 917 Qumsnto
456 839 501 897 7³.
518 865 563 902 τ·-
578 835 626 896 An
636 835 736 914 jadex
754 836 845 895 simzd
858 853 925 896 eum
944 838 1086 896 citatione
1103 839 1240 895 tencatur
1256 848 1305 895 reo
1320 835 1354 894 li-

240 944 349 1006 bellam
363 945 580 1003 accusatoriam
595 948 649 1002 eat
662 943 917 1004 denuntiatorias
934 947 1162 1005 transmittere?
1175 977 1220 990 —-
1233 943 1354 1025 Negant

238 1057 441 1124 communius
458 1055 620 1132 dectores,
644 1063 679 1120 et
702 1057 862 1122 sustinent
878 1075 943 1120 non
961 1057 1051 1122 alind
1069 1057 1192 1141 requiri
1209 1073 1309 1142 quam
1321 1065 1355 1122 nt

235 1193 331 1242 causa
354 1175 389 1239 in
410 1191 530 1257 genere
554 1172 699 1237 citationi
721 1173 894 1238 inseratur.
923 1173 1032 1249 «Sed,
1053 1181 1090 1238 ut
1110 1173 1195 1239 hene
1214 1173 1355 1238 advertit

237 1290 381 1374 «Engel,
401 1287 505 1373 styln's
521 1287 756 1373 conjuscnmque
773 1290 870 1353 surim
887 1288 1109 1354 attendendus
1126 1297 1201 1354 est:
1224 1289 1278 1373 qui
1299 1288 1355 1354 nisi

237 1407 468 1472 econtrarium
488 1404 604 1481 dictet,
631 1403 768 1488 provide
791 1405 921 1470 omnine
944 1413 978 1469 et
1002 1407 1241 1488 circumspecte
1260 1405 1355 1471 faciet

237 1519 387 1608 «judex,
406 1523 432 1586 si
446 1541 511 1596 una
527 1539 601 1585 cum
619 1520 773 1585 citatione
789 1520 937 1584 libellum
956 1523 1168 1585 transmittat.
1193 1519 1274 1586 Nam
1292 1521 1356 1586 boec

234 1639 463 1704 «transmissio
484 1639 547 1702 erit
565 1637 632 1700 litis
652 1637 887 1701 acceleratio...
914 1636 1050 1713 durabit
1068 1644 1176 1701 tamen
1196 1635 1302 1720 judex
1323 1642 1356 1701 ut

233 1753 434 1838 «originale,
463 1751 515 1816 vel
542 1749 655 1816 saltem
677 1751 802 1835 capiam
827 1750 928 1815 libelli
948 1766 1050 1832 penes
1073 1769 1108 1816 se
1128 1756 1290 1828 retincat,
1318 1744 1355 1816 ad

232 1868 425 1936 contendas
450 1866 594 1932 fraudes.
611 1891 627 1927 n
656 1867 968 1953 (schmalzgrucber,
994 1867 1066 1932 leco
1090 1867 1204 1944 citato,
1229 1885 1262 1930 n.
1285 1863 1351 1950 nt.)

275 1985 427 2067 Qnrssnre
446 1987 491 2049 8³.
513 2019 558 2032 -
575 1986 728 2063 (lemnado
753 1985 892 2063 facienda
911 1989 952 2046 sit
970 1989 1103 2046 exoratio
1125 1999 1177 2045 san
1201 1988 1353 2046 tetimonio

128 2118 130 2123 ·
231 2104 407 2168 citationis?
418 2124 464 2148 ιε-
479 2103 511 2165 1⁰
523 2100 639 2164 Posset
652 2097 726 2176 lieri
739 2111 801 2182 per
813 2097 958 2182 jndicem
974 2098 1090 2181 ipsum,
1108 2098 1163 2162 sel
1176 2098 1356 2181 quemlibet

231 2216 356 2300 abipso
370 2214 460 2280 adid
477 2213 671 2300 deputatum
689 2237 697 2279 ε
715 2213 775 2279 scd
791 2213 1007 2279 ordinantem
1023 2229 1084 2296 per
1102 2213 1243 2298 aliquem
1260 2215 1356 2278 curin

231 2333 379 2399 nuntium
395 2350 453 2397 seu
471 2349 648 2397 cursorem.
667 2333 701 2395 2⁰
716 2333 829 2395 Potest
844 2330 917 2394 lieri
940 2330 1056 2414 quevis
1072 2337 1238 2414 tempere3
1260 2328 1357 2394 medo

232 2446 274 2514 de
299 2446 377 2513 die:
401 2467 473 2512 narn
492 2466 558 2512 non
581 2449 615 2512 in
642 2445 801 2531 ejusmodi
828 2446 953 2510 actibus
980 2446 1099 2510 merito
1123 2453 1278 2530 suspecto
1304 2446 1354 2512 bu·

231 2561 342 2640 betur,
360 2567 398 2626 ut
412 2569 526 2626 tenent
542 2562 759 2626 communiter
774 2559 937 2624 doctores.
966 2563 1001 2624 3⁰
1015 2559 1045 2622 Si
1060 2558 1118 2622 fiat
1131 2573 1194 2642 per
1204 2561 1357 2626 nuntium

233 2679 349 2756 curiae,
369 2678 486 2743 citatus
504 2685 638 2742 tenetur
654 2677 684 2741 ei
703 2677 830 2764 (utpote
852 2690 1000 2760 persone
1018 2672 1171 2760 publice)
1191 2675 1353 2742 eredere:

232 2795 260 2860 si
276 2812 355 2860 vcro
370 2794 428 2858 liat
441 2812 501 2875 per
516 2794 614 2858 alium
629 2791 670 2857 ad
684 2792 746 2857 linc
761 2791 945 2876 specialiter
960 2791 1165 2875 deputatum,
1180 2793 1209 2856 is
1223 2799 1357 2857 tenetur

233 2909 330 2976 simul
344 2927 417 2973 cum
433 2910 550 2974 litteris
566 2909 745 2984 citationis,
764 2909 860 2973 etiam
877 2886 1107 2972 commissionis
1121 2907 1183 2973 sibi
1196 2908 1292 2972 iaetae
1307 2909 1357 2974 lit-

233 3033 323 3091 terns
335 3025 500 3091 enltlbere.
514 3025 587 3088 4⁰Si
598 3023 699 3108 J’udex
713 3026 815 3089 citans
826 3025 868 3089 sit
880 3022 1050 3089 dumtaxat
1063 3023 1242 3108 delegatus,
1256 3023 1357 3090 debet

235 3141 381 3212 citationi
393 3139 492 3204 inseri
502 3145 599 3203 tenor
610 3139 672 3222 ipsi
684 3138 778 3204 factoe
792 3137 1017 3222 delegationis3
1032 3139 1106 3222 quia
1122 3156 1240 3223 nempe
1254 3137 1356 3222 judex

235 3257 407 3340 delegatus
430 3254 564 3320 tenetur
580 3273 650 3318 sese
673 3255 872 3338 legitimare,
889 3253 992 3330 idest,
1010 3253 1250 3336 delegationem
1266 3273 1356 3320 suam

236 3373 393 3458 prebare;
412 3378 446 3435 et
461 3369 602 3454 alioquin
615 3371 737 3434 citatus
751 3389 816 3434 non
837 3369 969 3434 tenetur
985 3367 1122 3434 credere
1146 3369 1245 3454 ipsius
1259 3368 1357 3454 juris-

235 3487 381 3555 dictioni.
402 3490 435 3551 5⁰
450 3486 516 3550 Nisi
538 3485 617 3570 quid
639 3487 763 3563 obstet,
782 3486 943 3552 citationis
964 3486 1125 3550 intimatio
1141 3485 1293 3550 facienda
1307 3493 1357 3552 est

210 3623 213 3628 ·
235 3607 270 3671 in
290 3606 417 3681 faciem,
437 3602 551 3680 idest,
574 3603 703 3686 ipsimet
724 3619 869 3685 persone
892 3601 1022 3668 citandi.
1046 3605 1080 3668 6⁰
1095 3603 1126 3667 Si
1141 3622 1236 3668 reum
1254 3603 1356 3688 inqui

236 3723 334 3788 situm
352 3721 486 3784 nuntius
508 3739 573 3784 non
590 3718 777 3802 repererit,
804 3727 931 3802 potest,
951 3720 1004 3784 vel
1028 3721 1233 3802 procuratori
1256 3722 1356 3803 ipsius

235 3837 277 3924 (si
301 3853 398 3920 quem
424 3834 632 3920 reliquerit);
663 3836 718 3900 nel
744 3835 787 3900 ad
813 3853 914 3900 urnam
935 3855 953 3900 e
974 3835 1158 3900 domesticis
1185 3837 1356 3923 (adultiori

233 3962 355 4028 temen,
374 3971 439 4016 non
454 3949 599 4034 intanti);
620 3951 671 4016 vel
686 3953 822 4016 sinemo
836 3950 930 4029 adsit,
948 3952 1062 4016 vicinis
1075 3951 1355 4018 denuntiationem

235 4087 416 4154 exponere,
442 4067 556 4132 relicto
580 4065 704 4133 ibidem
730 4069 965 4133 commissionis
982 4084 1047 4132 suat
1072 4069 1238 4152 enemplo,
1256 4076 1297 4132 ut
1315 4065 1356 4132 ad

234 4203 328 4252 reum
343 4184 637 4266 citatioperneniat
651 4183 768 4268 (eapite
784 4187 913 4246 Causam
923 4186 955 4257 3,
968 4187 1006 4246 de
1018 4181 1119 4265 Dato);
1136 4183 1190 4247 nel
1208 4183 1354 4265 sineque

230 4302 297 4368 lrec
313 4299 408 4367 mede
423 4299 495 4364 lieri
507 4298 618 4382 possit,
637 4305 693 4362 ant
710 4298 875 4382 expediat,
891 4305 1001 4384 petest
1016 4297 1127 4364 citatio
1141 4297 1226 4382 atligi
1240 4296 1282 4362 ad
1298 4296 1355 4362 do-

234 4429 325 4489 niam
337 4418 372 4482 in
387 4425 451 4499 qun
470 4412 619 4479 eilbadus
637 4413 783 4480 habitare
803 4416 982 4482 consueuit.
1002 4421 1036 4481 7ο
1052 4413 1189 4495 Quando
1208 4411 1356 4479 citandus
