2836 5118
491 339 570 388 rans
594 339 753 392 sacerna.
1114 329 1176 394 ast

80 463 230 530 amantias
254 471 347 530 actus
370 472 404 530 et
427 465 631 549 temporis.»
662 465 987 552 (Schmnlagmebcr,
1008 469 1041 536 iu
1065 469 1116 534 tit.
1148 472 1177 544 t,
1286 431 1290 438 ”

78 579 169 646 librit
191 578 419 657 decretalium,
437 599 471 644 n.
489 582 507 645 l
525 587 560 647 et
572 578 656 665 seq.)

580 833 596 908 5
621 829 662 896 11.

127 1051 181 1108 (tais
197 1051 348 1116 particularia
365 1048 506 1112 procedendi
524 1049 609 1100 modus
626 1050 744 1112 legitimus
761 1050 802 1100 dat
818 1055 842 1102 in
859 1067 915 1104 casn
933 1052 1011 1104 delicti
1028 1053 1122 1104 notorii.

116 1279 142 1341 i.
159 1277 215 1343 nst
231 1284 323 1344 certa
338 1285 373 1342 et
385 1238 515 1344 omnino
535 1276 676 1344 tenenda
695 1279 823 1364 regulo,
844 1285 924 1346 tunc
942 1299 1007 1346 non
1026 1277 1184 1364 adstringi

77 1390 320 1456 ecclesiasticum
332 1389 477 1475 judicem
488 1389 531 1456 ad
541 1389 783 1457 observandum
799 1390 948 1459 ordinem
961 1391 1180 1478 judiciarium.

77 1505 168 1586 Quam
188 1506 337 1590 regulam
353 1504 508 1573 doctores
524 1505 709 1584 deducunt,
726 1515 798 1574 tum
813 1527 854 1574 ex
871 1507 954 1594 juris
970 1507 1115 1574 textibus
1131 1508 1183 1594 (ex

77 1639 187 1687 canone
203 1623 407 1686 Pratitaatar
423 1625 475 1701 14,
495 1630 529 1688 et
543 1641 665 1688 canone
685 1627 759 1703 Qaoe
780 1626 942 1688 lotharius
960 1626 1012 1702 16,
1030 1642 1133 1690 causae
1149 1625 1181 1700 2,

79 1755 108 1822 q.
127 1740 154 1821 1;
170 1746 261 1805 etex
278 1738 383 1822 capite
397 1743 446 1804 Ad
460 1746 594 1804 nostram
611 1741 665 1816 21,
680 1742 718 1804 de
734 1737 964 1824 Jurejaraado);
984 1747 1054 1806 tum
1073 1758 1113 1806 ex
1133 1757 1185 1805 ra·

78 1853 156 1920 none
175 1877 182 1919 :
200 1873 276 1920 nam
295 1880 308 1914 ι
329 1854 419 1923 Ordo
441 1853 630 1941 judiciarius
649 1855 753 1922 solum
767 1853 977 1922 introductus
991 1862 1041 1921 est
1061 1854 1105 1922 ad
1123 1855 1186 1920 ori·

84 1998 95 2022 ι
109 1970 263 2038 ninisout
271 1971 356 2057 juris
367 1969 460 2038 dubii
469 1972 642 2038 veritatem
652 1969 925 2062 investigandam
937 1971 994 2056 qui
1003 1968 1186 2038 liniacessat

83 2086 136 2150 «iu
150 2107 225 2154 casu
250 2087 309 2154 ubi
333 2087 402 2154 lraeo
425 2094 477 2152 est
499 2088 637 2155 notoria.
663 2089 705 2154 llt
726 2088 760 2152 in
783 2087 845 2154 hoc
870 2086 1009 2154 discedit
1029 2086 1187 2172 judicium

83 2230 96 2255 α
110 2204 297 2270 criminales
308 2201 433 2288 judicio
447 2203 542 2281 civiti,
556 2203 613 2270 ubi
624 2203 788 2271 notorium
801 2223 865 2270 non
880 2211 1013 2270 excusat
1024 2203 1065 2271 ab
1077 2203 1188 2270 obser·
1318 2233 1322 2238 ·

82 2319 230 2384 «vatione
256 2316 381 2383 ordinis
399 2317 616 2403 judiciarii...
643 2348 655 2372 n
684 2317 1004 2406 (Schmnlzgrueber,
1024 2319 1059 2384 in
1078 2319 1131 2384 tit.
1156 2319 1185 2396 t,

78 2431 178 2501 lib1i5
195 2432 427 2512 decretalium,
443 2455 477 2500 n.
496 2432 542 2520 7.)

120 2551 148 2614 t.
162 2551 242 2616 Hinc
251 2551 286 2616 in
298 2549 434 2616 notoriis
445 2567 527 2634 opus
539 2568 603 2615 non
615 2556 667 2616 est
679 2557 864 2614 decusatim
874 2567 937 2614 nec
947 2551 1184 2618 denuntiatione..

79 2664 124 2730 lta
134 2671 244 2732 tenent
258 2662 412 2731 doctores
422 2664 649 2744 communiter,
667 2671 702 2733 et
716 2670 893 2732 constater
905 2664 1010 2747 capite
1025 2667 1187 2729 Euidcatta

83 2780 122 2866 (9,
137 2781 220 2848 tituli
238 2784 266 2859 l,
285 2781 362 2848 libri
384 2784 402 2845 5
425 2777 665 2865 decretalium),
682 2782 716 2846 in
731 2798 796 2865 qno
812 2782 858 2846 sic
872 2779 1008 2866 loquens
1022 2777 1189 2846 inducitur

81 2904 199 2962 sanctus
209 2897 407 2980 Augustinus
420 2917 426 2960 :
439 2898 592 2960 evidentia
601 2901 722 2980 patrati
732 2897 852 2960 sceleris
862 2915 923 2960 aaa
933 2897 1049 2978 indicet
1060 2897 1188 2960 clamore

81 3019 259 3078 acuaatorts.
286 3011 382 3078 Idem
409 3009 512 3078 dictat
537 3019 627 3078 recta
649 3013 733 3078 ratio
755 3033 761 3078 :
782 3009 858 3077 ideo
884 3010 972 3076 enim
993 3010 1189 3096 regulariter

82 3129 229 3195 accusatio
248 3128 302 3194 vel
318 3127 521 3194 denuntiatio
539 3126 730 3212 requiritur,
744 3134 782 3192 ut
798 3125 921 3192 crimen
936 3123 1106 3212 injudicio
1121 3143 1188 3190 rna·

82 3243 260 3328 nitestetur;
276 3242 338 3310 sed
361 3245 395 3310 in
418 3243 552 3332 notoriis
574 3243 791 3310 manifestatio
814 3242 883 3310 hoec
899 3240 1131 3332 jamnhabetur
1146 3261 1185 3308 ex

83 3359 232 3428 evidentia
256 3361 354 3445 iacti3
377 3358 465 3426 nude
494 3378 733 3444 supervacanea
754 3357 865 3427 eradit
887 3357 1050 3424 accusatio
1073 3365 1107 3424 et
1129 3356 1187 3424 de-

83 3477 237 3544 nuntiatio.
1019 3557 1021 3562 Ι

121 3597 255 3662 3.1tem
282 3595 316 3660 in
342 3595 477 3661 notoriis
500 3613 565 3662 non
586 3595 739 3682 requitur
769 3596 908 3676 libellas,
933 3613 994 3658 neo
1012 3599 1188 3657 contestatio

86 3708 149 3790 tttta,
175 3730 236 3776 nec
250 3716 460 3796 jurameatma
478 3714 647 3792 calamato,
673 3727 734 3775 nec
757 3711 826 3776 aliae
845 3708 1065 3776 solemnitates
1088 3708 1188 3792 perti-

85 3831 186 3893 nentes
198 3825 241 3892 ad
251 3825 367 3912 judicii
381 3825 632 3894 ordinationem.
649 3829 699 3894 lta
714 3825 929 3894 communiter
944 3823 1098 3892 doctores
1113 3844 1189 3891 con-

87 3938 222 4021 cludant,
238 3950 277 4008 ut
292 3942 407 4010 videre
424 3951 474 4008 est
488 3941 577 4028 apud
593 3942 883 4028 schmalzgrueher
899 3942 943 4029 (in
958 3943 1009 4007 tit.
1032 3945 1060 4020 1,
1079 3938 1154 4008 libri
1169 3946 1187 4008 5

87 4048 213 4136 decret,
238 4079 271 4124 n.
299 4056 344 4146 9).
379 4089 393 4114 a
413 4059 630 4146 Proceditque
653 4059 732 4142 hoo,
760 4059 829 4125 sive
853 4066 968 4144 agatur
994 4067 1108 4126 eontra
1132 4057 1189 4124 als

90 4181 241 4251 «mntem,
263 4153 330 4240 sive
358 4181 471 4242 contra
489 4183 703 4260 presentem
723 4180 758 4240 et
777 4176 845 4242 sive
862 4177 904 4242 sit
924 4175 1085 4242 notorium
1110 4173 1187 4240 tacti

93 4284 308 4374 «interpolati,
337 4289 405 4356 sive
428 4293 664 4369 momentanei,
687 4290 756 4360 sive
785 4291 939 4359 continui.
973 4317 986 4346 u
1018 4289 1189 4376 (Salmala-

95 4402 256 4486 ·maeher,
277 4408 350 4476 loco
365 4405 491 4492 citato.)
584 4449 586 4454 -
