2878 5114
482 337 560 384 raas
583 337 741 383 sucrum.
787 378 789 384 ,
1102 317 1170 380 tua·

74 477 132 542 cap.
151 463 200 538 10,
216 477 247 525 a.
262 458 329 546 29),
344 465 380 526 ct
393 459 482 544 apud
495 457 705 527 demonstret
721 460 765 549 (in
778 462 830 526 tit.
851 465 879 538 l,
895 459 971 526 aba
987 463 1006 524 5
1022 456 1166 534 decret,

73 595 99 638 a.
116 572 199 659 354).
215 574 263 640 Ad
276 593 414 660 quarum
428 595 573 642 normam
588 585 785 659 praesentem
809 574 1098 653 accommodantes,
1116 591 1171 641 aa·

73 711 131 757 sum
145 692 367 775 particularem
382 691 611 777 figurabimus;
628 699 665 758 ut
679 693 724 759 sic
739 693 839 778 magia
855 691 1072 760 determinate
1094 711 1169 776 per·

72 807 209 888 spiciatur
220 807 383 892 quomodo
395 815 567 873 accusator
579 826 673 873 suum
686 808 833 875 libellum
847 810 1039 874 concinnare
1053 810 1165 891 possit.

107 924 130 986 Ι.
148 923 177 988 Si
192 933 360 990 accusator
379 923 458 989 boni
478 923 601 1008 publici
621 925 743 998 intuitu
763 933 911 1002 accuset,
936 924 1076 990 formula
1097 925 1170 991 tulis

71 1059 130 1105 esse
146 1043 265 1124 poterit
284 1063 291 1110 :
861 1107 864 1111 .

107 1179 122 1217 a
145 1160 250 1221 Coram
274 1161 433 1222 reverenda
456 1161 571 1221 locam
593 1162 753 1238 Seuerum,
779 1161 1029 1222 Recereradiscimi
1050 1157 1172 1222 Amaia·

69 1279 155 1336 muts
181 1278 321 1356 Episcopi
348 1276 483 1356 perarata·
508 1278 645 1353 Viccria,
671 1280 821 1356 comparet
840 1277 1019 1338 Frcmiscus
1039 1273 1167 1352 Zelcta,

67 1407 117 1451 aaa
128 1391 193 1452 adio
205 1392 254 1452 uei
262 1393 419 1472 mamam,
437 1409 490 1452 uec
502 1395 604 1452 amima
617 1389 843 1468 calumniandi,
862 1392 915 1452 sed
922 1395 1008 1472 justo
1022 1391 1087 1450 zeto
1099 1391 1173 1452 reti-

67 1511 153 1584 picuis
170 1508 294 1584 ductus,
314 1511 350 1568 ut
367 1508 505 1569 uidet-icet
529 1507 639 1568 delicta
657 1512 690 1568 im
706 1526 764 1568 uuo
785 1507 906 1588 publice
926 1510 1038 1586 patrita
1060 1477 1173 1568 etiosa

68 1621 253 1701 datiapueudo
271 1627 403 1684 terreant
410 1645 425 1701 ,·
442 1629 472 1684 et
489 1640 590 1683 aarum
609 1622 663 1684 uu
680 1629 802 1684 acuum
820 1623 971 1684 Andream
990 1624 1030 1684 Ν.
1050 1619 1172 1702 presby-

68 1743 167 1816 terum,
192 1743 225 1800 iu
241 1737 387 1818 parochia
415 1739 454 1800 Ν.
481 1741 617 1799 ciuitatis
634 1741 673 1800 N.
694 1742 860 1816 uicarium,
883 1744 1028 1818 tamquam
1046 1737 1174 1800 sadada·

67 1853 166 1929 mmm,
183 1854 326 1916 doereacca
346 1859 514 1934 suspectum
526 1857 556 1914 et
569 1854 700 1934 crapuire
715 1855 861 1916 deditum.
882 1855 975 1915 Parit
993 1857 1073 1916 euim
1086 1870 1173 1914 accu-

65 1973 138 2027 maor
151 1974 180 2029 et
193 1969 272 2030 dicit
289 1985 392 2028 uerum
406 1985 468 2027 esse
481 1985 492 2027 .·

105 2104 119 2140 a
140 2086 167 2146 Ι.
184 2085 272 2163 Quod
292 2085 393 2144 dictus
411 2085 549 2145 Andreae
562 2087 603 2146 N.
620 2089 714 2145 uestes
733 2083 890 2144 seculares
912 2084 994 2162 apud
1007 2101 1038 2144 se
1051 2081 1169 2160 lubeat,

65 2201 149 2279 iispare
161 2204 290 2262 uestitum
302 2206 391 2262 mortu
404 2203 506 2279 ceredi
519 2201 625 2264 soleat.

103 2337 119 2374 u
135 2317 165 2379 2.
179 2317 268 2396 Qrmd
281 2321 326 2378 sia
339 2320 467 2378 vestitus
479 2321 562 2378 uisus
575 2321 617 2378 sit
631 2317 752 2396 impmdt
762 2317 884 2378 mmmm
890 2316 1065 2396 praeliarem
1072 2317 1176 2396 perdi-

65 2438 165 2512 tarum,
183 2451 251 2513 pum
262 2437 313 2494 cia
325 2436 366 2497 Ν.
384 2451 505 2494 uumem
517 2435 548 2496 N
550 2433 700 2496 dubitare
712 2437 898 2511 cosmatum
910 2438 941 2494 et
954 2435 1027 2532 item
1039 2435 1123 2494 cium
1134 2434 1176 2492 ait

63 2550 217 2629 multoties,
235 2550 319 2612 dictu
335 2550 421 2611 doma
435 2551 549 2630 epredi.

105 2687 120 2723 a
135 2668 167 2730 3.
182 2667 271 2746 Quod
283 2666 334 2728 die
345 2667 363 2726 5
376 2669 451 2726 mcii
461 2669 621 2745 praeacutis
634 2669 720 2743 cumi,
734 2666 806 2726 dum
816 2665 956 2727 Ambiani
966 2667 1001 2726 im
1011 2664 1177 2726 diversorio

64 2784 98 2842 Ν.
114 2801 179 2844 cum
192 2783 372 2863 quibusdam
387 2782 594 2860 familiaribus
606 2787 671 2843 suia
682 2782 848 2862 prandium
865 2787 1004 2859 sumeret,
1021 2785 1102 2842 auter
1112 2780 1177 2842 utic

62 2900 239 2962 sacerdotem
259 2900 431 2961 dedecoratio
451 2899 579 2976 dicerit,
602 2916 672 2960 uera
683 2900 889 2975 emistimamdu
906 2917 967 2959 mom
984 2915 1046 2958 esse
1059 2900 1172 2974 amum,

62 3033 121 3093 pac
141 3017 263 3079 ultimis
280 3017 398 3077 secatis
417 2984 549 3104 tradidit
568 3016 693 3076 ecclesia
710 3015 874 3093 castitatum·
890 3016 1097 3095 melioremque
1112 3015 1177 3093 sore

62 3105 325 3213 disciplimampua
340 3133 458 3193 licitum
472 3132 677 3194 sacerdotibus
690 3130 778 3208 ficret
791 3135 1029 3194 matrimonium.

105 3271 120 3306 a
136 3249 170 3312 4.
186 3249 275 3328 Quod
287 3266 363 3328 saepe
378 3252 461 3308 visus
474 3253 519 3308 eat
532 3248 643 3309 ebrius.

106 3387 121 3424 u
141 3367 172 3427 ὁ.
196 3366 284 3442 Quod
300 3365 383 3426 die3
401 3363 586 3443 septenbris,
607 3369 766 3443 postqumm
783 3381 871 3425 muse
885 3366 1075 3444 peutamatum
1097 3382 1179 3425 sum-
1300 3405 1304 3412 -

58 3487 174 3558 pserat,
195 3484 320 3541 missam
333 3479 505 3541 celebrauit.

106 3599 188 3662 «Aa
205 3615 270 3676 puae
286 3601 319 3658 im
332 3597 451 3677 judicio
469 3596 601 3675 iepttime
616 3596 787 3676 protunda,
808 3596 862 3656 saci
879 3614 967 3676 pceme
982 3595 1180 3658 calummiato-

62 3715 143 3776 ribus
153 3715 269 3787 debita,
281 3729 311 3772 se
320 3713 409 3791 affert
418 3715 447 3772 et
456 3711 616 3772 subscribit
629 3716 796 3772 accusator.
810 3711 909 3772 laetat
916 3714 1052 3790 praiuut
1062 3711 1181 3772 libellus
1275 3781 1277 3786 ,

62 3836 231 3910 acceptetur
243 3834 273 3890 et
282 3833 375 3908 prom
381 3831 466 3908 juris
475 3827 670 3906 procedatur,
687 3832 893 3906 compertaque
906 3831 1034 3888 amitate
1042 3832 1182 3908 proposi-

64 3953 171 4025 torum,
199 3963 268 4006 reus
285 3947 381 4024 jueta
399 3946 484 4022 juria
511 3947 640 4004 terrorem
662 3946 823 4022 puciatur.
848 3945 944 4022 Atque
969 3943 1024 4004 uae
1047 3951 1077 4006 et
1099 3948 1183 4006 omui

61 4065 181 4125 meliori
205 4061 302 4129 mado.
323 4065 380 4123 etc.
409 4061 522 4121 Damam
545 4059 652 4134 die...,
673 4061 840 4136 mansis...,
855 4075 975 4122 armo...
1005 4060 1182 4122 Framciscau

64 4181 185 4242 letata.
205 4207 218 4234 a

108 4317 124 4354 a
141 4299 345 4360 Directorium
354 4293 544 4373 probatioris
557 4297 586 4352 et
601 4291 805 4353 deumuiuatio
820 4295 965 4354 testium:

107 4435 125 4475 a
144 4408 243 4493 super'
258 4409 447 4474 t⁰mmmau
461 4411 775 4488 uisitatiouecorporir
788 4407 910 4484 deitati·
924 4409 1082 4487 etiuaaper
1096 4413 1183 4472 tester
