2878 5114
518 316 596 364 raas
619 313 777 364 sennam.
1141 301 1198 365 nit

136 445 173 506 V.
192 443 224 506 Si
248 461 383 508 examen
401 440 537 527 alicujus
556 442 651 508 testis
669 442 939 524 interrumpatur,
961 439 995 506 id
1015 449 1151 508 notetur
1171 443 1204 508 in

93 558 171 623 antis
192 559 226 623 in
240 558 326 624 huno
339 557 472 624 modum
495 580 502 624 :

135 679 317 756 «Quoniam
331 678 367 738 ob
380 677 459 738 irorm
482 677 658 738 tarditatem
676 673 745 760 (seu
766 673 809 738 ob
828 692 950 758 urgens
966 669 1200 757 negotium...),

90 795 262 856 normandos
278 797 317 858 N.
322 841 333 872 ‚
345 795 456 875 jadon,
476 813 601 856 ananan
608 795 735 874 profati
747 795 982 873 testisoornpiete
993 795 1204 874 anpodirenon

86 914 194 988 potnit,
214 911 345 972 decrevit
356 911 486 972 iliadad
500 913 623 971 interim
641 912 813 986 terminare,
832 911 933 970 animo
945 915 1044 972 tamen
1055 911 1089 970 id
1105 913 1203 1000 ipsam

90 1032 250 1104 opportuno
266 1031 393 1106 ternpore
409 1027 613 1088 reassnrnendi
626 1032 656 1086 et
666 1024 857 1104 perficiendi.
874 1029 969 1087 Testis
983 1044 1051 1086 nero
1061 1026 1203 1105 proiecto

89 1142 144 1204 sibi
165 1146 315 1219 ananiae,
335 1119 519 1222 adeptisque
532 1147 560 1204 si
577 1149 606 1204 et
622 1147 655 1204 in
675 1147 820 1222 quantam
839 1146 934 1222 ipsias
952 1143 1198 1222 depositionibus,

90 1259 378 1338 sabsariberejassas
392 1261 463 1338 fait.
477 1261 552 1321 Aeta
563 1266 675 1323 sant...
690 1293 734 1306 -
745 1261 873 1337 quN.‚
893 1263 989 1321 testis.
1007 1293 1050 1304 -
1064 1231 1128 1337 Epo
1144 1261 1182 1322 N.
1188 1305 1198 1336 ,

82 1371 188 1448 jadon.
209 1402 253 1418 -·
268 1373 332 1454 Epo
351 1373 378 1432 N
383 1417 403 1446 .,
422 1375 585 1438 actuarias.
606 1395 622 1430 n

130 1483 269 1566 Quando
287 1493 399 1569 postea
414 1505 550 1552 examen
570 1486 803 1569 reassumitur3
828 1485 947 1552 scribat
963 1485 1127 1551 actuarius
1143 1483 1203 1550 hoe

90 1600 204 1667 modo:

133 1741 149 1780 a
168 1722 275 1784 Valens
290 1723 468 1786 reverendas
482 1725 536 1799 N.,
557 1722 668 1800 jaree,
684 1724 859 1782 continuare
876 1737 1001 1780 enarrren
1016 1719 1146 1799 ejusdem
1161 1725 1204 1780 te-

90 1841 143 1898 stis
153 1843 245 1917 prins
260 1843 473 1920 interruptam,
495 1843 628 1900 revocari
642 1839 838 1899 iliarneorarn
856 1856 886 1897 se
899 1839 983 1916 feeit,
1003 1842 1032 1896 et
1044 1836 1140 1897 denuo
1153 1837 1204 1898 ob·

90 1955 159 2015 iniit
166 1958 374 2034 jararaentam
390 1955 568 2017 dedicanda
587 1958 724 2031 veritate,
743 1954 821 2031 qaod
836 1954 888 2014 iiia
897 1956 1066 2032 prasinam
1081 1970 1117 2012 aa
1130 1952 1204 2014 nite-

89 2073 151 2130 rtas
165 2072 320 2150 respondit
333 2077 368 2132 nt
385 2075 520 2150 seqnitar
535 2090 545 2132 .·
557 2077 612 2134 ete.
628 2093 644 2130 n
1070 2153 1073 2157 Δ

132 2185 186 2248 Vl.
203 2185 286 2248 Casu
301 2203 365 2268 quo
379 2185 450 2269 quis
470 2204 510 2251 ex
529 2185 668 2250 testibus
691 2183 807 2250 morbo
826 2182 982 2254 detentus
999 2183 1042 2250 ad
1061 2183 1204 2253 tribunal

90 2317 226 2382 pergere
242 2308 399 2383 nequeat;
416 2299 473 2366 iiat
487 2305 522 2366 et
535 2299 697 2365 scribatur
709 2297 802 2383 juxta
817 2300 900 2364 hano
910 2299 1105 2374 formulam:

134 2437 150 2476 n
170 2420 267 2478 Testis
298 2416 330 2494 t,
369 2420 497 2480 ioannes
527 2420 565 2482 Ν.
599 2419 678 2496 Qraia
701 2416 748 2478 iaie
776 2422 860 2478 testis
884 2419 983 2480 morbo
1002 2418 1139 2480 detentos
1161 2417 1204 2480 od

91 2535 224 2594 tribianal
247 2539 348 2595 oenira
371 2552 431 2596 non
449 2540 585 2615 poterat,
609 2533 865 2610 reverendam,
891 2535 1003 2613 jadex,
1032 2553 1079 2594 ine
1104 2537 1199 2611 sosio,

90 2653 210 2710 arcessit
233 2651 274 2711 ad
301 2651 408 2726 iiinrn‚·
427 2655 479 2728 qai
500 2653 637 2730 prestito
659 2653 846 2728 juramento,
873 2649 1010 2728 deposuit
1041 2656 1075 2710 at
1106 2653 1203 2727 seqni-

91 2769 148 2839 tnr,
164 2771 221 2826 ate.
245 2788 260 2824 a

599 3019 613 3092 S
629 3016 688 3078 ΙΙΙ.

310 3241 394 3304 Forma
414 3238 594 3302 recognoscendi
622 3247 645 3286 et
672 3238 821 3302 comparandi
845 3241 984 3304 scripturas,

94 3499 97 3504 ·
135 3473 251 3549 iiniio,
267 3477 365 3555 prout
388 3471 422 3536 in
439 3470 598 3554 superiori
614 3469 826 3554 paragrapho,
853 3473 1054 3556 singulorum
1072 3475 1204 3540 testium
1279 3500 1280 3503 ¹

91 3591 250 3667 stramine,
270 3587 403 3672 procedi
418 3587 501 3652 solet
511 3585 554 3654 od
564 3588 820 3668 recognitionem
836 3589 1081 3672 seripturamm,
1096 3591 1122 3654 si
1133 3607 1204 3674 qum

92 3705 205 3772 haberi
222 3704 400 3789 potuerint,
421 3721 491 3788 quae
512 3685 695 3790 dicantura
712 3721 771 3768 reo
786 3721 883 3768 mann
898 3687 1031 3788 propria
1051 3712 1203 3782 exarata,

92 3831 124 3887 et
142 3835 215 3907 quae
238 3821 338 3902 ipsius
354 3818 511 3888 delictum
530 3817 669 3900 probare
695 3837 787 3902 posse
809 3817 1002 3904 videantur;
1020 3803 1096 3904 'quae
1113 3839 1206 3888 reco-

91 3939 190 4020 gnitio
210 3937 352 4019 pertinet
376 3934 474 3999 etiam
498 3933 540 3999 ad
565 3935 771 4002 summariam
790 3933 1064 4016 informationem.
1092 3937 1206 4004 Potest

91 4061 201 4120 autem
213 4051 287 4117 fieri
297 4051 391 4136 juxta
406 4057 597 4134 sequentem
616 4057 675 4114 aut
688 4049 825 4116 similem
842 4050 1017 4119 formulam
1035 4051 1076 4118 ab
1098 4059 1204 4118 aetua-

91 4168 140 4254 rio
153 4164 384 4234 adhibendam.

137 4307 153 4346 a
178 4286 300 4348 Anditis
318 4283 460 4364 prefatis
484 4262 623 4357 testidns,
657 4279 757 4340 nolens
780 4297 843 4340 reo.
873 4281 927 4356 N.,
948 4281 1050 4358 judan
1078 4301 1205 4362 perpere

91 4405 131 4464 ad
145 4405 374 4482 raaopnitionern
393 4405 423 4459 et
436 4401 684 4477 conparationem
708 4397 891 4473 litteratam,
907 4414 981 4473 qaas
994 4398 1130 4460 Andreas
1143 4402 1183 4464 N.
1188 4447 1199 4480 ,
