2836 5118
498 347 575 394 rens
597 347 755 396 securos.
1113 331 1178 398 its

82 471 177 538 tuerit
195 471 282 540 nom
293 477 403 546 numm
424 470 457 536 iu
474 468 536 539 hoc
552 469 660 554 cupite
677 467 847 552 pretinm
861 470 1026 552 Episcopis
1040 475 1179 552 poteste-

83 594 137 655 ten
153 587 365 662 vindicamus,
377 594 498 672 qnnntu
516 587 568 666 sit,
586 605 644 652 sen
658 583 701 652 od
714 604 860 670 qurennm
876 583 1091 655 determinato
1108 605 1181 658 sets

80 711 207 787 potestus
222 704 291 770 haec
314 701 473 770 extendor
495 723 560 770 non
576 702 731 787 dicimus;
748 701 807 770 sed
822 704 1003 785 pancratiter
1017 701 1070 768 hic
1093 700 1175 787 ejus·

80 819 156 884 modi
174 826 370 906 potestatem
392 818 575 897 asserimus,
598 817 641 885 de
663 817 736 902 ejus
759 819 949 886 extensione
970 826 1005 886 ct
1021 817 1182 886 limitibus

79 936 151 1000 infru
166 936 374 1020 disputaturi.
392 935 517 1017 Quibus
535 936 721 1019 praenotntis
739 935 781 1001 sit

115 1054 278 1120 Pnonnrio
294 1053 333 1118 1¹.
354 1087 400 1102 -·-
416 1057 444 1118 'E
464 1060 550 1118 tectu
564 1059 629 1135 ipm
642 1057 815 1123 Tridentini
827 1055 957 1120 concilii.
975 1089 1022 1104 --
1037 1057 1069 1118 1⁰
1081 1054 1179 1123 Posse

79 1171 259 1254 Episcopum
282 1190 300 1236 c
321 1168 532 1254 suscipiendis
550 1171 649 1236 sacris
663 1169 834 1238 ordinibus
855 1191 897 1238 ex
918 1171 1091 1242 intormoto
1106 1189 1181 1240 eon·

79 1288 201 1355 scientio
220 1305 348 1365 arcere,
378 1305 440 1354 nec
463 1289 730 1367 controvertitur,
753 1307 816 1354 uec
839 1289 1042 1358 controverti
1055 1297 1178 1374 potest,

78 1402 113 1472 ob
126 1401 341 1470 omnimodum
359 1402 475 1470 horum
490 1403 603 1487 cupitis
614 1408 694 1470 Com
700 1406 852 1470 honestius
868 1404 1043 1472 verborum
1057 1407 1183 1496 [smpi-

79 1523 222 1586 cuitotem
241 1543 248 1586 :
266 1525 306 1584 Ei
322 1527 371 1583 cni
389 1541 527 1584 ascensos
545 1524 587 1585 od
605 1541 705 1584 sacros
726 1526 881 1586 ordinere
901 1543 953 1585 sno
976 1525 1120 1603 Proeicto,
1143 1543 1183 1588 es

77 1658 246 1720 pomumque
265 1657 367 1718 consa,
385 1642 477 1703 etiarn
494 1639 530 1700 od
544 1640 689 1700 occuitum
704 1645 828 1716 criticen,
847 1641 1181 1720 permiscentem

76 1756 352 1836 ectrop'ndieiciiter
361 1757 455 1833 suerii
469 1755 658 1820 interdictus.
666 1753 716 1818 Ibi
729 1755 815 1820 eninr
825 1747 1035 1838 supponitur
1045 1752 1182 1838 proinde

78 1863 161 1930 docet
179 1864 366 1942 Tridentino
385 1865 540 1950 synodus,
555 1883 648 1950 posse
667 1866 710 1931 ch
725 1867 883 1950 Episcopo
896 1885 1065 1934 ascensum
1079 1866 1122 1934 nd
1132 1885 1183 1932 so·

77 1998 139 2048 cros
156 1980 290 2048 ordines
307 1979 461 2046 interdici
481 2001 521 2045 erc
542 2002 721 2064 quocumque
740 2002 843 2064 conso,
866 1989 958 2048 etiem
982 1986 1018 2048 cd
1036 1985 1182 2050 occuitum

77 2105 190 2178 crimen,
215 2103 250 2163 et
265 2100 490 2180 quomodolibet,
507 2103 600 2162 etiam
619 2102 926 2180 entra-jndiciniitcr;
939 2118 1009 2184 qnae
1026 2099 1129 2168 verba
1144 2097 1182 2170 id

77 2217 201 2296 precise
217 2220 334 2282 sonent
354 2212 443 2300 qnod
465 2215 527 2281 sub
547 2215 691 2283 breviori
714 2216 853 2282 formula
874 2238 914 2282 eor
935 2221 1100 2299 inscrnwto
1113 2238 1183 2284 corv-

76 2336 192 2396 rcicntio
208 2328 359 2396 doctores
377 2339 490 2414 posteo
505 2332 689 2415 exprimere
704 2341 956 2400 consueverunt.

116 2450 147 2512 2⁰
164 2446 230 2512 Sed
243 2453 278 2512 et
289 2446 355 2532 jorn
371 2445 536 2513 ordinatos
554 2445 670 2516 eodem
686 2447 785 2514 modo
800 2455 909 2532 potest
924 2449 1101 2533 Episcopus
1114 2467 1183 2516 sns-

76 2561 226 2644 pendere.
252 2585 269 2624 c
292 2562 371 2628 Nom
390 2561 445 2647 (nit
460 2562 639 2645 Fognonus,
656 2564 691 2628 iu
712 2571 811 2648 ceput
833 2566 882 2628 An
900 2583 988 2628 cures
1002 2566 1039 2630 dc
1056 2572 1181 2646 tempor,

79 2683 219 2757 cordio„
242 2699 276 2744 u.
299 2676 330 2762 7)
348 2678 411 2744 etsi
434 2677 536 2744 verbo
558 2678 624 2756 illu,
649 2699 689 2742 erc
708 2700 888 2762 wocnnrque
905 2701 1006 2760 causa,
1032 2687 1125 2746 etiarn
1146 2681 1183 2748 ob

79 2799 249 2860 «mentium
269 2802 391 2872 crimen,
411 2802 489 2872 etc„
512 2814 576 2862 non
595 2796 660 2860 sint
678 2797 825 2880 oppositu
844 2797 904 2862 nisi
923 2795 957 2860 in
975 2795 1077 2878 priori
1089 2803 1183 2880 porte

80 2910 183 2978 cdicti
197 2913 311 2996 sopitis
322 2911 417 2995 primi
433 2911 591 2999 (sessionis
609 2912 660 2989 tt,
675 2915 712 2975 dc
727 2910 821 2996 Μ),
839 2912 896 2977 ubi
906 2912 1012 2996 ogitm
1026 2909 1068 2978 de
1082 2913 1185 2980 ictor·

80 3027 265 3111 edictione3
285 3036 396 3094 tumen
413 3027 538 3094 censeri
559 3026 681 3094 debent
700 3011 840 3112 repetito
859 3029 959 3094 etium
972 3029 1006 3094 in
1021 3031 1180 3114 sequenti,

79 3145 161 3212 cubi
184 3146 293 3233 agitur
321 3144 362 3210 de
385 3145 594 3228 suspensione
611 3167 618 3208 :
634 3152 704 3210 tum
725 3145 799 3229 quic
824 3145 993 3210 concilium
1008 3144 1069 3210 sub
1092 3146 1186 3214 mico

80 3283 95 3322 «
114 3264 256 3328 oratione
267 3282 305 3326 oc
317 3261 492 3328 verborum
507 3268 672 3329 structure
683 3261 913 3344 complectitur
923 3261 1186 3332 interdictionem

80 3399 94 3438 <v
111 3399 129 3444 a
146 3376 356 3461 suscipiendis
371 3385 405 3442 et
425 3375 642 3466 dejectionem
663 3395 682 3442 n
701 3376 873 3460 susceptis,
894 3376 1035 3462 ideoque
1060 3378 1187 3446 censori

81 3491 209 3562 crichet
233 3502 410 3580 utrumque
431 3513 539 3559 cesum
559 3493 727 3578 mquulitcr
754 3493 998 3560 determinare:
1020 3503 1091 3562 tum
1109 3495 1187 3579 quin

81 3633 95 3671 c
112 3611 249 3697 alioquin
265 3611 434 3676 concilium
449 3610 482 3675 in
498 3608 642 3676 secundo
657 3616 750 3694 perte
763 3609 883 3676 nullom
899 3618 1096 3693 potestatem
1110 3612 1187 3694 Epi·

81 3730 209 3812 «scopis
227 3727 447 3810 attribuisset3
464 3725 587 3792 nemini
607 3726 692 3794 enim
718 3724 854 3792 dubium
870 3745 939 3792 esse
958 3732 1088 3810 poteret
1109 3727 1188 3812 quin

82 3867 97 3906 c
110 3843 151 3910 ob
165 3845 286 3912 crimen
296 3843 505 3908 manifestum
516 3849 549 3910 et
561 3839 759 3926 judicialiter
767 3842 884 3908 liceret
899 3843 1066 3926 Episcopis
1081 3862 1189 3912 socer·

82 3985 97 4022 c
115 3959 204 4030 dotes
222 3959 424 4048 suspendere
441 3956 498 4046 (i).
524 3989 536 4014 o
558 3959 625 4026 Hoc
643 3958 849 4025 ratiocinium
867 3955 1060 4027 confirmare
1083 3960 1189 4027 solent
1215 4039 1219 4046 ,

112 4165 146 4228 (i)
169 4167 221 4218 iiec
243 4175 320 4217 nornen
339 4165 398 4215 ratio
416 4178 462 4214 non
486 4164 600 4213 convincit
616 4178 621 4210 :
638 4175 690 4210 nom
707 4169 814 4224 poterunt
830 4163 924 4226 quidem
943 4170 1011 4212 nnnc
1031 4164 1139 4228 Episcopi
1158 4167 1188 4216 ob

79 4261 336 4321 marmoreodisco
350 4257 556 4321 servotojudieiuti
574 4256 665 4316 ordine,
681 4255 814 4306 sacerdotes
833 4256 988 4320 suspendere;
1008 4257 1048 4306 scd
1067 4259 1189 4319 suspensis

79 4355 167 4414 petrin
182 4356 211 4405 td
226 4355 429 4417 Etetropotitrnun
442 4352 577 4416 appretiatio.
595 4350 641 4400 iiic
660 4363 717 4399 vcro
730 4351 854 4413 cppsttstto
875 4351 922 4399 isto
940 4347 970 4400 ds
987 4350 1064 4400 modis
1078 4350 1187 4418 tsliitur;

80 4449 192 4514 umorque
202 4450 300 4514 proinde
313 4456 416 4514 potestas
426 4447 550 4510 Episcopis
559 4445 681 4497 tribuitur.
1188 4451 1191 4460 ·
