2878 5114
508 291 592 372 raas
609 323 767 371 secunus.
835 341 856 350 ··
1048 393 1050 396 Ι
1133 310 1196 374 465

75 475 90 509 a
108 447 306 534 hujusmodi
324 446 515 540 vagantibus
529 447 629 511 talem
645 446 836 512 facultatem
853 448 1023 532 concedit;
1041 449 1101 514 sed
1113 450 1198 515 arbi-

75 589 90 624 «
108 566 183 628 trio
197 563 375 646 regulatoa
387 563 541 646 qualitate
559 581 715 644 personae,
730 561 943 628 diuturnitate
960 565 1147 647 vagationis,
1163 573 1198 632 et

75 705 90 742 a
107 681 187 746 aliis
204 679 283 744 lacti
299 678 564 754 circumstantiis,
582 679 635 743 vel
650 677 815 761 indulget,
837 680 890 744 vel
903 679 1057 764 denegat,
1077 682 1129 746 vel
1147 701 1200 746 re·

75 821 91 859 a
112 797 238 864 scribit
257 795 346 880 quod
363 795 504 878 probent
518 802 638 858 statum
656 794 795 859 liborum
815 815 855 860 eo
880 794 1055 880 modoque
1075 798 1200 864 meliori

76 919 230 996 «potest
254 911 397 994 probari.
419 932 434 970 u
460 911 578 996 (Parte
606 913 635 986 l,
656 909 755 978 titulo
783 914 814 988 8,
845 911 984 976 formula
1005 915 1040 986 l,
1069 911 1201 978 adnota-

71 1032 121 1098 tio
138 1033 160 1094 3
177 1036 215 1092 et
228 1025 283 1110 4.)
374 1089 381 1100 ,

120 1148 293 1211 Funerum
308 1145 366 1209 ΙΙΙ.
387 1179 432 1190 --
446 1148 491 1206 Aa
505 1152 534 1206 ct
548 1151 693 1224 quotenus
707 1150 874 1224 expositum
877 1129 931 1225 jus
945 1165 1095 1209 ootomunc
1104 1148 1195 1210 hodio

72 1268 153 1327 dum
171 1267 274 1342 vigere
287 1263 461 1322 censendum
477 1263 539 1323 stt?
563 1295 606 1306 --
635 1259 659 1320 l.
679 1259 813 1323 Certum
829 1266 957 1326 estnon
973 1261 1083 1343 vigere
1104 1260 1200 1326 hodie

73 1399 134 1445 eas
152 1375 301 1460 praefatur
310 1375 531 1439 instructionis
542 1373 775 1457 dispositiones,
791 1353 927 1458 quarum
937 1377 1086 1441 executio
1101 1378 1203 1442 evasit

73 1491 302 1578 impossibilis.
318 1491 421 1554 Porro
436 1509 552 1558 revera
567 1488 664 1554 hodie
683 1491 716 1553 in
731 1489 840 1554 multis
862 1491 1047 1572 regionibus
1062 1491 1105 1556 ad
1128 1512 1205 1558 exe·

75 1613 254 1676 ontionem
280 1606 398 1673 deduci
423 1605 534 1690 nequit
564 1607 758 1672 auctoritate
782 1606 995 1672 ecclesiastica
1019 1609 1203 1675 triremium

69 1723 343 1808 instigationisve
376 1739 482 1804 poena,
510 1739 580 1804 quae
599 1721 631 1783 in
651 1719 738 1784 dicta
757 1723 858 1784 sancti
877 1720 969 1787 officii
989 1723 1202 1790 instructione

70 1835 310 1908 comminanda
324 1837 518 1919 praecipitur
537 1837 585 1912 iis,
604 1836 659 1919 qui
673 1834 715 1899 de
725 1843 811 1900 statu
824 1836 928 1901 llbero
945 1838 1136 1904 contrahere
1151 1859 1205 1905 vo

69 1956 223 2023 lentium
236 1952 353 2016 falsum
368 1949 582 2033 deponerent.
602 1948 697 2014 Unde
711 1952 743 2012 in
760 1951 798 2013 iis
820 1953 1005 2034 regionibus
1027 1955 1206 2021 omittenda
1247 1983 1254 1996 ·

72 2080 128 2137 est
141 2067 310 2154 ejusmodi
330 2067 549 2132 comminatio.

120 2187 170 2252 ΙΙ.
202 2185 334 2250 Caeterae
350 2183 477 2248 decreti
494 2182 724 2266 dispositiones
744 2203 806 2248 non
830 2184 998 2250 censendae
1015 2197 1091 2253 sunt
1112 2189 1203 2255 abro-

72 2310 165 2389 gatae
192 2320 252 2384 per
274 2301 416 2384 legitime
442 2299 663 2382 praescriptam
695 2301 888 2364 contrariam
921 2302 1204 2373 consuetudinem.

72 2424 165 2487 Nam
181 2417 286 2482 relata
300 2417 401 2480 sancti
416 2414 510 2480 officii
521 2416 691 2480 instructio
705 2417 826 2480 iterum
841 2417 902 2480 sub
912 2419 1018 2483 Leone
1030 2420 1090 2484 XII
1112 2440 1206 2486 reno-

75 2545 160 2604 vata
191 2541 227 2598 et
253 2532 443 2597 confirmata
459 2541 527 2613 est;
558 2550 656 2614 porro
680 2533 721 2596 ab
742 2531 837 2617 hujus
856 2533 1023 2598 Pontificis
1052 2543 1202 2619 tempore

74 2671 191 2737 usque
223 2669 324 2726 nunc,
346 2668 412 2713 non
434 2668 472 2712 ea
499 2647 621 2712 effluxit
642 2646 839 2712 diuturnitas
864 2667 934 2732 quae
957 2651 1145 2735 requiritur,
1169 2661 1205 2718 ut

79 2763 295 2836 consuetudo
309 2773 422 2830 contra
441 2765 627 2846 generalem
642 2764 791 2830 Ecclesiae
807 2764 914 2846 legem
930 2769 1116 2848 praevaleat.

129 2884 194 2949 ΙΙΙ.
223 2882 254 2944 Si
279 2888 387 2945 tamen
419 2879 540 2943 alicubi
564 2878 660 2975 hodie
687 2898 825 2944 cessasse
853 2889 981 2946 constet
1004 2886 1204 2968 praecipuum

81 2995 253 3088 ejusmodi
280 2999 359 3080 legis
393 2996 506 3070 finem,
530 2996 575 3059 ibi
602 2995 707 3079 legem
733 2997 819 3060 illam
843 3016 907 3061 non
933 2998 1076 3082 obligare
1110 3005 1205 3068 susti·

81 3115 163 3184 neri
177 3121 298 3198 potest.

130 3233 196 3298 lv:
220 3232 256 3294 In
276 3229 437 3294 nonnullis
456 3237 565 3294 autem
585 3229 771 3314 regionibus
788 3228 920 3294 videtur
945 3230 1038 3298 hodie
1065 3254 1204 3302 cessasse

81 3347 293 3435 praecipuum
311 3345 433 3422 finem,
465 3343 558 3428 cujus
582 3365 661 3428 ergo
684 3345 825 3427 praelatae
848 3348 950 3410 sancti
974 3346 1068 3413 officii
1089 3350 1206 3416 instru-

83 3463 209 3532 ctionis
233 3461 439 3527 observantia
461 3461 649 3545 praescripta
675 3468 735 3525 est.
763 3462 800 3524 ln
826 3461 943 3538 Gallia,
966 3464 1059 3529 verbi
1083 3470 1201 3549 gratia,

83 3601 156 3647 non
172 3577 360 3642 celebratur
377 3578 615 3642 matrimonium
635 3577 690 3662 (ita
705 3583 841 3659 cogente
859 3580 1028 3662 potestatis
1046 3584 1210 3648 saeeularis

84 3693 191 3781 lege),
212 3695 273 3757 nisi
291 3694 381 3776 prius
399 3713 508 3759 coram
534 3692 684 3776 gubernii
697 3689 883 3756 officialibus
897 3692 1082 3759 celebratus
1103 3670 1205 3764 fuerit

82 3811 195 3878 civilis
212 3815 408 3873 contractus
427 3807 475 3872 Ad
491 3806 650 3892 ejusmodi
662 3815 771 3871 autem
781 3807 909 3871 civilem
925 3817 1129 3876 contractum
1141 3833 1206 3879 non

82 3926 310 3996 admittuntur
335 3924 393 3988 nisi
420 3924 442 3986 ii
466 3923 507 3988 de
533 3943 671 4008 quorum
691 3931 777 3987 statu
805 3923 910 3988 libero
929 3932 1074 4010 constat;
1106 3939 1141 3994 et
1165 3951 1207 3996 ne

83 4045 181 4110 fream
197 4041 229 4104 in
250 4060 288 4105 ea
301 4056 338 4104 re
361 4037 471 4115 fieret,
495 4041 570 4103 satis
590 4038 733 4122 providit
756 4038 917 4104 saecularis
936 4048 1091 4122 potestas,
1113 4046 1207 4112 Unde

85 4155 224 4246 quando
237 4155 402 4220 celebrato
414 4157 469 4220 illo
484 4163 651 4221 contractu
672 4144 768 4230 civili,
788 4162 896 4237 partes
912 4154 954 4218 ad
970 4158 1146 4224 Ecclesiam
1166 4162 1208 4227 ad

86 4271 353 4342 contrahendum
371 4291 485 4337 verum
499 4271 739 4336 matrimonium
758 4269 929 4347 accedunt,
945 4270 1012 4354 jam
1030 4273 1107 4337 satis
1130 4294 1227 4372 con-⁸

86 4397 156 4459 stat
179 4387 223 4453 de
243 4407 355 4454 earum
379 4388 484 4452 libero
504 4386 546 4450 ad
563 4384 820 4450 contrahendum
841 4391 939 4449 statu.
958 4387 995 4450 ln
1018 4406 1057 4451 ea
1083 4403 1214 4474 ergoet

204 4501 235 4558 ll.
1076 4501 1111 4563 ³0
