2836 5118
208 339 284 403 tot
554 357 741 405 mucrarus
764 355 808 402 ns
832 353 979 402 subterra

222 481 423 559 «sancimus,
441 487 479 547 ut
495 477 596 566 judex
617 483 670 548 cui
686 480 797 548 taliter
815 497 944 546 causam
965 478 1205 557 committimus,
1223 497 1327 546 neces·

223 619 238 656 α
252 596 336 662 sario
350 594 498 663 libellum
513 617 578 664 non
592 597 716 682 exigat3
727 597 793 664 litis
806 594 1076 662 contestationem
1090 613 1157 661 nou
1171 595 1326 680 postulet;

223 735 239 774 a
254 713 448 796 intempore
463 689 561 780 ctiam
574 713 731 778 feriarum
751 709 806 800 (ob
824 711 1034 776 necessitates
1047 711 1212 779 hominum
1226 712 1329 779 indul·

222 833 362 894 uterum
379 847 399 893 a
415 827 502 914 jure)
519 827 700 912 procedere
715 829 822 894 valeat
834 848 843 911 ;
856 834 1005 910 amputet
1022 824 1216 894 dilationum
1233 816 1330 896 mate

223 944 353 1028 «riam3
370 944 474 1022 litem,
491 951 613 1028 quanto
630 946 764 1028 poterit,
777 941 876 1008 iaciat
888 941 1097 1023 breuiorem
1115 945 1326 1029 exceptiones,

223 1059 486 1143 «appellationes
500 1058 665 1126 dilatorias
680 1066 716 1126 et
729 1059 952 1128 frustratorias
968 1060 1172 1147 repellend03
1181 1065 1328 1147 partium,
1414 1039 1415 1132 ἶ

224 1174 488 1245 «advocatorum
512 1183 547 1242 et
571 1183 819 1260 procuratorum
843 1177 1067 1242 contentiones
1092 1185 1127 1244 et
1149 1176 1269 1263 jurgia,
1292 1169 1334 1245 te·'

223 1292 429 1378 ostiumque,
445 1291 644 1377 superfluam
657 1291 903 1358 multitudinem
920 1292 1139 1360 reiraenaudo.

220 1445 222 1452 ,
271 1431 287 1469 a
305 1409 376 1474 Non
389 1407 435 1472 sic
444 1406 666 1493 tameujndex
676 1407 768 1474 litem
779 1405 961 1485 abbreviet,
978 1408 1056 1492 quin
1068 1408 1278 1491 probationes
1287 1431 1335 1476 ne·

221 1533 235 1582 a
252 1523 396 1588 cessariae
412 1529 446 1588 et
457 1521 664 1588 defensiones
673 1521 826 1605 legitimae
841 1520 1069 1589 admittantur.
1085 1523 1335 1591 Citationemve·

220 1654 299 1714 uro,
315 1655 353 1702 ac
371 1637 611 1720 praestationem
626 1633 799 1720 juramenti
814 1633 856 1700 de
871 1635 1030 1700 calumnia
1045 1636 1100 1702 vel
1115 1639 1250 1716 mulitia,
1271 1639 1334 1704 sive

220 1775 237 1814 a
253 1749 294 1817 de
311 1754 449 1817 veritate
466 1750 616 1830 dicenda,
628 1772 669 1818 ne
684 1752 805 1817 veritas
815 1751 1011 1829 occultetur,
1025 1771 1086 1836 per
1101 1753 1335 1820 commissiones

220 1865 438 1952 «hujusmodi
459 1865 669 1951 intelligimus
694 1885 759 1931 non
777 1863 916 1932 excludi.
939 1867 1062 1933 Verum
1081 1869 1157 1952 quia
1173 1867 1267 1954 juxta
1285 1889 1334 1954 pe

219 2007 236 2048 a
252 1983 376 2049 titionis
394 1981 532 2048 formam
545 1982 767 2065 pronuntiatio
781 1982 873 2066 sequi
886 1979 998 2058 debet,
1016 2001 1077 2066 pro
1089 1990 1185 2066 parte
1199 1986 1330 2069 agentis,

220 2121 237 2162 α
250 2107 284 2164 et
298 2099 395 2165 etiam
411 2097 480 2176 Rei,
494 2096 614 2184 siquid
627 2103 743 2181 petere
760 2099 914 2176 voluerit,
930 2105 980 2164 cst
990 2098 1024 2163 in
1037 2098 1107 2182 ipso
1121 2099 1188 2167 litis
1203 2099 1333 2167 exordio

220 2217 364 2300 apetitio
382 2213 542 2293 facienda,
560 2215 629 2280 sive
645 2213 783 2297 scriptis,
803 2215 871 2280 sinc
888 2213 991 2281 verbo
1012 2237 1020 2280 ε
1038 2216 1121 2281 actis
1132 2223 1245 2282 tamen
1264 2236 1333 2283 con·

220 2333 344 2397 utinuo
362 2331 412 2420 (ut
427 2349 526 2414 super
544 2329 662 2415 quibus
672 2331 847 2415 positiones
858 2336 893 2396 et
904 2331 1032 2396 articuli
1042 2330 1176 2398 formari
1190 2331 1333 2399 debeant

220 2470 236 2512 u
250 2449 350 2531 possit
365 2447 479 2514 haberi
487 2448 615 2531 plenior
629 2443 805 2525 certitudo,
822 2453 858 2512 et
869 2445 926 2512 liat
937 2445 1083 2514 delinitio
1103 2445 1232 2533 clarior)
1249 2449 1333 2514 inse-
1416 2431 1417 2468 l

220 2562 362 2631 urenda.
379 2565 418 2629 lit
430 2564 505 2648 quia
514 2563 690 2649 positiones
705 2547 748 2628 ad
764 2561 942 2628 faciliorem
958 2561 1202 2648 expeditionem
1212 2565 1330 2642 litium,

221 2682 388 2765 «propter
407 2681 549 2764 partium
571 2679 808 2757 confessiones,
839 2687 874 2746 et
904 2680 1058 2746 articulos
1087 2679 1132 2745 ad
1161 2682 1333 2748 clariorem

220 2793 476 2882 «probationem
496 2813 575 2861 tusus
598 2795 765 2878 longaevus
786 2795 819 2859 in
844 2796 948 2860 causis
971 2793 1121 2879 admisit;
1138 2797 1220 2876 Nos,
1240 2815 1333 2863 usum

220 2935 237 2976 a
255 2911 439 2998 hujusmodi
451 2910 620 2978 observari
634 2909 792 2987 volentes,
811 2911 984 2976 statuimus
998 2918 1036 2978 ut
1046 2910 1151 2997 judex
1169 2913 1215 2979 sic
1231 2911 1333 2997 depu-

221 3051 238 3092 a
254 3035 376 3095 tatusa
394 3027 486 3094 nobis
502 3027 574 3114 (nisi
589 3024 679 3092 atiud
700 3025 742 3092 de
759 3027 901 3110 partium
913 3026 1081 3094 voluntate
1095 3027 1280 3114 procedat),
1293 3026 1333 3094 ud

222 3146 395 3214 «dandum
409 3147 504 3212 simul
522 3151 678 3230 utrosque
700 3145 877 3210 terminum
900 3144 981 3212 dare
1000 3147 1117 3232 possit;
1135 3146 1229 3214 etad
1247 3145 1333 3214 exhi·

223 3262 396 3330 «bendum
416 3261 523 3328 omnia
538 3267 610 3328 acta
628 3268 663 3326 et
685 3267 905 3339 monumenta,
923 3261 1041 3346 quibus
1065 3269 1177 3347 partes
1206 3265 1256 3329 nti
1278 3283 1332 3329 ro

221 3379 323 3444 «lunt
353 3379 386 3443 in
411 3397 523 3456 causa,
553 3382 626 3460 post
655 3374 821 3442 dationem
844 3377 1057 3444 articulorum
1086 3378 1173 3444 diem
1207 3385 1331 3446 certum

220 3521 236 3561 a
256 3495 537 3586 (quandocumque
555 3495 618 3560 sibi
641 3491 819 3577 videbitur)
844 3493 953 3560 valeat
972 3495 1135 3579 assignare
1159 3517 1227 3563 :eo
1244 3497 1331 3562 salvo

220 3603 348 3691 «qnod,
365 3604 423 3670 ubi
437 3603 658 3668 remissionem
672 3599 746 3666 lieri
761 3601 965 3684 contingeret
979 3619 1040 3688 pro
1062 3599 1203 3668 testibus
1216 3601 1330 3686 produ·

219 3744 236 3783 «
254 3719 375 3797 cerdis,
387 3719 511 3805 possint
526 3719 623 3783 etiam
636 3717 851 3781 instrumenta
868 3715 1019 3800 produci,
1036 3717 1250 3802 assignatione
1272 3718 1330 3784 hu·

219 3831 392 3918 «jusmodi
417 3851 481 3896 non
508 3829 670 3897 obstante.
702 3827 921 3912 interrogabit
940 3831 1039 3895 etiam
1057 3837 1179 3913 partes,
1207 3832 1272 3896 sive
1288 3828 1330 3896 ad

220 3967 363 4014 aearum
378 3947 573 4023 instantiam,
592 3945 659 4011 sive
686 3962 728 4009 ex
746 3941 861 4021 officio,
890 3942 1087 4030 ubicumque
1115 3945 1178 4012 hoo
1199 3947 1329 4032 equitas

221 4064 412 4132 «suadebit.
432 4063 630 4130 Sententiam
651 4079 731 4127 vero
753 4059 955 4128 definitivam
976 4063 1094 4150 (citatis
1116 4062 1227 4144 adid,
1254 4064 1329 4130 licet

220 4202 317 4249 anon
334 4179 555 4266 peremptorie
574 4175 732 4264 partibus)
752 4179 787 4243 in
801 4179 943 4262 scriptis,
962 4185 997 4245 et
1016 4180 1127 4267 (prout
1148 4181 1247 4265 magis
1268 4179 1329 4245 sibi

220 4323 237 4363 a
251 4295 422 4384 placuerit)
440 4305 527 4363 stans
544 4296 598 4362 vel
615 4293 734 4362 sedens
747 4294 894 4378 proterat
908 4317 916 4361 :
931 4295 1030 4362 etiam
1047 4295 1085 4383 (si
1105 4299 1136 4362 ei
1150 4293 1325 4381 ridebitur)

221 4437 238 4478 e
255 4413 460 4480 conclusione
475 4430 539 4478 non
555 4412 652 4476 facta.
1285 4399 1290 4408 '
