2836 5118
460 327 539 378 raus
561 327 719 374 secunus.
1107 314 1173 379 iit
1305 329 1306 334 ¹

110 449 310 530 Quass103·.
325 487 371 502 -·
386 453 586 532 (lamara
597 453 814 532 appellatorium
823 455 1175 526 oscatntiaiaterloca«

75 571 161 630 laria?
175 603 221 617 --
235 565 373 647 Quando
394 566 639 634 interlocutoria
664 567 730 632 vim
750 565 850 634 habet
872 564 1059 646 definitive,
1074 567 1176 642 idern

74 679 301 748 observandum
322 680 411 766 quod
430 683 465 749 in
482 681 700 766 appellatione
724 702 742 746 a
765 680 943 750 definitiva.
970 683 1085 764 «Quia
1108 683 1177 756 haea

75 799 251 864 sententia
262 796 437 867 definitiva
447 815 508 879 per
519 798 624 864 omnia
638 797 868 882 aeqdparatur,
881 817 947 864 non
956 800 1061 866 salunt
1070 800 1179 886 quoad

77 913 233 981 «formam
248 912 495 996 interponendae
515 913 750 997 appellationis,
769 912 828 980 sed
850 915 948 980 etiam
968 916 1077 1000 quoad
1101 918 1179 994 alios

74 1029 176 1113 «juris
192 1029 339 1096 effectus.
360 1031 456 1096 Paria
470 1032 559 1095 enim
575 1031 858 1098 suntsententiam
877 1050 947 1096 esse
965 1030 1176 1116 definitivam,

74 1145 270 1212 esthabere
293 1145 357 1212 vim
384 1143 571 1212 definitive.
593 1133 612 1200 ἓν
635 1145 948 1232 (Sahrnalzgrueber,
978 1148 1011 1214 in
1039 1149 1092 1214 tit.
1123 1152 1179 1228 28,

70 1260 117 1326 lib.
137 1265 156 1326 i
176 1261 317 1338 decret,
334 1281 367 1326 n.
384 1265 421 1328 61
433 1258 455 1344 .)
473 1260 568 1328 Unde
581 1269 730 1328 remanet
744 1269 873 1329 tantum
890 1261 1063 1333 indicanda
1075 1265 1181 1336 formo

70 1376 246 1460 appellandi
264 1376 306 1442 ab
326 1376 574 1456 interlocutoria
599 1380 740 1458 simplici,
758 1376 793 1442 id
817 1386 877 1456 ast,
896 1397 967 1464 quar
983 1380 1050 1446 vim
1064 1377 1181 1456 delini·

70 1493 133 1557 dvae
148 1513 216 1558 non
229 1492 339 1558 habet.
351 1491 469 1574 Quoad
484 1493 566 1557 hano
582 1511 663 1558 vero
678 1493 740 1558 tria
754 1495 981 1578 requiruntur.

110 1612 137 1673 1.
163 1608 273 1675 Debet
291 1607 364 1675 lieri
376 1609 409 1674 iu
423 1610 563 1692 seriptis,
586 1616 738 1692 porrecto
757 1609 870 1676 libello
888 1610 1101 1696 appellatorio
1116 1614 1181 1698 (ca-

70 1723 128 1804 pite
144 1729 239 1792 Cordi
254 1727 283 1802 l,
300 1728 337 1789 de
347 1727 482 1808 Appell.‚
493 1725 526 1788 in
536 1723 588 1809 6).
606 1724 824 1810 Proceditque
835 1726 987 1804 haesita
1000 1728 1185 1812 appellatur

69 1839 282 1918 incontinenti,
301 1841 371 1906 sive
387 1860 429 1906 ex
443 1841 637 1924 intervallo;
656 1860 731 1906 nam
747 1861 878 1926 semper
893 1842 927 1908 iu
940 1842 1068 1926 seriptis
1079 1845 1184 1926 porri7

68 1955 166 2037 ganda
187 1963 238 2021 est
251 1955 426 2040 appellatio
441 1955 482 2023 ab
504 1955 749 2037 interlocutoria
762 1979 770 2040 3
783 1965 885 2040 prout
905 1963 999 2023 notat
1022 1957 1125 2042 glossa
1146 1961 1181 2028 in

69 2071 197 2136 citatum
208 2071 307 2166 caput
322 2074 415 2136 Cordi
434 2071 478 2157 (1,
501 2073 538 2134 de
551 2073 686 2153 appell,
705 2072 738 2150 in
754 2070 799 2156 6),
818 2072 920 2138 verbo
933 2077 1182 2142 Iotcrlocataria.

68 2182 215 2264 Nonnulli
234 2194 345 2252 umen
366 2185 521 2252 doctores
545 2193 705 2271 putarunt
726 2187 896 2271 prefatam
921 2188 1183 2259 aonsdtutionem

68 2301 308 2386 intelligendam
324 2303 428 2368 solum
449 2321 518 2368 esse
534 2301 576 2368 de
597 2321 684 2380 casu,
704 2321 768 2388 quo
787 2305 972 2388 appelletur
985 2305 1028 2371 ad
1039 2306 1181 2394 Papam3

68 2416 164 2483 itaut
184 2426 277 2484 extra
300 2418 387 2484 huna
403 2435 513 2482 casum
529 2418 632 2502 possit
657 2419 831 2501 appellatio
855 2418 898 2486 ab
921 2420 1181 2504 interlocutoria,

69 2531 195 2615 quando
224 2533 438 2598 incontinenti
473 2533 715 2616 interponitur,
747 2533 820 2622 llari
851 2535 926 2600 viva
961 2555 1054 2606 voce.
1089 2534 1181 2622 (Vide
1249 2519 1251 2523 ¹

71 2649 364 2734 Schmalzgrueber,
384 2650 418 2712 in
432 2650 483 2713 tit.
506 2651 560 2727 28,
579 2649 637 2714 lib.
656 2647 829 2727 iderret„
845 2671 879 2714 n.
896 2648 966 2735 61.)

110 2768 141 2828 2.
168 2764 277 2830 Debet
292 2764 375 2830 inea
394 2765 534 2848 exprimi
551 2784 645 2830 eatae
665 2763 900 2847 appellationis.
922 2765 1055 2832 Constat
1075 2786 1117 2833 er
1137 2772 1181 2834 ci-

70 2885 132 2944 tata
141 2878 298 2945 decretali
313 2882 405 2944 Cordi
416 2880 459 2966 (l,
477 2883 514 2945 dc
528 2882 661 2962 Appen„
678 2880 711 2943 in
722 2881 768 2963 6),
780 2881 814 2943 in
825 2897 887 2964 qua
902 2881 946 2945 sia
960 2884 1073 2948 statuit
1088 2885 1180 2952 Inno-

71 2994 193 3059 centius
206 2997 252 3060 lv
268 3016 275 3058 :
290 3000 459 3074 Samiraas,
480 3001 516 3058 at
531 3000 635 3075 sipais
650 2998 811 3076 injudicio
829 2997 877 3058 ael
899 3003 1006 3076 caira,
1027 3018 1116 3080 saper
1132 3007 1181 3064 ia-

70 3111 258 3173 lerlocatoria
281 3113 329 3173 ccl
348 3116 524 3192 prosumiae
541 3113 641 3190 alipta
660 3112 702 3174 od
723 3130 776 3173 aas
803 3112 927 3173 ducati
950 3113 1175 3196 appellandam,

69 3241 187 3286 causam
196 3227 407 3308 appellationis
420 3231 453 3288 ia
467 3231 588 3306 scriptis
602 3230 756 3306 desipuere
767 3227 951 3308 deproperet,
964 3235 1049 3308 petat
1062 3238 1180 3310 aposio-

71 3343 121 3419 los,
139 3361 212 3424 qaas
228 3349 256 3406 ci
269 3324 465 3426 praecipitares
484 3343 619 3406 celtiberi
633 3362 643 3404 .·
666 3347 700 3408 ia
717 3343 822 3422 quibas
836 3344 1048 3422 appellationis
1061 3333 1181 3434 carcsaaa¹

68 3465 229 3540 exprimat.
241 3456 333 3525 ldem
349 3465 476 3526 constat
490 3477 530 3522 ex
544 3458 700 3523 decretali
713 3461 753 3520 lit
765 3460 883 3522 debitas
900 3457 965 3544 (59,
981 3463 1018 3524 de
1029 3461 1177 3550 appell),

71 3591 133 3658 qua
153 3575 198 3640 sia
215 3575 256 3642 ab
273 3574 463 3640 Innocentio
477 3575 525 3639 111
545 3572 726 3657 injungitur
741 3595 748 3638 :
763 3577 931 3650 statuimus
945 3581 991 3654 at,
1014 3582 1041 3639 si
1054 3583 1121 3657 pais
1134 3597 1182 3642 aas

69 3709 135 3752 ram
149 3691 360 3773 iacaccjaiicc
377 3693 545 3753 macnarii
559 3691 777 3767 adversariam,
799 3691 852 3752 illc
866 3695 936 3752 orate
948 3696 1126 3754 scatentium
1140 3694 1181 3760 od

70 3810 249 3886 arperiorerra
259 3808 394 3888 jadicem
407 3807 515 3884 absque
535 3805 711 3866 rationabili
725 3823 815 3866 caasa
835 3823 895 3871 aaa
905 3813 1086 3885 provocet...
1099 3810 1182 3874 eam

71 3927 173 3982 aalma
193 3940 229 3983 aa
246 3921 424 3984 rationabili
443 3938 533 3982 caasa
550 3923 707 4000 putauerit
721 3919 946 4000 appellandam,
961 3939 1066 4000 pearaat
1082 3925 1183 4005 eadere

65 4036 172 4113 judice
191 4055 277 4098 caasa
289 4037 442 4116 probabili
460 4033 670 4115 appellationis
690 4038 829 4117 exposita
848 4033 917 4119 (leli
933 4037 1055 4116 scilicet,
1077 4041 1187 4126 paesi

71 4152 298 4232 ,soret-probata,
316 4153 434 4215 deberet
449 4151 584 4232 lepitiaca
602 4145 763 4234 reputari),
773 4155 917 4232 superior
933 4153 970 4214 de
986 4155 1188 4240 appellatione

68 4275 237 4346 ¹superescat.
419 4325 422 4335 .
569 4301 590 4334 c
1173 4331 1177 4341 ,

120 4387 154 4447 3.
183 4382 357 4467 Appellatio
372 4383 413 4449 ab
430 4383 676 4450 interlocutoria
692 4379 864 4466 justificari
876 4383 989 4468 nequit
1015 4403 1056 4450 eu
1076 4388 1188 4479 narn,
