<?xml version="1.0" encoding="UTF-8"?>
<!DOCTYPE html PUBLIC "-//W3C//DTD XHTML 1.0 Transitional//EN"
    "http://www.w3.org/TR/xhtml1/DTD/xhtml1-transitional.dtd">
<html xmlns="http://www.w3.org/1999/xhtml" xml:lang="en" lang="en">
 <head>
  <title>
</title>
<meta http-equiv="Content-Type" content="text/html;charset=utf-8" />
  <meta name='ocr-system' content='tesseract 3.04.00' />
  <meta name='ocr-capabilities' content='ocr_page ocr_carea ocr_par ocr_line ocrx_word'/>
</head>
<body>
  <div class='ocr_page' id='page_1' title='image "./tractatusdejudi01bouigoog_0267.png"; bbox 0 0 2836 5118; ppageno 0'>
   <div class='ocr_carea' id='block_1_1' title="bbox 236 343 1012 408">
    <p class='ocr_par' dir='ltr' id='par_1_1' title="bbox 236 343 1012 408">
     <span class='ocr_line' id='line_1_1' title="bbox 236 343 1012 408; baseline -0.006 -2"><span class='ocrx_word' id='word_1_1' title='bbox 236 343 302 408; x_wconf 73' lang='lat'><strong>250</strong></span> <span class='ocrx_word' id='word_1_2' title='bbox 587 353 775 402; x_wconf 76' lang='lat' dir='ltr'><strong>umcrarns</strong></span> <span class='ocrx_word' id='word_1_3' title='bbox 796 353 841 400; x_wconf 85' lang='lat' dir='ltr'><strong>nn</strong></span> <span class='ocrx_word' id='word_1_4' title='bbox 858 353 1012 404; x_wconf 52' lang='lat' dir='ltr'><strong>‘annuens</strong></span> 
     </span>
    </p>
   </div>
   <div class='ocr_carea' id='block_1_2' title="bbox 110 475 1414 2852">
    <p class='ocr_par' dir='ltr' id='par_1_2' title="bbox 110 475 1346 1716">
     <span class='ocr_line' id='line_1_2' title="bbox 237 475 1338 568; baseline -0.003 -23"><span class='ocrx_word' id='word_1_5' title='bbox 237 479 359 568; x_wconf 80' lang='lat' dir='ltr'><strong>equod</strong></span> <span class='ocrx_word' id='word_1_6' title='bbox 386 477 429 548; x_wconf 84' lang='lat' dir='ltr'><strong>ad</strong></span> <span class='ocrx_word' id='word_1_7' title='bbox 454 475 643 564; x_wconf 72' lang='lat' dir='ltr'><strong>menidam</strong></span> <span class='ocrx_word' id='word_1_8' title='bbox 674 477 895 544; x_wconf 70' lang='lat' dir='ltr'><strong>monentium</strong></span> <span class='ocrx_word' id='word_1_9' title='bbox 923 476 1128 562; x_wconf 78' lang='lat' dir='ltr'><strong>dignoscitur</strong></span> <span class='ocrx_word' id='word_1_10' title='bbox 1153 477 1338 544; x_wconf 78' lang='lat' dir='ltr'><strong>msutsum</strong></span> 
     </span>
     <span class='ocr_line' id='line_1_3' title="bbox 237 592 1341 678; baseline 0 -18"><span class='ocrx_word' id='word_1_11' title='bbox 237 595 471 678; x_wconf 80' lang='lat' dir='ltr'><strong>«Quocirca...</strong></span> <span class='ocrx_word' id='word_1_12' title='bbox 500 595 654 678; x_wconf 80' lang='lat' dir='ltr'><strong>praesenti</strong></span> <span class='ocrx_word' id='word_1_13' title='bbox 677 592 814 661; x_wconf 87' lang='lat' dir='ltr'><strong>decreto</strong></span> <span class='ocrx_word' id='word_1_14' title='bbox 838 594 1010 660; x_wconf 75' lang='lat' dir='ltr'><strong>statuimus</strong></span> <span class='ocrx_word' id='word_1_15' title='bbox 1038 604 1091 674; x_wconf 90' lang='lat' dir='ltr'><strong>ut,</strong></span> <span class='ocrx_word' id='word_1_16' title='bbox 1118 613 1181 660; x_wconf 88' lang='lat' dir='ltr'><strong>nec</strong></span> <span class='ocrx_word' id='word_1_17' title='bbox 1206 593 1341 672; x_wconf 74' lang='lat' dir='ltr'><strong>Prolati,</strong></span> 
     </span>
     <span class='ocr_line' id='line_1_4' title="bbox 234 709 1345 793; baseline -0.001 -19"><span class='ocrx_word' id='word_1_18' title='bbox 234 711 330 778; x_wconf 74' lang='lat' dir='ltr'><strong>euni</strong></span> <span class='ocrx_word' id='word_1_19' title='bbox 351 709 502 777; x_wconf 87' lang='lat' dir='ltr'><strong>canonica</strong></span> <span class='ocrx_word' id='word_1_20' title='bbox 516 709 691 776; x_wconf 88' lang='lat' dir='ltr'><strong>monitione</strong></span> <span class='ocrx_word' id='word_1_21' title='bbox 714 709 889 792; x_wconf 69' lang='lat' dir='ltr'><strong>pmmism,</strong></span> <span class='ocrx_word' id='word_1_22' title='bbox 906 709 1129 793; x_wconf 81' lang='lat' dir='ltr'><strong>suspensionis</strong></span> <span class='ocrx_word' id='word_1_23' title='bbox 1149 709 1206 776; x_wconf 82' lang='lat' dir='ltr'><strong>vel</strong></span> <span class='ocrx_word' id='word_1_24' title='bbox 1226 725 1345 775; x_wconf 84' lang='lat' dir='ltr'><strong>excom·</strong></span> 
     </span>
     <span class='ocr_line' id='line_1_5' title="bbox 234 822 1345 909; baseline 0 -20"><span class='ocrx_word' id='word_1_25' title='bbox 234 850 251 889; x_wconf 80' lang='lat' dir='ltr'><strong>a</strong></span> <span class='ocrx_word' id='word_1_26' title='bbox 269 825 491 896; x_wconf 74' lang='lat' dir='ltr'><strong>amicationis</strong></span> <span class='ocrx_word' id='word_1_27' title='bbox 513 825 709 892; x_wconf 80' lang='lat' dir='ltr'><strong>sententiam</strong></span> <span class='ocrx_word' id='word_1_28' title='bbox 730 824 900 908; x_wconf 82' lang='lat' dir='ltr'><strong>proferant</strong></span> <span class='ocrx_word' id='word_1_29' title='bbox 921 827 956 890; x_wconf 89' lang='lat' dir='ltr'><strong>in</strong></span> <span class='ocrx_word' id='word_1_30' title='bbox 977 825 1184 909; x_wconf 88' lang='lat' dir='ltr'><strong>subditos...;</strong></span> <span class='ocrx_word' id='word_1_31' title='bbox 1200 841 1264 890; x_wconf 87' lang='lat' dir='ltr'><strong>aec</strong></span> <span class='ocrx_word' id='word_1_32' title='bbox 1278 822 1345 890; x_wconf 72' lang='lat' dir='ltr'><strong>sul</strong></span> 
     </span>
     <span class='ocr_line' id='line_1_6' title="bbox 233 939 1344 1029; baseline 0 -24"><span class='ocrx_word' id='word_1_33' title='bbox 233 942 344 1029; x_wconf 75' lang='lat' dir='ltr'><strong>ejecti</strong></span> <span class='ocrx_word' id='word_1_34' title='bbox 369 949 483 1010; x_wconf 86' lang='lat' dir='ltr'><strong>contra</strong></span> <span class='ocrx_word' id='word_1_35' title='bbox 506 941 710 1026; x_wconf 80' lang='lat' dir='ltr'><strong>disciplinam</strong></span> <span class='ocrx_word' id='word_1_36' title='bbox 732 941 986 1009; x_wconf 86' lang='lat' dir='ltr'><strong>ecclesiasticam</strong></span> <span class='ocrx_word' id='word_1_37' title='bbox 1012 943 1045 1006; x_wconf 92' lang='lat' dir='ltr'><strong>in</strong></span> <span class='ocrx_word' id='word_1_38' title='bbox 1070 959 1186 1010; x_wconf 80' lang='lat' dir='ltr'><strong>vocem</strong></span> <span class='ocrx_word' id='word_1_39' title='bbox 1208 939 1344 1025; x_wconf 86' lang='lat' dir='ltr'><strong>appella·</strong></span> 
     </span>
     <span class='ocr_line' id='line_1_7' title="bbox 235 1057 1345 1142; baseline -0.002 -20"><span class='ocrx_word' id='word_1_40' title='bbox 235 1059 364 1126; x_wconf 72' lang='lat' dir='ltr'><strong>«lions</strong></span> <span class='ocrx_word' id='word_1_41' title='bbox 383 1064 598 1142; x_wconf 86' lang='lat' dir='ltr'><strong>erumpant...</strong></span> <span class='ocrx_word' id='word_1_42' title='bbox 616 1058 786 1142; x_wconf 83' lang='lat' dir='ltr'><strong>Proecipue</strong></span> <span class='ocrx_word' id='word_1_43' title='bbox 802 1075 881 1122; x_wconf 82' lang='lat' dir='ltr'><strong>vero</strong></span> <span class='ocrx_word' id='word_1_44' title='bbox 896 1057 958 1124; x_wconf 94' lang='lat' dir='ltr'><strong>hoc</strong></span> <span class='ocrx_word' id='word_1_45' title='bbox 976 1059 1010 1123; x_wconf 91' lang='lat' dir='ltr'><strong>in</strong></span> <span class='ocrx_word' id='word_1_46' title='bbox 1031 1058 1190 1142; x_wconf 84' lang='lat' dir='ltr'><strong>religiosis</strong></span> <span class='ocrx_word' id='word_1_47' title='bbox 1206 1057 1345 1124; x_wconf 84' lang='lat' dir='ltr'><strong>volumus</strong></span> 
     </span>
     <span class='ocr_line' id='line_1_8' title="bbox 233 1170 1346 1257; baseline -0.002 -19"><span class='ocrx_word' id='word_1_48' title='bbox 233 1197 249 1238; x_wconf 80' lang='lat' dir='ltr'><strong>a</strong></span> <span class='ocrx_word' id='word_1_49' title='bbox 265 1173 446 1250; x_wconf 79' lang='lat' dir='ltr'><strong>observari,</strong></span> <span class='ocrx_word' id='word_1_50' title='bbox 463 1189 505 1236; x_wconf 90' lang='lat' dir='ltr'><strong>ne</strong></span> <span class='ocrx_word' id='word_1_51' title='bbox 520 1170 672 1256; x_wconf 80' lang='lat' dir='ltr'><strong>religiosi,</strong></span> <span class='ocrx_word' id='word_1_52' title='bbox 694 1190 768 1238; x_wconf 89' lang='lat' dir='ltr'><strong>cum</strong></span> <span class='ocrx_word' id='word_1_53' title='bbox 788 1189 850 1255; x_wconf 91' lang='lat' dir='ltr'><strong>pro</strong></span> <span class='ocrx_word' id='word_1_54' title='bbox 865 1171 974 1257; x_wconf 83' lang='lat' dir='ltr'><strong>aliquo</strong></span> <span class='ocrx_word' id='word_1_55' title='bbox 989 1191 1127 1240; x_wconf 78' lang='lat' dir='ltr'><strong>excessu</strong></span> <span class='ocrx_word' id='word_1_56' title='bbox 1141 1173 1268 1238; x_wconf 84' lang='lat' dir='ltr'><strong>inerint</strong></span> <span class='ocrx_word' id='word_1_57' title='bbox 1283 1190 1346 1238; x_wconf 88' lang='lat' dir='ltr'><strong>cor·</strong></span> 
     </span>
     <span class='ocr_line' id='line_1_9' title="bbox 233 1286 1344 1373; baseline -0.002 -21"><span class='ocrx_word' id='word_1_58' title='bbox 233 1313 250 1352; x_wconf 74' lang='lat' dir='ltr'><strong>a</strong></span> <span class='ocrx_word' id='word_1_59' title='bbox 265 1287 403 1373; x_wconf 76' lang='lat' dir='ltr'><strong>ligendi,</strong></span> <span class='ocrx_word' id='word_1_60' title='bbox 419 1292 532 1354; x_wconf 84' lang='lat' dir='ltr'><strong>contra</strong></span> <span class='ocrx_word' id='word_1_61' title='bbox 546 1287 731 1370; x_wconf 80' lang='lat' dir='ltr'><strong>regularem</strong></span> <span class='ocrx_word' id='word_1_62' title='bbox 745 1287 875 1352; x_wconf 79' lang='lat' dir='ltr'><strong>Praelati</strong></span> <span class='ocrx_word' id='word_1_63' title='bbox 887 1287 938 1352; x_wconf 91' lang='lat' dir='ltr'><strong>sui</strong></span> <span class='ocrx_word' id='word_1_64' title='bbox 951 1295 987 1353; x_wconf 88' lang='lat' dir='ltr'><strong>et</strong></span> <span class='ocrx_word' id='word_1_65' title='bbox 999 1286 1133 1371; x_wconf 90' lang='lat' dir='ltr'><strong>capituli</strong></span> <span class='ocrx_word' id='word_1_66' title='bbox 1149 1286 1344 1370; x_wconf 84' lang='lat' dir='ltr'><strong>disciplinam</strong></span> 
     </span>
     <span class='ocr_line' id='line_1_10' title="bbox 232 1399 1345 1500; baseline -0.002 -34"><span class='ocrx_word' id='word_1_67' title='bbox 232 1402 430 1486; x_wconf 80' lang='lat' dir='ltr'><strong>«appellare</strong></span> <span class='ocrx_word' id='word_1_68' title='bbox 457 1407 675 1484; x_wconf 72' lang='lat' dir='ltr'><strong>presumant;</strong></span> <span class='ocrx_word' id='word_1_69' title='bbox 690 1399 750 1467; x_wconf 90' lang='lat' dir='ltr'><strong>sed</strong></span> <span class='ocrx_word' id='word_1_70' title='bbox 776 1401 943 1470; x_wconf 85' lang='lat' dir='ltr'><strong>humiliter</strong></span> <span class='ocrx_word' id='word_1_71' title='bbox 967 1419 1005 1467; x_wconf 85' lang='lat' dir='ltr'><strong>ac</strong></span> <span class='ocrx_word' id='word_1_72' title='bbox 1029 1399 1150 1467; x_wconf 84' lang='lat' dir='ltr'><strong>devote</strong></span> <span class='ocrx_word' id='word_1_73' title='bbox 1178 1401 1345 1500; x_wconf 71' lang='lat' dir='ltr'><strong>suscipiant</strong></span> 
     </span>
     <span class='ocr_line' id='line_1_11' title="bbox 233 1513 1346 1603; baseline -0.004 -22"><span class='ocrx_word' id='word_1_74' title='bbox 233 1540 250 1581; x_wconf 76' lang='lat' dir='ltr'><strong>e</strong></span> <span class='ocrx_word' id='word_1_75' title='bbox 266 1515 356 1602; x_wconf 88' lang='lat' dir='ltr'><strong>quod</strong></span> <span class='ocrx_word' id='word_1_76' title='bbox 372 1533 432 1600; x_wconf 89' lang='lat' dir='ltr'><strong>pro</strong></span> <span class='ocrx_word' id='word_1_77' title='bbox 443 1515 547 1582; x_wconf 86' lang='lat' dir='ltr'><strong>salute</strong></span> <span class='ocrx_word' id='word_1_78' title='bbox 562 1534 619 1580; x_wconf 89' lang='lat' dir='ltr'><strong>sua</strong></span> <span class='ocrx_word' id='word_1_79' title='bbox 631 1513 870 1583; x_wconf 74' lang='lat' dir='ltr'><strong>maritandam</strong></span> <span class='ocrx_word' id='word_1_80' title='bbox 879 1515 1073 1601; x_wconf 71' lang='lat' dir='ltr'><strong>iniunctum.</strong></span> <span class='ocrx_word' id='word_1_81' title='bbox 1088 1539 1104 1578; x_wconf 81' lang='lat' dir='ltr'><strong>o</strong></span> <span class='ocrx_word' id='word_1_82' title='bbox 1119 1515 1239 1603; x_wconf 83' lang='lat' dir='ltr'><strong>(Caput</strong></span> <span class='ocrx_word' id='word_1_83' title='bbox 1249 1519 1346 1597; x_wconf 72' lang='lat' dir='ltr'><strong>{lepre</strong></span> 
     </span>
     <span class='ocr_line' id='line_1_12' title="bbox 110 1629 811 1716; baseline -0.007 -15"><span class='ocrx_word' id='word_1_84' title='bbox 110 1668 114 1674; x_wconf 93' lang='lat'><strong>·</strong></span> <span class='ocrx_word' id='word_1_85' title='bbox 230 1635 388 1700; x_wconf 58' lang='lat' dir='ltr'><strong>mucules</strong></span> <span class='ocrx_word' id='word_1_86' title='bbox 403 1634 457 1710; x_wconf 78' lang='lat'><strong>26,</strong></span> <span class='ocrx_word' id='word_1_87' title='bbox 474 1633 512 1696; x_wconf 80' lang='lat' dir='ltr'><strong>cle</strong></span> <span class='ocrx_word' id='word_1_88' title='bbox 525 1629 811 1716; x_wconf 77' lang='lat' dir='ltr'><strong>Appellctlccitas.)</strong></span> 
     </span>
    </p>

    <p class='ocr_par' dir='ltr' id='par_1_3' title="bbox 229 1745 1414 2638">
     <span class='ocr_line' id='line_1_13' title="bbox 272 1745 1347 1830; baseline -0.007 -14"><span class='ocrx_word' id='word_1_89' title='bbox 272 1750 316 1816; x_wconf 92' lang='lat' dir='ltr'><strong>II.</strong></span> <span class='ocrx_word' id='word_1_90' title='bbox 351 1752 532 1828; x_wconf 61' lang='lat' dir='ltr'><strong>mollonis</strong></span> <span class='ocrx_word' id='word_1_91' title='bbox 553 1753 718 1828; x_wconf 72' lang='lat' dir='ltr'><strong>proposito</strong></span> <span class='ocrx_word' id='word_1_92' title='bbox 745 1749 899 1813; x_wconf 81' lang='lat' dir='ltr'><strong>resolutio.</strong></span> <span class='ocrx_word' id='word_1_93' title='bbox 925 1783 971 1796; x_wconf 94' lang='lat'><em>-</em></span> <span class='ocrx_word' id='word_1_94' title='bbox 996 1745 1243 1830; x_wconf 78' lang='lat' dir='ltr'><strong>Distuiguendae</strong></span> <span class='ocrx_word' id='word_1_95' title='bbox 1279 1752 1347 1810; x_wconf 88' lang='lat' dir='ltr'><strong>sunl</strong></span> 
     </span>
     <span class='ocr_line' id='line_1_14' title="bbox 232 1861 1346 1948; baseline -0.008 -16"><span class='ocrx_word' id='word_1_96' title='bbox 232 1865 330 1932; x_wconf 80' lang='lat' dir='ltr'><strong>variae</strong></span> <span class='ocrx_word' id='word_1_97' title='bbox 344 1862 589 1948; x_wconf 84' lang='lat' dir='ltr'><strong>appellationes,</strong></span> <span class='ocrx_word' id='word_1_98' title='bbox 607 1880 678 1946; x_wconf 73' lang='lat' dir='ltr'><strong>quas</strong></span> <span class='ocrx_word' id='word_1_99' title='bbox 693 1861 768 1927; x_wconf 88' lang='lat' dir='ltr'><strong>fieri</strong></span> <span class='ocrx_word' id='word_1_100' title='bbox 790 1869 925 1945; x_wconf 91' lang='lat' dir='ltr'><strong>possunt</strong></span> <span class='ocrx_word' id='word_1_101' title='bbox 940 1862 1094 1927; x_wconf 81' lang='lat' dir='ltr'><strong>incensis</strong></span> <span class='ocrx_word' id='word_1_102' title='bbox 1111 1862 1306 1927; x_wconf 82' lang='lat' dir='ltr'><strong>visitationis</strong></span> <span class='ocrx_word' id='word_1_103' title='bbox 1316 1867 1346 1924; x_wconf 89' lang='lat' dir='ltr'><strong>et</strong></span> 
     </span>
     <span class='ocr_line' id='line_1_15' title="bbox 229 1969 1414 2070; baseline -0.007 -24"><span class='ocrx_word' id='word_1_104' title='bbox 229 1977 439 2046; x_wconf 83' lang='lat' dir='ltr'><strong>corrccucn&#39;s</strong></span> <span class='ocrx_word' id='word_1_105' title='bbox 463 1995 590 2042; x_wconf 89' lang='lat' dir='ltr'><strong>morum</strong></span> <span class='ocrx_word' id='word_1_106' title='bbox 617 1998 623 2042; x_wconf 95' lang='lat'><strong>:</strong></span> <span class='ocrx_word' id='word_1_107' title='bbox 649 1976 704 2042; x_wconf 87' lang='lat' dir='ltr'><strong>vel</strong></span> <span class='ocrx_word' id='word_1_108' title='bbox 731 1976 818 2041; x_wconf 89' lang='lat' dir='ltr'><strong>enim</strong></span> <span class='ocrx_word' id='word_1_109' title='bbox 843 1975 917 2061; x_wconf 88' lang='lat' dir='ltr'><strong>quis</strong></span> <span class='ocrx_word' id='word_1_110' title='bbox 940 1976 1082 2061; x_wconf 86' lang='lat' dir='ltr'><strong>appellat</strong></span> <span class='ocrx_word' id='word_1_111' title='bbox 1108 1969 1224 2040; x_wconf 87' lang='lat' dir='ltr'><strong>contra</strong></span> <span class='ocrx_word' id='word_1_112' title='bbox 1249 1975 1345 2058; x_wconf 85' lang='lat' dir='ltr'><strong>legem</strong></span> <span class='ocrx_word' id='word_1_113' title='bbox 1413 2061 1414 2070; x_wconf 8' lang='grc' dir='ltr'>ἵ</span> 
     </span>
     <span class='ocr_line' id='line_1_16' title="bbox 229 2085 1414 2178; baseline -0.005 -18"><span class='ocrx_word' id='word_1_114' title='bbox 229 2095 344 2178; x_wconf 90' lang='lat' dir='ltr'><strong>ipsam,</strong></span> <span class='ocrx_word' id='word_1_115' title='bbox 357 2109 454 2177; x_wconf 86' lang='lat' dir='ltr'><strong>quam</strong></span> <span class='ocrx_word' id='word_1_116' title='bbox 464 2091 526 2174; x_wconf 89' lang='lat' dir='ltr'><strong>ipsi</strong></span> <span class='ocrx_word' id='word_1_117' title='bbox 537 2090 680 2174; x_wconf 89' lang='lat' dir='ltr'><strong>applicat</strong></span> <span class='ocrx_word' id='word_1_118' title='bbox 691 2091 879 2174; x_wconf 84' lang='lat' dir='ltr'><strong>Episcopus,</strong></span> <span class='ocrx_word' id='word_1_119' title='bbox 894 2106 970 2155; x_wconf 90' lang='lat' dir='ltr'><strong>cum</strong></span> <span class='ocrx_word' id='word_1_120' title='bbox 980 2091 1179 2174; x_wconf 78' lang='lat' dir='ltr'><strong>caeteroqnin</strong></span> <span class='ocrx_word' id='word_1_121' title='bbox 1188 2090 1346 2156; x_wconf 72' lang='lat' dir='ltr'><strong>uolonum</strong></span> <span class='ocrx_word' id='word_1_122' title='bbox 1413 2085 1414 2100; x_wconf 59' lang='lat'>¹</span> 
     </span>
     <span class='ocr_line' id='line_1_17' title="bbox 231 2204 1346 2290; baseline -0.006 -15"><span class='ocrx_word' id='word_1_123' title='bbox 231 2208 273 2276; x_wconf 91' lang='lat' dir='ltr'><strong>sit</strong></span> <span class='ocrx_word' id='word_1_124' title='bbox 285 2226 360 2273; x_wconf 90' lang='lat' dir='ltr'><strong>eum</strong></span> <span class='ocrx_word' id='word_1_125' title='bbox 372 2225 443 2272; x_wconf 87' lang='lat' dir='ltr'><strong>csse</strong></span> <span class='ocrx_word' id='word_1_126' title='bbox 453 2205 485 2270; x_wconf 92' lang='lat' dir='ltr'><strong>in</strong></span> <span class='ocrx_word' id='word_1_127' title='bbox 498 2225 575 2270; x_wconf 91' lang='lat' dir='ltr'><strong>casn</strong></span> <span class='ocrx_word' id='word_1_128' title='bbox 587 2225 605 2270; x_wconf 90' lang='lat' dir='ltr'><strong>a</strong></span> <span class='ocrx_word' id='word_1_129' title='bbox 617 2204 691 2290; x_wconf 88' lang='lat' dir='ltr'><strong>lege</strong></span> <span class='ocrx_word' id='word_1_130' title='bbox 709 2206 858 2288; x_wconf 65' lang='lat' dir='ltr'><strong>praeviso</strong></span> <span class='ocrx_word' id='word_1_131' title='bbox 873 2224 980 2290; x_wconf 88' lang='lat' dir='ltr'><strong>neque</strong></span> <span class='ocrx_word' id='word_1_132' title='bbox 994 2206 1055 2271; x_wconf 91' lang='lat' dir='ltr'><strong>hoc</strong></span> <span class='ocrx_word' id='word_1_133' title='bbox 1071 2206 1141 2288; x_wconf 84' lang='lat' dir='ltr'><strong>ipse</strong></span> <span class='ocrx_word' id='word_1_134' title='bbox 1157 2213 1262 2288; x_wconf 89' lang='lat' dir='ltr'><strong>neget</strong></span> <span class='ocrx_word' id='word_1_135' title='bbox 1278 2227 1286 2270; x_wconf 91' lang='lat'><strong>:</strong></span> <span class='ocrx_word' id='word_1_136' title='bbox 1301 2205 1346 2270; x_wconf 88' lang='lat' dir='ltr'><strong>vel</strong></span> 
     </span>
     <span class='ocr_line' id='line_1_18' title="bbox 231 2320 1346 2408; baseline -0.006 -18"><span class='ocrx_word' id='word_1_137' title='bbox 231 2322 373 2408; x_wconf 88' lang='lat' dir='ltr'><strong>appellat</strong></span> <span class='ocrx_word' id='word_1_138' title='bbox 386 2321 429 2388; x_wconf 86' lang='lat' dir='ltr'><strong>ab</strong></span> <span class='ocrx_word' id='word_1_139' title='bbox 446 2323 516 2405; x_wconf 90' lang='lat' dir='ltr'><strong>ipso</strong></span> <span class='ocrx_word' id='word_1_140' title='bbox 531 2327 608 2386; x_wconf 83' lang='lat' dir='ltr'><strong>acin</strong></span> <span class='ocrx_word' id='word_1_141' title='bbox 624 2322 800 2404; x_wconf 81' lang='lat' dir='ltr'><strong>episcopali</strong></span> <span class='ocrx_word' id='word_1_142' title='bbox 815 2321 1117 2406; x_wconf 82' lang='lat' dir='ltr'><strong>extra-judicialiter</strong></span> <span class='ocrx_word' id='word_1_143' title='bbox 1128 2327 1224 2404; x_wconf 86' lang='lat' dir='ltr'><strong>gesto</strong></span> <span class='ocrx_word' id='word_1_144' title='bbox 1242 2342 1250 2386; x_wconf 90' lang='lat'>:</span> <span class='ocrx_word' id='word_1_145' title='bbox 1269 2320 1346 2386; x_wconf 83' lang='lat' dir='ltr'><strong>vela</strong></span> 
     </span>
     <span class='ocr_line' id='line_1_19' title="bbox 232 2433 1346 2520; baseline -0.01 -12"><span class='ocrx_word' id='word_1_146' title='bbox 232 2440 392 2509; x_wconf 76' lang='lat' dir='ltr'><strong>cantantia</strong></span> <span class='ocrx_word' id='word_1_147' title='bbox 408 2435 574 2503; x_wconf 79' lang='lat' dir='ltr'><strong>definitiva</strong></span> <span class='ocrx_word' id='word_1_148' title='bbox 591 2435 740 2519; x_wconf 74' lang='lat' dir='ltr'><strong>Episcopi</strong></span> <span class='ocrx_word' id='word_1_149' title='bbox 758 2437 790 2499; x_wconf 92' lang='lat' dir='ltr'><strong>in</strong></span> <span class='ocrx_word' id='word_1_150' title='bbox 805 2433 928 2520; x_wconf 86' lang='lat' dir='ltr'><strong>judicio</strong></span> <span class='ocrx_word' id='word_1_151' title='bbox 945 2436 1073 2520; x_wconf 84' lang='lat' dir='ltr'><strong>prolata</strong></span> <span class='ocrx_word' id='word_1_152' title='bbox 1091 2457 1098 2502; x_wconf 92' lang='lat'>:</span> <span class='ocrx_word' id='word_1_153' title='bbox 1115 2435 1171 2502; x_wconf 81' lang='lat' dir='ltr'><strong>vel.</strong></span> <span class='ocrx_word' id='word_1_154' title='bbox 1183 2433 1346 2500; x_wconf 80' lang='lat' dir='ltr'><strong>tandema</strong></span> 
     </span>
     <span class='ocr_line' id='line_1_20' title="bbox 232 2549 1347 2638; baseline -0.005 -16"><span class='ocrx_word' id='word_1_155' title='bbox 232 2555 393 2622; x_wconf 85' lang='lat' dir='ltr'><strong>sententia</strong></span> <span class='ocrx_word' id='word_1_156' title='bbox 415 2551 590 2638; x_wconf 89' lang='lat' dir='ltr'><strong>episcopali</strong></span> <span class='ocrx_word' id='word_1_157' title='bbox 614 2551 871 2617; x_wconf 86' lang='lat' dir='ltr'><strong>interlocutoria.</strong></span> <span class='ocrx_word' id='word_1_158' title='bbox 899 2553 1002 2618; x_wconf 86' lang='lat' dir='ltr'><strong>Porro</strong></span> <span class='ocrx_word' id='word_1_159' title='bbox 1026 2551 1160 2615; x_wconf 88' lang='lat' dir='ltr'><strong>attentis</strong></span> <span class='ocrx_word' id='word_1_160' title='bbox 1181 2549 1347 2634; x_wconf 77' lang='lat' dir='ltr'><strong>precisus</strong></span> 
     </span>
    </p>

    <p class='ocr_par' dir='ltr' id='par_1_4' title="bbox 230 2663 1413 2852">
     <span class='ocr_line' id='line_1_21' title="bbox 230 2663 1413 2757; baseline -0.008 -19"><span class='ocrx_word' id='word_1_161' title='bbox 230 2669 314 2757; x_wconf 81' lang='lat' dir='ltr'><strong>juris</strong></span> <span class='ocrx_word' id='word_1_162' title='bbox 325 2667 481 2745; x_wconf 83' lang='lat' dir='ltr'><strong>textibus,</strong></span> <span class='ocrx_word' id='word_1_163' title='bbox 501 2665 654 2732; x_wconf 84' lang='lat' dir='ltr'><strong>videntur</strong></span> <span class='ocrx_word' id='word_1_164' title='bbox 670 2665 751 2732; x_wconf 85' lang='lat' dir='ltr'><strong>varii</strong></span> <span class='ocrx_word' id='word_1_165' title='bbox 764 2665 810 2734; x_wconf 89' lang='lat' dir='ltr'><strong>illi</strong></span> <span class='ocrx_word' id='word_1_166' title='bbox 823 2683 916 2733; x_wconf 83' lang='lat' dir='ltr'><strong>casus</strong></span> <span class='ocrx_word' id='word_1_167' title='bbox 930 2665 1050 2733; x_wconf 78' lang='lat' dir='ltr'><strong>resolsd</strong></span> <span class='ocrx_word' id='word_1_168' title='bbox 1061 2664 1191 2732; x_wconf 85' lang='lat' dir='ltr'><strong>dehere</strong></span> <span class='ocrx_word' id='word_1_169' title='bbox 1204 2663 1347 2752; x_wconf 81' lang='lat' dir='ltr'><strong>sequenti</strong></span> <span class='ocrx_word' id='word_1_170' title='bbox 1412 2705 1413 2738; x_wconf 63' lang='lat'><strong>,</strong></span> 
     </span>
     <span class='ocr_line' id='line_1_22' title="bbox 233 2784 1413 2852; baseline -0.005 0"><span class='ocrx_word' id='word_1_171' title='bbox 233 2784 361 2852; x_wconf 87' lang='lat' dir='ltr'><strong>modo:</strong></span> <span class='ocrx_word' id='word_1_172' title='bbox 1412 2791 1413 2810; x_wconf 66' lang='lat'>¹</span> 
     </span>
    </p>
   </div>
   <div class='ocr_carea' id='block_1_3' title="bbox 234 2899 1413 3444">
    <p class='ocr_par' dir='ltr' id='par_1_5' title="bbox 234 2899 1413 3444">
     <span class='ocr_line' id='line_1_23' title="bbox 281 2899 1413 2981; baseline -0.006 -14"><span class='ocrx_word' id='word_1_173' title='bbox 281 2903 315 2966; x_wconf 82' lang='lat'><strong>1⁰</strong></span> <span class='ocrx_word' id='word_1_174' title='bbox 332 2904 368 2966; x_wconf 81' lang='lat' dir='ltr'><strong>Sl</strong></span> <span class='ocrx_word' id='word_1_175' title='bbox 390 2903 457 2980; x_wconf 75' lang='lat' dir='ltr'><strong>palis</strong></span> <span class='ocrx_word' id='word_1_176' title='bbox 478 2900 609 2981; x_wconf 69' lang='lat' dir='ltr'><strong>appellet</strong></span> <span class='ocrx_word' id='word_1_177' title='bbox 633 2906 738 2963; x_wconf 74' lang='lat' dir='ltr'><strong>coclea</strong></span> <span class='ocrx_word' id='word_1_178' title='bbox 764 2901 858 2980; x_wconf 78' lang='lat' dir='ltr'><strong>legem</strong></span> <span class='ocrx_word' id='word_1_179' title='bbox 882 2903 980 2980; x_wconf 78' lang='lat' dir='ltr'><strong>ipsum</strong></span> <span class='ocrx_word' id='word_1_180' title='bbox 1002 2917 1068 2980; x_wconf 72' lang='lat' dir='ltr'><strong>grem</strong></span> <span class='ocrx_word' id='word_1_181' title='bbox 1082 2902 1145 2979; x_wconf 77' lang='lat' dir='ltr'><strong>lpse·</strong></span> <span class='ocrx_word' id='word_1_182' title='bbox 1163 2899 1342 2981; x_wconf 80' lang='lat' dir='ltr'><strong>applicetur,</strong></span> <span class='ocrx_word' id='word_1_183' title='bbox 1412 2903 1413 2972; x_wconf 81' lang='lat' dir='ltr'><strong>l</strong></span> 
     </span>
     <span class='ocr_line' id='line_1_24' title="bbox 234 3015 1346 3102; baseline -0.002 -24"><span class='ocrx_word' id='word_1_184' title='bbox 234 3021 298 3102; x_wconf 80' lang='lat' dir='ltr'><strong>cjau</strong></span> <span class='ocrx_word' id='word_1_185' title='bbox 312 3017 477 3098; x_wconf 51' lang='lat' dir='ltr'><strong>¹appellatio</strong></span> <span class='ocrx_word' id='word_1_186' title='bbox 498 3033 551 3078; x_wconf 79' lang='lat' dir='ltr'><strong>ecc</strong></span> <span class='ocrx_word' id='word_1_187' title='bbox 569 3019 775 3096; x_wconf 75' lang='lat' dir='ltr'><strong>mspmsioacc</strong></span> <span class='ocrx_word' id='word_1_188' title='bbox 789 3033 843 3078; x_wconf 81' lang='lat' dir='ltr'><strong>ceo</strong></span> <span class='ocrx_word' id='word_1_189' title='bbox 860 3015 1064 3078; x_wconf 66' lang='lat' dir='ltr'><strong>desolationem</strong></span> <span class='ocrx_word' id='word_1_190' title='bbox 1080 3017 1222 3095; x_wconf 74' lang='lat' dir='ltr'><strong>effectum</strong></span> <span class='ocrx_word' id='word_1_191' title='bbox 1235 3015 1346 3096; x_wconf 75' lang='lat' dir='ltr'><strong>regule</strong></span> 
     </span>
     <span class='ocr_line' id='line_1_25' title="bbox 235 3130 1346 3211; baseline -0.003 -16"><span class='ocrx_word' id='word_1_192' title='bbox 235 3135 311 3195; x_wconf 78' lang='lat' dir='ltr'><strong>aller</strong></span> <span class='ocrx_word' id='word_1_193' title='bbox 322 3131 430 3209; x_wconf 61' lang='lat' dir='ltr'><strong>lateu-</strong></span> <span class='ocrx_word' id='word_1_194' title='bbox 439 3131 493 3193; x_wconf 84' lang='lat' dir='ltr'><strong>sed</strong></span> <span class='ocrx_word' id='word_1_195' title='bbox 507 3130 620 3210; x_wconf 73' lang='lat' dir='ltr'><strong>friuolo</strong></span> <span class='ocrx_word' id='word_1_196' title='bbox 634 3136 690 3209; x_wconf 76' lang='lat' dir='ltr'><strong>col,</strong></span> <span class='ocrx_word' id='word_1_197' title='bbox 705 3136 736 3192; x_wconf 82' lang='lat' dir='ltr'><strong>cl</strong></span> <span class='ocrx_word' id='word_1_198' title='bbox 748 3147 767 3192; x_wconf 86' lang='lat' dir='ltr'><strong>e</strong></span> <span class='ocrx_word' id='word_1_199' title='bbox 773 3132 878 3211; x_wconf 78' lang='lat' dir='ltr'><strong>judice</strong></span> <span class='ocrx_word' id='word_1_200' title='bbox 889 3131 931 3192; x_wconf 81' lang='lat' dir='ltr'><strong>ed</strong></span> <span class='ocrx_word' id='word_1_201' title='bbox 944 3147 1030 3210; x_wconf 80' lang='lat' dir='ltr'><strong>poem</strong></span> <span class='ocrx_word' id='word_1_202' title='bbox 1042 3130 1218 3210; x_wconf 78' lang='lat' dir='ltr'><strong>appellatur</strong></span> <span class='ocrx_word' id='word_1_203' title='bbox 1230 3147 1346 3211; x_wconf 57' lang='lat' dir='ltr'><strong>morou</strong></span> 
     </span>
     <span class='ocr_line' id='line_1_26' title="bbox 234 3242 1344 3330; baseline -0.001 -21"><span class='ocrx_word' id='word_1_204' title='bbox 234 3244 910 3330; x_wconf 72' lang='lat' dir='ltr'><strong>rejiciendo—supponamus,verbigrctia,</strong></span> <span class='ocrx_word' id='word_1_205' title='bbox 920 3242 1208 3310; x_wconf 78' lang='lat' dir='ltr'><strong>Titiumclericum</strong></span> <span class='ocrx_word' id='word_1_206' title='bbox 1222 3245 1344 3309; x_wconf 69' lang='lat' dir='ltr'><strong>mutum</strong></span> 
     </span>
     <span class='ocr_line' id='line_1_27' title="bbox 236 3357 1345 3444; baseline -0.005 -16"><span class='ocrx_word' id='word_1_207' title='bbox 236 3379 306 3428; x_wconf 87' lang='lat' dir='ltr'><strong>esse</strong></span> <span class='ocrx_word' id='word_1_208' title='bbox 325 3359 448 3444; x_wconf 86' lang='lat' dir='ltr'><strong>absque</strong></span> <span class='ocrx_word' id='word_1_209' title='bbox 465 3358 578 3425; x_wconf 89' lang='lat' dir='ltr'><strong>habitu</strong></span> <span class='ocrx_word' id='word_1_210' title='bbox 602 3358 745 3424; x_wconf 87' lang='lat' dir='ltr'><strong>clericali</strong></span> <span class='ocrx_word' id='word_1_211' title='bbox 759 3357 934 3442; x_wconf 83' lang='lat' dir='ltr'><strong>incedere3</strong></span> <span class='ocrx_word' id='word_1_212' title='bbox 957 3357 1098 3444; x_wconf 89' lang='lat' dir='ltr'><strong>hincque</strong></span> <span class='ocrx_word' id='word_1_213' title='bbox 1121 3357 1345 3442; x_wconf 85' lang='lat' dir='ltr'><strong>contraipsum</strong></span> 
     </span>
    </p>
   </div>
   <div class='ocr_carea' id='block_1_4' title="bbox 233 3465 1412 4476">
    <p class='ocr_par' dir='ltr' id='par_1_6' title="bbox 233 3465 1412 4476">
     <span class='ocr_line' id='line_1_28' title="bbox 235 3465 1412 3559; baseline -0.008 -15"><span class='ocrx_word' id='word_1_214' title='bbox 235 3475 277 3544; x_wconf 88' lang='lat' dir='ltr'><strong>ab</strong></span> <span class='ocrx_word' id='word_1_215' title='bbox 293 3475 451 3559; x_wconf 87' lang='lat' dir='ltr'><strong>Episcopo</strong></span> <span class='ocrx_word' id='word_1_216' title='bbox 469 3474 710 3558; x_wconf 85' lang='lat' dir='ltr'><strong>pronuntiatam</strong></span> <span class='ocrx_word' id='word_1_217' title='bbox 730 3493 801 3539; x_wconf 85' lang='lat' dir='ltr'><strong>esse</strong></span> <span class='ocrx_word' id='word_1_218' title='bbox 821 3491 961 3557; x_wconf 90' lang='lat' dir='ltr'><strong>poenam,</strong></span> <span class='ocrx_word' id='word_1_219' title='bbox 978 3491 1075 3557; x_wconf 88' lang='lat' dir='ltr'><strong>quam</strong></span> <span class='ocrx_word' id='word_1_220' title='bbox 1092 3471 1146 3557; x_wconf 86' lang='lat' dir='ltr'><strong>jus</strong></span> <span class='ocrx_word' id='word_1_221' title='bbox 1165 3490 1342 3548; x_wconf 88' lang='lat' dir='ltr'><strong>commune,</strong></span> <span class='ocrx_word' id='word_1_222' title='bbox 1411 3465 1412 3474; x_wconf 75' lang='grc'>’</span> 
     </span>
     <span class='ocr_line' id='line_1_29' title="bbox 235 3586 1345 3667; baseline -0.005 -11"><span class='ocrx_word' id='word_1_223' title='bbox 235 3591 401 3660; x_wconf 77' lang='lat' dir='ltr'><strong>ueletiam</strong></span> <span class='ocrx_word' id='word_1_224' title='bbox 422 3587 603 3654; x_wconf 75' lang='lat' dir='ltr'><strong>ditacesana</strong></span> <span class='ocrx_word' id='word_1_225' title='bbox 624 3589 822 3667; x_wconf 89' lang='lat' dir='ltr'><strong>constitutio,</strong></span> <span class='ocrx_word' id='word_1_226' title='bbox 845 3593 958 3656; x_wconf 88' lang='lat' dir='ltr'><strong>contra</strong></span> <span class='ocrx_word' id='word_1_227' title='bbox 974 3587 1157 3654; x_wconf 87' lang='lat' dir='ltr'><strong>istiusmodi</strong></span> <span class='ocrx_word' id='word_1_228' title='bbox 1176 3586 1345 3654; x_wconf 87' lang='lat' dir='ltr'><strong>deordina-</strong></span> 
     </span>
     <span class='ocr_line' id='line_1_30' title="bbox 234 3701 1345 3787; baseline -0.007 -15"><span class='ocrx_word' id='word_1_229' title='bbox 234 3705 358 3774; x_wconf 88' lang='lat' dir='ltr'><strong>tionem</strong></span> <span class='ocrx_word' id='word_1_230' title='bbox 383 3702 543 3769; x_wconf 84' lang='lat' dir='ltr'><strong>decrevit.</strong></span> <span class='ocrx_word' id='word_1_231' title='bbox 574 3704 680 3780; x_wconf 83' lang='lat' dir='ltr'><strong>Tunc,</strong></span> <span class='ocrx_word' id='word_1_232' title='bbox 706 3703 733 3767; x_wconf 94' lang='lat' dir='ltr'><strong>si</strong></span> <span class='ocrx_word' id='word_1_233' title='bbox 754 3703 879 3770; x_wconf 79' lang='lat' dir='ltr'><strong>notaria</strong></span> <span class='ocrx_word' id='word_1_234' title='bbox 902 3703 944 3768; x_wconf 85' lang='lat' dir='ltr'><strong>sit</strong></span> <span class='ocrx_word' id='word_1_235' title='bbox 968 3701 1126 3787; x_wconf 79' lang='lat' dir='ltr'><strong>praedicta</strong></span> <span class='ocrx_word' id='word_1_236' title='bbox 1154 3703 1229 3768; x_wconf 80' lang='lat' dir='ltr'><strong>Titii</strong></span> <span class='ocrx_word' id='word_1_237' title='bbox 1252 3719 1345 3786; x_wconf 81' lang='lat' dir='ltr'><strong>prava</strong></span> 
     </span>
     <span class='ocr_line' id='line_1_31' title="bbox 235 3813 1345 3902; baseline -0.01 -15"><span class='ocrx_word' id='word_1_238' title='bbox 235 3816 454 3894; x_wconf 80' lang='lat' dir='ltr'><strong>consuetudo,</strong></span> <span class='ocrx_word' id='word_1_239' title='bbox 473 3833 580 3902; x_wconf 84' lang='lat' dir='ltr'><strong>neque</strong></span> <span class='ocrx_word' id='word_1_240' title='bbox 599 3817 687 3882; x_wconf 89' lang='lat' dir='ltr'><strong>illam</strong></span> <span class='ocrx_word' id='word_1_241' title='bbox 704 3816 773 3901; x_wconf 90' lang='lat' dir='ltr'><strong>ipse</strong></span> <span class='ocrx_word' id='word_1_242' title='bbox 787 3827 903 3902; x_wconf 86' lang='lat' dir='ltr'><strong>neget,</strong></span> <span class='ocrx_word' id='word_1_243' title='bbox 928 3816 1124 3902; x_wconf 88' lang='lat' dir='ltr'><strong>appellando</strong></span> <span class='ocrx_word' id='word_1_244' title='bbox 1141 3837 1160 3882; x_wconf 89' lang='lat' dir='ltr'><strong>a</strong></span> <span class='ocrx_word' id='word_1_245' title='bbox 1175 3833 1275 3901; x_wconf 85' lang='lat' dir='ltr'><strong>poene</strong></span> <span class='ocrx_word' id='word_1_246' title='bbox 1292 3813 1345 3880; x_wconf 89' lang='lat' dir='ltr'><strong>sibi</strong></span> 
     </span>
     <span class='ocr_line' id='line_1_32' title="bbox 234 3933 1346 4017; baseline -0.005 -17"><span class='ocrx_word' id='word_1_247' title='bbox 234 3933 373 4012; x_wconf 86' lang='lat' dir='ltr'><strong>inflicta,</strong></span> <span class='ocrx_word' id='word_1_248' title='bbox 392 3937 506 3996; x_wconf 85' lang='lat' dir='ltr'><strong>contra</strong></span> <span class='ocrx_word' id='word_1_249' title='bbox 522 3939 619 4014; x_wconf 80' lang='lat' dir='ltr'><strong>ipsam</strong></span> <span class='ocrx_word' id='word_1_250' title='bbox 635 3935 829 4014; x_wconf 73' lang='lat' dir='ltr'><strong>disciplinam</strong></span> <span class='ocrx_word' id='word_1_251' title='bbox 847 3937 1074 3998; x_wconf 80' lang='lat' dir='ltr'><strong>ecclesiasticam</strong></span> <span class='ocrx_word' id='word_1_252' title='bbox 1092 3934 1262 4017; x_wconf 86' lang='lat' dir='ltr'><strong>appellare</strong></span> <span class='ocrx_word' id='word_1_253' title='bbox 1278 3947 1346 3997; x_wconf 86' lang='lat' dir='ltr'><strong>esn-</strong></span> 
     </span>
     <span class='ocr_line' id='line_1_33' title="bbox 235 4031 1411 4131; baseline -0.008 -15"><span class='ocrx_word' id='word_1_254' title='bbox 235 4055 336 4116; x_wconf 83' lang='lat' dir='ltr'><strong>selur.</strong></span> <span class='ocrx_word' id='word_1_255' title='bbox 354 4049 396 4112; x_wconf 82' lang='lat' dir='ltr'><strong>lit</strong></span> <span class='ocrx_word' id='word_1_256' title='bbox 408 4045 461 4114; x_wconf 87' lang='lat' dir='ltr'><strong>hic</strong></span> <span class='ocrx_word' id='word_1_257' title='bbox 476 4044 607 4113; x_wconf 88' lang='lat' dir='ltr'><strong>videtur</strong></span> <span class='ocrx_word' id='word_1_258' title='bbox 623 4065 693 4113; x_wconf 85' lang='lat' dir='ltr'><strong>esse</strong></span> <span class='ocrx_word' id='word_1_259' title='bbox 706 4067 799 4114; x_wconf 86' lang='lat' dir='ltr'><strong>casus</strong></span> <span class='ocrx_word' id='word_1_260' title='bbox 815 4048 847 4114; x_wconf 92' lang='lat' dir='ltr'><strong>in</strong></span> <span class='ocrx_word' id='word_1_261' title='bbox 865 4050 964 4115; x_wconf 87' lang='lat' dir='ltr'><strong>citato</strong></span> <span class='ocrx_word' id='word_1_262' title='bbox 976 4049 1086 4131; x_wconf 89' lang='lat' dir='ltr'><strong>capite</strong></span> <span class='ocrx_word' id='word_1_263' title='bbox 1102 4045 1343 4130; x_wconf 68' lang='lat' dir='ltr'><strong>deprehensibili</strong></span> <span class='ocrx_word' id='word_1_264' title='bbox 1410 4031 1411 4042; x_wconf 52' lang='lat'><em>²</em></span> 
     </span>
     <span class='ocr_line' id='line_1_34' title="bbox 234 4158 1411 4248; baseline -0.008 -18"><span class='ocrx_word' id='word_1_265' title='bbox 234 4163 401 4247; x_wconf 71' lang='lat' dir='ltr'><strong>provisus.</strong></span> <span class='ocrx_word' id='word_1_266' title='bbox 422 4161 565 4228; x_wconf 89' lang='lat' dir='ltr'><strong>Dicimus</strong></span> <span class='ocrx_word' id='word_1_267' title='bbox 584 4169 695 4228; x_wconf 85' lang='lat' dir='ltr'><strong>autam</strong></span> <span class='ocrx_word' id='word_1_268' title='bbox 713 4163 747 4226; x_wconf 92' lang='lat' dir='ltr'><strong>in</strong></span> <span class='ocrx_word' id='word_1_269' title='bbox 766 4163 827 4228; x_wconf 85' lang='lat' dir='ltr'><strong>hoc</strong></span> <span class='ocrx_word' id='word_1_270' title='bbox 845 4181 922 4228; x_wconf 91' lang='lat' dir='ltr'><strong>casu</strong></span> <span class='ocrx_word' id='word_1_271' title='bbox 942 4163 1206 4248; x_wconf 86' lang='lat' dir='ltr'><strong>appellationem,</strong></span> <span class='ocrx_word' id='word_1_272' title='bbox 1224 4158 1344 4244; x_wconf 74' lang='lat' dir='ltr'><strong>regula·</strong></span> <span class='ocrx_word' id='word_1_273' title='bbox 1410 4213 1411 4220; x_wconf 74' lang='grc'>,</span> 
     </span>
     <span class='ocr_line' id='line_1_35' title="bbox 234 4273 1345 4362; baseline -0.005 -18"><span class='ocrx_word' id='word_1_274' title='bbox 234 4279 316 4345; x_wconf 84' lang='lat' dir='ltr'><strong>riter</strong></span> <span class='ocrx_word' id='word_1_275' title='bbox 330 4273 505 4362; x_wconf 83' lang='lat' dir='ltr'><strong>loquendo,</strong></span> <span class='ocrx_word' id='word_1_276' title='bbox 519 4294 590 4342; x_wconf 86' lang='lat' dir='ltr'><strong>csse</strong></span> <span class='ocrx_word' id='word_1_277' title='bbox 604 4275 755 4343; x_wconf 76' lang='lat' dir='ltr'><strong>frivolam</strong></span> <span class='ocrx_word' id='word_1_278' title='bbox 767 4286 802 4344; x_wconf 83' lang='lat' dir='ltr'><strong>et</strong></span> <span class='ocrx_word' id='word_1_279' title='bbox 816 4297 882 4344; x_wconf 93' lang='lat' dir='ltr'><strong>non</strong></span> <span class='ocrx_word' id='word_1_280' title='bbox 895 4276 1144 4345; x_wconf 85' lang='lat' dir='ltr'><strong>admittendam.</strong></span> <span class='ocrx_word' id='word_1_281' title='bbox 1158 4275 1345 4360; x_wconf 78' lang='lat' dir='ltr'><strong>Appalumr</strong></span> 
     </span>
     <span class='ocr_line' id='line_1_36' title="bbox 233 4390 1342 4476; baseline -0.007 -17"><span class='ocrx_word' id='word_1_282' title='bbox 233 4394 320 4472; x_wconf 80' lang='lat' dir='ltr'><strong>enim</strong></span> <span class='ocrx_word' id='word_1_283' title='bbox 336 4391 505 4460; x_wconf 82' lang='lat' dir='ltr'><strong>dumtaxat</strong></span> <span class='ocrx_word' id='word_1_284' title='bbox 519 4391 565 4460; x_wconf 85' lang='lat' dir='ltr'><strong>ab</strong></span> <span class='ocrx_word' id='word_1_285' title='bbox 578 4391 700 4476; x_wconf 81' lang='lat' dir='ltr'><strong>injusto</strong></span> <span class='ocrx_word' id='word_1_286' title='bbox 716 4396 903 4476; x_wconf 56' lang='lat' dir='ltr'><strong>manamine</strong></span> <span class='ocrx_word' id='word_1_287' title='bbox 918 4416 925 4460; x_wconf 93' lang='lat'><strong>:</strong></span> <span class='ocrx_word' id='word_1_288' title='bbox 942 4394 997 4460; x_wconf 84' lang='lat' dir='ltr'><strong>lex</strong></span> <span class='ocrx_word' id='word_1_289' title='bbox 1014 4401 1136 4470; x_wconf 75' lang='lat' dir='ltr'><strong>antem,</strong></span> <span class='ocrx_word' id='word_1_290' title='bbox 1154 4390 1342 4476; x_wconf 76' lang='lat' dir='ltr'><strong>regularltm</strong></span> 
     </span>
    </p>
   </div>
   <div class='ocr_carea' id='block_1_5' title="bbox 0 0 1422 5118">
    <p class='ocr_par' dir='ltr' id='par_1_7' title="bbox 0 0 1422 5118">
     <span class='ocr_line' id='line_1_37' title="bbox 0 0 1422 5118; baseline 0 1"><span class='ocrx_word' id='word_1_291' title='bbox 0 0 1422 5118; x_wconf 95' lang='lat' dir='ltr'><strong> </strong></span> 
     </span>
    </p>
   </div>
  </div>
 </body>
</html>
