2878 5114
506 309 584 356 PARS
605 309 763 360 sicusim.

592 589 660 664 51.

178 811 288 860 formula
302 810 523 860 commissionalimn
538 810 668 860 litterarum
682 823 725 872 pra
739 809 892 860 examinando
905 810 993 860 absenti
1010 819 1076 860 teste.

117 1056 134 1094 «
149 1036 206 1110 Ν.,
224 1036 388 1114 Episcopus
407 1036 462 1108 Ν.,
482 1034 591 1096 diiecto
615 1037 648 1095 in
671 1033 792 1096 Christo
807 1034 874 1110 filio
890 1038 944 1112 Ν.,
962 1034 1115 1115 parochiae
1139 1039 1181 1102 N.

66 1153 205 1213 diaecesis
214 1157 324 1212 nostroe
337 1154 457 1223 rectori,
474 1151 600 1212 satutem
616 1156 645 1212 et
654 1151 895 1212 benedictionem.
911 1187 956 1200 -
971 1153 1185 1214 Cnmneccssa·

69 1273 149 1330 rinm
165 1268 253 1328 nodis
268 1271 310 1330 sit
323 1271 560 1346 enamirmrepro
574 1269 815 1347 quadammodo,
832 1287 898 1348 pure
908 1287 1008 1330 coram
1020 1270 1112 1332 Nobis
1121 1287 1198 1330 oen.

69 1390 159 1462 titur,
178 1386 331 1448 dominnm
348 1386 378 1447 N
380 1430 403 1460 .,
416 1385 573 1464 dionisque
587 1385 624 1446 de
637 1388 735 1446 causis
749 1388 884 1452 animam
897 1391 1032 1450 nostram
1040 1391 1185 1451 moventi-

68 1502 132 1576 bus,
142 1501 315 1581 judicemus
332 1519 392 1562 non
413 1519 474 1562 esse
490 1505 687 1580 opportunum
709 1504 812 1562 vacari
833 1501 874 1562 cd
898 1505 1033 1562 nostram
1050 1502 1185 1566 tribunat

64 1593 247 1698 prodactam
256 1618 408 1679 dominum
421 1619 460 1680 N.
472 1636 482 1676 .·
497 1617 609 1680 idcirco
621 1616 727 1678 iterum
740 1620 815 1678 serie
838 1618 894 1690 tibi
911 1622 1123 1682 committimus
1138 1625 1187 1682 a't-

65 1754 124 1815 que
144 1738 342 1815 injnnpimus‚
368 1740 403 1795 ut
427 1733 562 1795 adnibito
586 1737 619 1794 in
640 1737 810 1794 cetrarium
840 1736 960 1797 domino
983 1738 1023 1799 N.
1028 1783 1038 1814 ,
1067 1741 1185 1798 notario

61 1852 189 1932 publico
200 1848 264 1934 (vel
277 1869 362 1930 quem
373 1869 433 1930 pro
446 1849 503 1911 ime
518 1867 609 1912 causa
621 1854 654 1911 in
669 1853 822 1912 notorium
831 1852 985 1931 peritiorem
1000 1856 1188 1933 viporepree-

65 1971 200 2030 sentium
225 1985 369 2043 creamus,
393 1972 422 2026 et
443 1969 528 2046 cnjus
541 1983 622 2026 more
643 1967 731 2027 solito
764 1969 969 2046 prestandum
984 1971 1189 2048 juramentum

66 2079 228 2166 suscipies),
239 2084 405 2164 prefatum
426 2084 579 2144 dominnm
599 2085 640 2144 Ν.
658 2084 749 2144 adeas
765 2081 830 2168 (vei
849 2102 950 2146 coram
966 2090 994 2146 te
1011 2104 1117 2146 vocare
1139 2087 1189 2165 fc-

66 2191 159 2285 cias)'.
180 2206 210 2262 ct
224 2202 354 2279 juridice
367 2218 467 2262 coram
484 2199 563 2260 dicto
579 2202 698 2260 notorio
712 2203 865 2261 examines
887 2219 976 2280 snper
988 2201 1128 2264 articulis
1137 2203 1190 2264 de·

65 2319 248 2381 scribendis.
266 2320 463 2396 Pracipimns
481 2321 592 2392 antem,
610 2314 663 2375 snb
676 2315 801 2393 formali
819 2322 969 2396 praeopto
983 2323 1012 2378 et
1025 2321 1058 2378 in
1076 2322 1190 2379 uirtute

63 2438 207 2515 Spiritus
221 2435 337 2506 Sancti,
350 2433 470 2494 domino
483 2433 539 2507 Ν.,
557 2436 591 2492 m
607 2435 635 2492 te
646 2435 790 2510 tanquam
803 2437 938 2492 nostrum
950 2436 1188 2494 commissarium

63 2552 241 2630 deiepatnm
258 2551 300 2612 ad
312 2548 521 2628 exceptantem
535 2548 716 2628 pradictum
732 2565 858 2610 examen
870 2555 1028 2627 opnoscat,
1050 2554 1079 2610 et
1094 2553 1128 2610 in
1140 2567 1189 2612 or·

63 2670 141 2730 dine
156 2667 199 2728 ad
209 2664 263 2726 iac
278 2667 311 2726 in
327 2663 463 2726 omniom
475 2677 587 2724 morem
605 2663 661 2724 tibi
675 2668 761 2742 perat:
777 2669 865 2742 atque
882 2663 1012 2726 ooedtat.
1028 2666 1125 2725 Porro
1137 2683 1190 2726 ar-

65 2783 160 2846 ticntt
173 2786 244 2842 sant
255 2781 465 2859 infrascripti:
478 2779 509 2840 1⁰
520 2775 566 2861 (et
577 2775 622 2840 ibi
632 2784 797 2858 ponantur
814 2777 1096 2860 interrogationes
1110 2797 1190 2864 ques

62 2899 138 2980 ipse
152 2892 451 2979 judexordinasius
467 2891 593 2956 faceret
608 2893 635 2955 si
648 2909 789 2974 praesens
810 2890 896 2957 foret
919 2891 1036 2978 testis).
1052 2898 1189 2958 Examen

62 3020 172 3076 autem
186 3016 221 3074 ut
228 3013 389 3091 prefertur
398 3011 574 3090 completum
585 3015 614 3070 et
626 3009 795 3088 sipiiioiam
804 3010 845 3070 od
857 3012 1044 3074 Nosmittere
1055 3012 1184 3076 curabis.
1223 3081 1227 3084 .

64 3135 228 3194 Datum...
247 3161 292 3174 -
309 3130 365 3204 Ν.,
386 3128 550 3207 Episcopus
559 3128 599 3190 N.
617 3159 653 3172 -
668 3127 724 3201 Ν.,
743 3129 909 3190 actuarius.
927 3149 945 3186 a

591 3380 606 3451 ἓ
631 3375 673 3439 11.

267 3600 350 3648 sarias
362 3594 490 3660 exequendi
504 3594 690 3644 commissionem
704 3609 746 3658 pro
760 3597 912 3648 examinando
926 3607 993 3650 teste.

117 3842 135 3880 a
153 3820 194 3881 In
214 3819 332 3878 nomine
349 3816 482 3879 Domini.
493 3813 597 3874 Amen.
610 3813 740 3875 -Cum
755 3813 892 3874 dominus
912 3815 943 3876 N
945 3860 967 3890 .,
977 3815 1129 3894 paraclete
1142 3820 1173 3882 N
1175 3867 1183 3882 .

63 3942 184 4012 rector,
203 3935 358 4014 recepisset
375 3931 521 4010 quasdam
539 3929 659 3990 litteras
674 3928 712 3989 ab
726 3929 933 3990 illustrissimo
950 3948 986 3992 ac
1002 3935 1187 3998 reverendis-

62 4059 149 4116 simo
165 4050 254 4132 nujus
270 4049 423 4110 diaeceseos
436 4048 591 4126 Episcopo,
605 4051 669 4124 qud
684 4047 889 4124 incipiunt...,
900 4049 929 4106 et
944 4046 1141 4122 desinunt...,
1157 4055 1187 4110 et

61 4185 203 4252 qemrum
216 4172 299 4228 tenor
315 4170 359 4226 est
374 4164 457 4241 tatis,
473 4161 613 4222 uidelicet
629 4157 674 4243 (et
687 4157 734 4222 ibi
748 4157 937 4224 inseruntur
952 4159 1187 4228 commissione-

61 4263 121 4353 les
136 4278 267 4364 litters)
282 4302 290 4346 ε
314 4283 426 4344 ideirco
438 4279 588 4360 praefatus
605 4277 743 4360 dominus
757 4277 788 4338 N
790 4321 812 4351 .‚
831 4277 932 4338 ooiens
946 4295 980 4338 ea
995 4295 1053 4358 qua
1063 4297 1125 4358 par
1138 4255 1187 4346 'est

56 4388 314 4486 promptitudine
333 4399 505 4478 praemissas
525 4394 643 4456 litteras
666 4395 788 4472 eccequi,
814 4410 918 4453 uocare
933 4394 1006 4473 fecit
1025 4411 1077 4484 me·
1090 4397 1189 4476 infra.

219 4512 252 4568 11.
1049 4505 1084 4562 m
