2914 5122
249 363 309 428 lon
578 380 765 430 maculans
787 381 832 430 nu
853 381 1001 430 runicus.
1047 351 1052 361 ’

251 536 262 560 «
281 504 440 574 delictum
465 499 536 572 esse
559 507 785 588 commissum,
809 515 843 574 et
857 507 990 595 quidem
1006 510 1090 576 atali
1102 509 1362 598 delinquente...

251 653 263 678 «
282 623 392 690 Debet
407 629 518 690 minan
531 621 634 710 judex
648 625 842 711 inquirendo
859 627 904 692 ita
915 645 950 692 se
965 643 1094 712 gerere,
1111 632 1150 694 ui
1168 628 1260 712 prius
1282 647 1364 698 oon·

251 772 263 794 «
281 747 346 808 stet
361 739 517 808 delictum
532 759 604 808 esse
615 743 830 839 commissum,
850 761 947 827 quam
959 743 1032 829 quia
1046 743 1232 830 deliquerit.
1277 773 1291 800 ι

784 999 826 1060 Il.

299 1196 432 1260 Quomodo
448 1197 570 1248 citandos
583 1198 616 1247 ait
628 1210 696 1254 rens,
712 1203 735 1248 et
754 1199 776 1248 ci
788 1200 981 1252 tradendon'ni
999 1201 1116 1263 capitulo
1130 1213 1189 1249 oum
1201 1201 1306 1250 icarium
1365 1261 1368 1270 Ι

660 1293 782 1354 nomino,
797 1296 929 1344 remissive.

291 1503 367 1569 Haee
382 1503 566 1590 singillatim
580 1503 795 1588 expendimus
812 1503 908 1586 infra,
927 1507 1027 1574 telam
1046 1505 1218 1573 criminalis
1231 1523 1368 1592 proces·

214 1703 222 1716 .
248 1639 302 1687 sus
317 1618 522 1704 exponendo.

773 1837 831 1901 ΠΙ.

249 2044 351 2096 omnen
368 2043 460 2108 aliquo
478 2040 813 2106 nominenominee,
828 2042 851 2092 si
863 2053 923 2092 roos
937 2053 1052 2106 mesonc
1063 2054 1119 2092 non
1135 2041 1273 2102 raciones,
1291 2042 1334 2094 ool
1347 2043 1371 2092 ut

441 2137 541 2188 crimen
551 2135 694 2201 injudicio
707 2138 740 2188 n'e
752 2135 896 2200 consonos,
910 2135 1006 2188 nonme
1017 2149 1160 2200 protessus.

293 2349 408 2434 Quoad
433 2367 542 2416 casum
564 2349 624 2415 liei
641 2347 800 2416 delictum
818 2347 1018 2427 confitentis,
1039 2365 1192 2431 expresse
1213 2343 1370 2416 declare-

249 2468 296 2534 vit
310 2465 495 2534 Boniiacius
503 2467 580 2532 VIII
595 2465 678 2552 (cap.
698 2470 726 2545 1,
741 2469 793 2532 tit.
813 2468 842 2545 l,
854 2466 877 2530 l.
895 2468 925 2543 5,
940 2465 973 2529 in
986 2462 1019 2552 6)
1033 2465 1144 2531 valere
1158 2484 1367 2552 processum,
1455 2453 1456 2490 ³

249 2584 396 2672 quamds
416 2582 532 2650 omissa
550 2582 650 2649 fuerit
663 2582 828 2692 inquisitio
852 2581 894 2648 de
914 2579 1159 2665 praevisione,
1181 2587 1215 2648 et
1229 2579 1371 2650 traditio
1454 2667 1455 2684 ἶ

248 2701 475 2786 capitulorum.
498 2697 595 2782 Quod
613 2705 724 2766 autem
746 2698 893 2765 decrevit
916 2699 1071 2765 Pontifex
1096 2697 1204 2784 quoad
1224 2696 1371 2766 duarum

235 2819 377 2886 illerum
398 2817 630 2884 formalitatum
650 2817 865 2898 omissionem,
889 2816 932 2883 ad
953 2816 1083 2882 omissas
1104 2822 1238 2883 oaetems
1254 2835 1372 2884 omnes

251 2935 433 3001 extendunt
445 2935 662 3000 communiter
677 2935 860 3012 canonista,
878 2941 917 2998 nt
928 2932 1043 3000 videre
1058 2939 1109 3000 est
1124 2933 1213 3017 apud
1225 2933 1372 3002 Reiffen-
1453 2935 1454 2938 ’

250 3052 337 3118 stuel
353 3051 398 3138 (in
414 3051 466 3115 tit.
492 3055 521 3130 i,
536 3050 594 3118 ltb.
614 3054 633 3115 5
650 3050 756 3129 deor,
771 3069 804 3115 n.
821 3048 912 3136 214).

295 3167 388 3236 Idem
407 3165 581 3232 dicendum
598 3165 641 3231 de
656 3185 732 3232 casu
747 3168 917 3252 presentis
933 3172 967 3232 et
985 3186 1049 3233 non
1065 3165 1276 3233 reclamantis
1294 3169 1369 3236 Rei.
1452 3143 1453 3150 ἵ

251 3282 433 3349 Bonifacius
456 3283 541 3365 enirn
567 3283 725 3364 OctavuS,
753 3284 863 3350 valere
889 3290 969 3350 tunc
990 3301 1177 3368 processum
1196 3282 1369 3363 decernit,

250 3403 385 3481 infamior
398 3405 590 3482 inquisitione
604 3405 713 3464 omisso
729 3401 812 3488 (cap.
831 3403 851 3464 2
872 3400 962 3464 citati
975 3395 1087 3484 tituli);
1111 3405 1145 3464 et
1160 3398 1202 3465 de
1219 3399 1293 3464 aliis
1305 3400 1371 3466 ior·
1451 3381 1452 3407 ἶ

250 3515 432 3582 malitatum
446 3514 675 3600 requisiturum
693 3515 916 3582 omissionibus
929 3535 994 3581 non
1008 3515 1170 3601 loquitur3
1190 3514 1249 3581 sed
1268 3518 1372 3584 etiarn
1450 3601 1451 3623 ,

250 3630 293 3699 ad
304 3634 381 3698 istas
394 3632 594 3698 decretalem
609 3631 852 3698 extendendam
862 3639 979 3698 tenent
993 3631 1156 3698 doctores.
1172 3633 1250 3715 Quae
1264 3631 1373 3699 inter·

250 3750 404 3836 prelatio,
427 3769 502 3816 cum
520 3751 646 3816 ratione
661 3747 822 3815 fundetur
838 3756 872 3816 et
886 3749 1084 3833 generaliter
1098 3745 1285 3829 invaluerit,
1309 3769 1372 3838 pro
1449 3797 1450 3839 ,

252 3867 364 3952 regula
380 3866 530 3935 habenda
546 3873 607 3934 est.

776 4065 831 4131 lv.

400 4269 443 4322 An
453 4272 482 4320 in
494 4267 601 4332 speciali
611 4269 781 4334 tnchsitiona
794 4271 964 4321 denuntiator
978 4269 1059 4333 possit
1070 4279 1121 4318 caan
1132 4268 1213 4318 icitia.

292 4481 389 4566 Quod
402 4481 497 4549 testis
511 4497 581 4548 esse
595 4479 695 4566 possit
714 4479 782 4566 ille,
811 4481 867 4568 qui
886 4481 976 4566 prius
992 4497 1088 4548 reum
1111 4477 1372 4548 denuntiaverat

1438 4957 1444 5088 l
