<?xml version="1.0" encoding="UTF-8"?>
<!DOCTYPE html PUBLIC "-//W3C//DTD XHTML 1.0 Transitional//EN"
    "http://www.w3.org/TR/xhtml1/DTD/xhtml1-transitional.dtd">
<html xmlns="http://www.w3.org/1999/xhtml" xml:lang="en" lang="en">
 <head>
  <title>
</title>
<meta http-equiv="Content-Type" content="text/html;charset=utf-8" />
  <meta name='ocr-system' content='tesseract 3.04.00' />
  <meta name='ocr-capabilities' content='ocr_page ocr_carea ocr_par ocr_line ocrx_word'/>
</head>
<body>
  <div class='ocr_page' id='page_1' title='image "./tractatusdejudi01bouigoog_0043.png"; bbox 0 0 2948 5126; ppageno 0'>
   <div class='ocr_carea' id='block_1_1' title="bbox 255 337 1021 400">
    <p class='ocr_par' dir='ltr' id='par_1_1' title="bbox 255 337 1021 400">
     <span class='ocr_line' id='line_1_1' title="bbox 255 337 1021 400; baseline -0.007 0"><span class='ocrx_word' id='word_1_1' title='bbox 255 337 298 400; x_wconf 71' lang='lat'><strong>32</strong></span> <span class='ocrx_word' id='word_1_2' title='bbox 597 349 785 399; x_wconf 74' lang='lat' dir='ltr'><strong>ammanus</strong></span> <span class='ocrx_word' id='word_1_3' title='bbox 806 349 851 398; x_wconf 87' lang='lat' dir='ltr'><strong>na</strong></span> <span class='ocrx_word' id='word_1_4' title='bbox 872 347 1021 398; x_wconf 80' lang='lat' dir='ltr'><strong>auurous.</strong></span> 
     </span>
    </p>
   </div>
   <div class='ocr_carea' id='block_1_2' title="bbox 199 467 1418 4388">
    <p class='ocr_par' dir='ltr' id='par_1_2' title="bbox 256 467 1418 682">
     <span class='ocr_line' id='line_1_2' title="bbox 256 467 1418 558; baseline -0.004 -16"><span class='ocrx_word' id='word_1_5' title='bbox 256 481 420 545; x_wconf 78' lang='lat' dir='ltr'>«centem</span> <span class='ocrx_word' id='word_1_6' title='bbox 440 492 518 542; x_wconf 85' lang='lat' dir='ltr'><strong>rere</strong></span> <span class='ocrx_word' id='word_1_7' title='bbox 544 472 704 540; x_wconf 79' lang='lat' dir='ltr'><strong>malitiose</strong></span> <span class='ocrx_word' id='word_1_8' title='bbox 730 479 930 550; x_wconf 87' lang='lat' dir='ltr'><strong>accusasset,</strong></span> <span class='ocrx_word' id='word_1_9' title='bbox 960 469 1100 540; x_wconf 80' lang='lat' dir='ltr'>deberet</span> <span class='ocrx_word' id='word_1_10' title='bbox 1125 467 1231 536; x_wconf 88' lang='lat' dir='ltr'><strong>adhoc</strong></span> <span class='ocrx_word' id='word_1_11' title='bbox 1257 471 1366 556; x_wconf 88' lang='lat' dir='ltr'><strong>puniri</strong></span> <span class='ocrx_word' id='word_1_12' title='bbox 1416 553 1418 558; x_wconf 64' lang='lat'><strong>,</strong></span> 
     </span>
     <span class='ocr_line' id='line_1_3' title="bbox 256 586 1196 682; baseline -0.005 -29"><span class='ocrx_word' id='word_1_13' title='bbox 256 590 535 680; x_wconf 75' lang='lat' dir='ltr'><strong>opoenataliouis,</strong></span> <span class='ocrx_word' id='word_1_14' title='bbox 553 590 664 682; x_wconf 78' lang='lat' dir='ltr'><strong>vigore</strong></span> <span class='ocrx_word' id='word_1_15' title='bbox 681 587 917 654; x_wconf 78' lang='lat' dir='ltr'><strong>constitutionis</strong></span> <span class='ocrx_word' id='word_1_16' title='bbox 930 586 1037 652; x_wconf 81' lang='lat' dir='ltr'><strong>Sancti</strong></span> <span class='ocrx_word' id='word_1_17' title='bbox 1051 586 1101 652; x_wconf 90' lang='lat' dir='ltr'><strong>Pii</strong></span> <span class='ocrx_word' id='word_1_18' title='bbox 1120 586 1160 650; x_wconf 87' lang='lat' dir='ltr'><strong>V.</strong></span> <span class='ocrx_word' id='word_1_19' title='bbox 1179 609 1196 648; x_wconf 86' lang='lat'>»</span> 
     </span>
    </p>

    <p class='ocr_par' dir='ltr' id='par_1_3' title="bbox 238 699 1366 2520">
     <span class='ocr_line' id='line_1_4' title="bbox 297 699 1365 788; baseline -0.007 -16"><span class='ocrx_word' id='word_1_20' title='bbox 297 707 391 772; x_wconf 77' lang='lat' dir='ltr'><strong>liniis</strong></span> <span class='ocrx_word' id='word_1_21' title='bbox 404 712 513 772; x_wconf 86' lang='lat' dir='ltr'><strong>autem</strong></span> <span class='ocrx_word' id='word_1_22' title='bbox 527 705 733 773; x_wconf 80' lang='lat' dir='ltr'><strong>citationibus</strong></span> <span class='ocrx_word' id='word_1_23' title='bbox 746 712 850 788; x_wconf 85' lang='lat' dir='ltr'><strong>patet,</strong></span> <span class='ocrx_word' id='word_1_24' title='bbox 864 702 980 768; x_wconf 91' lang='lat' dir='ltr'><strong>horum</strong></span> <span class='ocrx_word' id='word_1_25' title='bbox 995 709 1165 768; x_wconf 89' lang='lat' dir='ltr'><strong>auctorum</strong></span> <span class='ocrx_word' id='word_1_26' title='bbox 1189 701 1256 788; x_wconf 89' lang='lat' dir='ltr'><strong>(qui</strong></span> <span class='ocrx_word' id='word_1_27' title='bbox 1281 699 1365 767; x_wconf 90' lang='lat' dir='ltr'><strong>adeo</strong></span> 
     </span>
     <span class='ocr_line' id='line_1_5' title="bbox 253 816 1365 908; baseline -0.004 -19"><span class='ocrx_word' id='word_1_28' title='bbox 253 824 378 908; x_wconf 78' lang='lat' dir='ltr'><strong>antiqui</strong></span> <span class='ocrx_word' id='word_1_29' title='bbox 391 843 456 888; x_wconf 95' lang='lat' dir='ltr'><strong>nou</strong></span> <span class='ocrx_word' id='word_1_30' title='bbox 475 819 561 906; x_wconf 89' lang='lat' dir='ltr'><strong>sunt)</strong></span> <span class='ocrx_word' id='word_1_31' title='bbox 579 829 739 906; x_wconf 91' lang='lat' dir='ltr'><strong>tempore,</strong></span> <span class='ocrx_word' id='word_1_32' title='bbox 760 817 906 886; x_wconf 90' lang='lat' dir='ltr'><strong>nondum</strong></span> <span class='ocrx_word' id='word_1_33' title='bbox 919 820 953 883; x_wconf 93' lang='lat' dir='ltr'><strong>iu</strong></span> <span class='ocrx_word' id='word_1_34' title='bbox 974 816 1223 885; x_wconf 87' lang='lat' dir='ltr'><strong>desuetudinem</strong></span> <span class='ocrx_word' id='word_1_35' title='bbox 1249 816 1365 884; x_wconf 88' lang='lat' dir='ltr'><strong>abiisse</strong></span> 
     </span>
     <span class='ocr_line' id='line_1_6' title="bbox 252 933 1366 1024; baseline -0.003 -20"><span class='ocrx_word' id='word_1_36' title='bbox 252 940 381 1007; x_wconf 90' lang='lat' dir='ltr'><strong>talionis</strong></span> <span class='ocrx_word' id='word_1_37' title='bbox 403 957 543 1024; x_wconf 87' lang='lat' dir='ltr'><strong>poeuam.</strong></span> <span class='ocrx_word' id='word_1_38' title='bbox 564 939 624 1004; x_wconf 85' lang='lat' dir='ltr'><strong>illa</strong></span> <span class='ocrx_word' id='word_1_39' title='bbox 642 957 722 1024; x_wconf 85' lang='lat' dir='ltr'><strong>ergo</strong></span> <span class='ocrx_word' id='word_1_40' title='bbox 748 935 931 1004; x_wconf 86' lang='lat' dir='ltr'><strong>desuetudo</strong></span> <span class='ocrx_word' id='word_1_41' title='bbox 956 933 998 1001; x_wconf 87' lang='lat' dir='ltr'><strong>ad</strong></span> <span class='ocrx_word' id='word_1_42' title='bbox 1022 937 1205 1002; x_wconf 87' lang='lat' dir='ltr'><strong>recentiora</strong></span> <span class='ocrx_word' id='word_1_43' title='bbox 1234 935 1366 1001; x_wconf 91' lang='lat' dir='ltr'><strong>omniuo</strong></span> 
     </span>
     <span class='ocr_line' id='line_1_7' title="bbox 251 1051 1363 1138; baseline -0.005 -17"><span class='ocrx_word' id='word_1_44' title='bbox 251 1063 400 1138; x_wconf 88' lang='lat' dir='ltr'><strong>tempora</strong></span> <span class='ocrx_word' id='word_1_45' title='bbox 414 1053 589 1121; x_wconf 85' lang='lat' dir='ltr'><strong>referenda</strong></span> <span class='ocrx_word' id='word_1_46' title='bbox 602 1062 698 1120; x_wconf 86' lang='lat' dir='ltr'><strong>essct.</strong></span> <span class='ocrx_word' id='word_1_47' title='bbox 714 1052 778 1118; x_wconf 88' lang='lat' dir='ltr'><strong>Sed</strong></span> <span class='ocrx_word' id='word_1_48' title='bbox 792 1052 853 1120; x_wconf 93' lang='lat' dir='ltr'><strong>hoc</strong></span> <span class='ocrx_word' id='word_1_49' title='bbox 862 1051 1073 1138; x_wconf 83' lang='lat' dir='ltr'><strong>ipsodifficile</strong></span> <span class='ocrx_word' id='word_1_50' title='bbox 1089 1051 1221 1136; x_wconf 88' lang='lat' dir='ltr'><strong>probari</strong></span> <span class='ocrx_word' id='word_1_51' title='bbox 1236 1058 1363 1136; x_wconf 89' lang='lat' dir='ltr'><strong>potcst;</strong></span> 
     </span>
     <span class='ocr_line' id='line_1_8' title="bbox 253 1167 1365 1254; baseline -0.002 -18"><span class='ocrx_word' id='word_1_52' title='bbox 253 1170 424 1236; x_wconf 87' lang='lat' dir='ltr'><strong>cumcuim</strong></span> <span class='ocrx_word' id='word_1_53' title='bbox 441 1169 676 1236; x_wconf 90' lang='lat' dir='ltr'><strong>recentioribus</strong></span> <span class='ocrx_word' id='word_1_54' title='bbox 690 1168 896 1254; x_wconf 84' lang='lat' dir='ltr'><strong>temporibus</strong></span> <span class='ocrx_word' id='word_1_55' title='bbox 918 1167 989 1234; x_wconf 86' lang='lat' dir='ltr'><strong>sere</strong></span> <span class='ocrx_word' id='word_1_56' title='bbox 1009 1186 1175 1254; x_wconf 89' lang='lat' dir='ltr'><strong>uunquam</strong></span> <span class='ocrx_word' id='word_1_57' title='bbox 1190 1168 1365 1234; x_wconf 82' lang='lat' dir='ltr'><strong>accusatio</strong></span> 
     </span>
     <span class='ocr_line' id='line_1_9' title="bbox 252 1281 1366 1368; baseline -0.002 -18"><span class='ocrx_word' id='word_1_58' title='bbox 252 1285 301 1350; x_wconf 89' lang='lat' dir='ltr'><strong>nis</strong></span> <span class='ocrx_word' id='word_1_59' title='bbox 320 1285 371 1351; x_wconf 83' lang='lat' dir='ltr'><strong>via</strong></span> <span class='ocrx_word' id='word_1_60' title='bbox 387 1285 488 1351; x_wconf 85' lang='lat' dir='ltr'><strong>fucrit</strong></span> <span class='ocrx_word' id='word_1_61' title='bbox 509 1283 663 1362; x_wconf 87' lang='lat' dir='ltr'><strong>adhibita,</strong></span> <span class='ocrx_word' id='word_1_62' title='bbox 687 1301 753 1349; x_wconf 92' lang='lat' dir='ltr'><strong>non</strong></span> <span class='ocrx_word' id='word_1_63' title='bbox 771 1282 927 1368; x_wconf 85' lang='lat' dir='ltr'><strong>rejectam</strong></span> <span class='ocrx_word' id='word_1_64' title='bbox 939 1282 1048 1354; x_wconf 71' lang='lat' dir='ltr'><strong>,iuuse</strong></span> <span class='ocrx_word' id='word_1_65' title='bbox 1078 1281 1121 1348; x_wconf 90' lang='lat' dir='ltr'><strong>de</strong></span> <span class='ocrx_word' id='word_1_66' title='bbox 1147 1281 1266 1348; x_wconf 81' lang='lat' dir='ltr'><strong>talione</strong></span> <span class='ocrx_word' id='word_1_67' title='bbox 1282 1281 1366 1368; x_wconf 83' lang='lat' dir='ltr'><strong>juris</strong></span> 
     </span>
     <span class='ocr_line' id='line_1_10' title="bbox 251 1397 1365 1488; baseline -0.005 -20"><span class='ocrx_word' id='word_1_68' title='bbox 251 1400 430 1468; x_wconf 88' lang='lat' dir='ltr'><strong>communis</strong></span> <span class='ocrx_word' id='word_1_69' title='bbox 450 1398 703 1488; x_wconf 68' lang='lat' dir='ltr'><strong>dispositionem,</strong></span> <span class='ocrx_word' id='word_1_70' title='bbox 723 1397 783 1464; x_wconf 90' lang='lat' dir='ltr'><strong>sed</strong></span> <span class='ocrx_word' id='word_1_71' title='bbox 799 1398 948 1484; x_wconf 87' lang='lat' dir='ltr'><strong>ejusdem</strong></span> <span class='ocrx_word' id='word_1_72' title='bbox 961 1399 1069 1482; x_wconf 91' lang='lat' dir='ltr'><strong>potius</strong></span> <span class='ocrx_word' id='word_1_73' title='bbox 1087 1397 1285 1481; x_wconf 85' lang='lat' dir='ltr'><strong>applicandae</strong></span> <span class='ocrx_word' id='word_1_74' title='bbox 1309 1416 1365 1462; x_wconf 92' lang='lat' dir='ltr'><strong>oc·</strong></span> 
     </span>
     <span class='ocr_line' id='line_1_11' title="bbox 252 1514 1365 1600; baseline -0.008 -14"><span class='ocrx_word' id='word_1_75' title='bbox 252 1518 412 1586; x_wconf 78' lang='lat' dir='ltr'><strong>castorem</strong></span> <span class='ocrx_word' id='word_1_76' title='bbox 426 1515 568 1582; x_wconf 83' lang='lat' dir='ltr'><strong>defuisse</strong></span> <span class='ocrx_word' id='word_1_77' title='bbox 583 1515 759 1582; x_wconf 87' lang='lat' dir='ltr'><strong>dicendum</strong></span> <span class='ocrx_word' id='word_1_78' title='bbox 775 1523 836 1581; x_wconf 90' lang='lat' dir='ltr'><strong>est.</strong></span> <span class='ocrx_word' id='word_1_79' title='bbox 854 1517 940 1600; x_wconf 83' lang='lat' dir='ltr'><strong>Ergo</strong></span> <span class='ocrx_word' id='word_1_80' title='bbox 951 1514 1154 1582; x_wconf 90' lang='lat' dir='ltr'><strong>etiamhodie</strong></span> <span class='ocrx_word' id='word_1_81' title='bbox 1167 1515 1279 1598; x_wconf 80' lang='lat' dir='ltr'><strong>vigens</strong></span> <span class='ocrx_word' id='word_1_82' title='bbox 1291 1532 1365 1578; x_wconf 90' lang='lat' dir='ltr'><strong>cen-</strong></span> 
     </span>
     <span class='ocr_line' id='line_1_12' title="bbox 251 1630 1365 1717; baseline -0.004 -18"><span class='ocrx_word' id='word_1_83' title='bbox 251 1634 316 1699; x_wconf 89' lang='lat' dir='ltr'><strong>seri</strong></span> <span class='ocrx_word' id='word_1_84' title='bbox 329 1640 439 1717; x_wconf 89' lang='lat' dir='ltr'><strong>potest</strong></span> <span class='ocrx_word' id='word_1_85' title='bbox 452 1631 541 1698; x_wconf 89' lang='lat' dir='ltr'><strong>bulla</strong></span> <span class='ocrx_word' id='word_1_86' title='bbox 556 1632 660 1698; x_wconf 86' lang='lat' dir='ltr'><strong>sancti</strong></span> <span class='ocrx_word' id='word_1_87' title='bbox 677 1632 727 1698; x_wconf 91' lang='lat' dir='ltr'><strong>Pii</strong></span> <span class='ocrx_word' id='word_1_88' title='bbox 746 1633 785 1710; x_wconf 84' lang='lat' dir='ltr'><strong>V,</strong></span> <span class='ocrx_word' id='word_1_89' title='bbox 803 1640 838 1698; x_wconf 87' lang='lat' dir='ltr'><strong>et</strong></span> <span class='ocrx_word' id='word_1_90' title='bbox 851 1651 947 1716; x_wconf 86' lang='lat' dir='ltr'><strong>poena</strong></span> <span class='ocrx_word' id='word_1_91' title='bbox 964 1631 1092 1697; x_wconf 87' lang='lat' dir='ltr'><strong>talionis</strong></span> <span class='ocrx_word' id='word_1_92' title='bbox 1107 1631 1139 1694; x_wconf 94' lang='lat' dir='ltr'><strong>in</strong></span> <span class='ocrx_word' id='word_1_93' title='bbox 1156 1648 1195 1695; x_wconf 90' lang='lat' dir='ltr'><strong>ea</strong></span> <span class='ocrx_word' id='word_1_94' title='bbox 1207 1630 1365 1696; x_wconf 88' lang='lat' dir='ltr'><strong>constitn-</strong></span> 
     </span>
     <span class='ocr_line' id='line_1_13' title="bbox 249 1749 484 1818; baseline -0.017 0"><span class='ocrx_word' id='word_1_95' title='bbox 249 1751 339 1818; x_wconf 89' lang='lat' dir='ltr'><strong>tioue</strong></span> <span class='ocrx_word' id='word_1_96' title='bbox 354 1749 484 1816; x_wconf 58' lang='lat' dir='ltr'><strong>sancita,</strong></span> 
     </span>
     <span class='ocr_line' id='line_1_14' title="bbox 238 1861 1365 1950; baseline -0.005 -16"><span class='ocrx_word' id='word_1_97' title='bbox 238 1883 240 1886; x_wconf 88' lang='grc'><strong><em>·</em></strong></span> <span class='ocrx_word' id='word_1_98' title='bbox 292 1869 438 1946; x_wconf 79' lang='lat' dir='ltr'><strong>Secundo,</strong></span> <span class='ocrx_word' id='word_1_99' title='bbox 457 1863 545 1930; x_wconf 89' lang='lat' dir='ltr'><strong>idem</strong></span> <span class='ocrx_word' id='word_1_100' title='bbox 564 1863 702 1934; x_wconf 88' lang='lat' dir='ltr'><strong>suadere</strong></span> <span class='ocrx_word' id='word_1_101' title='bbox 722 1861 855 1930; x_wconf 85' lang='lat' dir='ltr'><strong>videtur</strong></span> <span class='ocrx_word' id='word_1_102' title='bbox 869 1861 994 1930; x_wconf 89' lang='lat' dir='ltr'><strong>modus</strong></span> <span class='ocrx_word' id='word_1_103' title='bbox 1012 1862 1168 1950; x_wconf 82' lang='lat' dir='ltr'><strong>loquendi</strong></span> <span class='ocrx_word' id='word_1_104' title='bbox 1183 1864 1365 1928; x_wconf 86' lang='lat' dir='ltr'><strong>canonista-</strong></span> 
     </span>
     <span class='ocr_line' id='line_1_15' title="bbox 249 1977 1363 2064; baseline -0.002 -18"><span class='ocrx_word' id='word_1_105' title='bbox 249 2001 334 2049; x_wconf 87' lang='lat' dir='ltr'><strong>rum.</strong></span> <span class='ocrx_word' id='word_1_106' title='bbox 353 1983 433 2048; x_wconf 85' lang='lat' dir='ltr'><strong>Nam</strong></span> <span class='ocrx_word' id='word_1_107' title='bbox 450 1981 655 2058; x_wconf 84' lang='lat' dir='ltr'><strong>vetustiores,</strong></span> <span class='ocrx_word' id='word_1_108' title='bbox 670 1979 914 2064; x_wconf 80' lang='lat' dir='ltr'><strong>subscriptionis</strong></span> <span class='ocrx_word' id='word_1_109' title='bbox 928 1980 962 2044; x_wconf 92' lang='lat' dir='ltr'><strong>in</strong></span> <span class='ocrx_word' id='word_1_110' title='bbox 983 1979 1110 2046; x_wconf 84' lang='lat' dir='ltr'><strong>talionis</strong></span> <span class='ocrx_word' id='word_1_111' title='bbox 1124 1997 1264 2062; x_wconf 86' lang='lat' dir='ltr'><strong>pmnam,</strong></span> <span class='ocrx_word' id='word_1_112' title='bbox 1283 1977 1363 2044; x_wconf 90' lang='lat' dir='ltr'><strong>dum</strong></span> 
     </span>
     <span class='ocr_line' id='line_1_16' title="bbox 248 2094 1364 2181; baseline -0.002 -19"><span class='ocrx_word' id='word_1_113' title='bbox 248 2098 447 2166; x_wconf 86' lang='lat' dir='ltr'><strong>accusatorie</strong></span> <span class='ocrx_word' id='word_1_114' title='bbox 475 2095 678 2181; x_wconf 85' lang='lat' dir='ltr'><strong>proceditur,</strong></span> <span class='ocrx_word' id='word_1_115' title='bbox 711 2097 938 2162; x_wconf 89' lang='lat' dir='ltr'><strong>necessitatem</strong></span> <span class='ocrx_word' id='word_1_116' title='bbox 967 2097 1096 2163; x_wconf 92' lang='lat' dir='ltr'><strong>omnino</strong></span> <span class='ocrx_word' id='word_1_117' title='bbox 1125 2094 1301 2179; x_wconf 83' lang='lat' dir='ltr'><strong>affirmant3</strong></span> <span class='ocrx_word' id='word_1_118' title='bbox 1325 2104 1364 2160; x_wconf 93' lang='lat' dir='ltr'><strong>ut</strong></span> 
     </span>
     <span class='ocr_line' id='line_1_17' title="bbox 248 2212 1364 2300; baseline -0.003 -18"><span class='ocrx_word' id='word_1_119' title='bbox 248 2213 362 2282; x_wconf 85' lang='lat' dir='ltr'><strong>videre</strong></span> <span class='ocrx_word' id='word_1_120' title='bbox 375 2223 426 2282; x_wconf 90' lang='lat' dir='ltr'><strong>est</strong></span> <span class='ocrx_word' id='word_1_121' title='bbox 440 2212 529 2298; x_wconf 89' lang='lat' dir='ltr'><strong>apud</strong></span> <span class='ocrx_word' id='word_1_122' title='bbox 546 2212 705 2300; x_wconf 76' lang='lat' dir='ltr'><strong>Abbatem</strong></span> <span class='ocrx_word' id='word_1_123' title='bbox 723 2215 993 2297; x_wconf 85' lang='lat' dir='ltr'><strong>panormitanum,</strong></span> <span class='ocrx_word' id='word_1_124' title='bbox 1013 2215 1217 2280; x_wconf 86' lang='lat' dir='ltr'><strong>Hostiensem</strong></span> <span class='ocrx_word' id='word_1_125' title='bbox 1231 2218 1265 2278; x_wconf 91' lang='lat' dir='ltr'><strong>et</strong></span> <span class='ocrx_word' id='word_1_126' title='bbox 1283 2212 1364 2280; x_wconf 90' lang='lat' dir='ltr'><strong>alios</strong></span> 
     </span>
     <span class='ocr_line' id='line_1_18' title="bbox 248 2309 1364 2416; baseline 0 -20"><span class='ocrx_word' id='word_1_127' title='bbox 248 2329 345 2416; x_wconf 90' lang='lat' dir='ltr'><strong>hujus</strong></span> <span class='ocrx_word' id='word_1_128' title='bbox 355 2331 426 2409; x_wconf 78' lang='lat' dir='ltr'><strong>aevi,</strong></span> <span class='ocrx_word' id='word_1_129' title='bbox 442 2330 475 2396; x_wconf 94' lang='lat' dir='ltr'><strong>iu</strong></span> <span class='ocrx_word' id='word_1_130' title='bbox 487 2348 598 2396; x_wconf 88' lang='lat' dir='ltr'><strong>eorum</strong></span> <span class='ocrx_word' id='word_1_131' title='bbox 610 2329 860 2408; x_wconf 88' lang='lat' dir='ltr'><strong>commentariis,</strong></span> <span class='ocrx_word' id='word_1_132' title='bbox 876 2330 910 2395; x_wconf 90' lang='lat' dir='ltr'><strong>iu</strong></span> <span class='ocrx_word' id='word_1_133' title='bbox 923 2331 975 2396; x_wconf 88' lang='lat' dir='ltr'><strong>tit.</strong></span> <span class='ocrx_word' id='word_1_134' title='bbox 997 2334 1008 2394; x_wconf 93' lang='lat' dir='ltr'>l</span> <span class='ocrx_word' id='word_1_135' title='bbox 1029 2337 1064 2396; x_wconf 89' lang='lat' dir='ltr'><strong>et</strong></span> <span class='ocrx_word' id='word_1_136' title='bbox 1076 2332 1107 2408; x_wconf 79' lang='lat'><strong>2,</strong></span> <span class='ocrx_word' id='word_1_137' title='bbox 1123 2329 1200 2396; x_wconf 88' lang='lat' dir='ltr'><strong>libri</strong></span> <span class='ocrx_word' id='word_1_138' title='bbox 1214 2309 1233 2394; x_wconf 81' lang='lat'>5</span> <span class='ocrx_word' id='word_1_139' title='bbox 1247 2327 1364 2396; x_wconf 88' lang='lat' dir='ltr'><strong>decre-</strong></span> 
     </span>
     <span class='ocr_line' id='line_1_19' title="bbox 248 2445 373 2520; baseline -0.024 -7"><span class='ocrx_word' id='word_1_140' title='bbox 248 2445 373 2520; x_wconf 54' lang='lat' dir='ltr'><strong>,talium</strong></span> 
     </span>
    </p>

    <p class='ocr_par' dir='ltr' id='par_1_4' title="bbox 199 2557 1364 4388">
     <span class='ocr_line' id='line_1_20' title="bbox 292 2557 1364 2644; baseline -0.002 -18"><span class='ocrx_word' id='word_1_141' title='bbox 292 2558 500 2626; x_wconf 72' lang='lat' dir='ltr'><strong>decentiores</strong></span> <span class='ocrx_word' id='word_1_142' title='bbox 512 2576 593 2624; x_wconf 86' lang='lat' dir='ltr'><strong>vero</strong></span> <span class='ocrx_word' id='word_1_143' title='bbox 605 2558 652 2624; x_wconf 85' lang='lat' dir='ltr'><strong>iia</strong></span> <span class='ocrx_word' id='word_1_144' title='bbox 667 2557 851 2627; x_wconf 76' lang='lat' dir='ltr'><strong>hesitantes</strong></span> <span class='ocrx_word' id='word_1_145' title='bbox 865 2559 1044 2644; x_wconf 89' lang='lat' dir='ltr'><strong>loquuntur</strong></span> <span class='ocrx_word' id='word_1_146' title='bbox 1054 2564 1092 2625; x_wconf 92' lang='lat' dir='ltr'><strong>ut</strong></span> <span class='ocrx_word' id='word_1_147' title='bbox 1101 2578 1142 2626; x_wconf 81' lang='lat' dir='ltr'><strong>ex</strong></span> <span class='ocrx_word' id='word_1_148' title='bbox 1156 2577 1272 2625; x_wconf 90' lang='lat' dir='ltr'><strong>eorum</strong></span> <span class='ocrx_word' id='word_1_149' title='bbox 1288 2577 1364 2626; x_wconf 87' lang='lat' dir='ltr'><strong>sen-</strong></span> 
     </span>
     <span class='ocr_line' id='line_1_21' title="bbox 247 2661 1364 2772; baseline -0.002 -30"><span class='ocrx_word' id='word_1_150' title='bbox 247 2675 351 2742; x_wconf 85' lang='lat' dir='ltr'><strong>tentio</strong></span> <span class='ocrx_word' id='word_1_151' title='bbox 363 2681 530 2760; x_wconf 87' lang='lat' dir='ltr'><strong>tamquam</strong></span> <span class='ocrx_word' id='word_1_152' title='bbox 540 2683 667 2772; x_wconf 87' lang='lat' dir='ltr'><strong>certum</strong></span> <span class='ocrx_word' id='word_1_153' title='bbox 684 2676 786 2742; x_wconf 86' lang='lat' dir='ltr'><strong>asseri</strong></span> <span class='ocrx_word' id='word_1_154' title='bbox 799 2661 940 2761; x_wconf 72' lang='lat' dir='ltr'><strong>nequem</strong></span> <span class='ocrx_word' id='word_1_155' title='bbox 951 2675 1147 2743; x_wconf 88' lang='lat' dir='ltr'><strong>obsolevisse</strong></span> <span class='ocrx_word' id='word_1_156' title='bbox 1169 2675 1292 2742; x_wconf 86' lang='lat' dir='ltr'><strong>dictam</strong></span> <span class='ocrx_word' id='word_1_157' title='bbox 1310 2675 1364 2763; x_wconf 91' lang='lat' dir='ltr'><strong>ju-</strong></span> 
     </span>
     <span class='ocr_line' id='line_1_22' title="bbox 244 2789 1364 2886; baseline -0.003 -25"><span class='ocrx_word' id='word_1_158' title='bbox 244 2789 292 2861; x_wconf 72' lang='lat' dir='ltr'><strong>n&#39;s</strong></span> <span class='ocrx_word' id='word_1_159' title='bbox 314 2791 458 2859; x_wconf 87' lang='lat' dir='ltr'><strong>cononici</strong></span> <span class='ocrx_word' id='word_1_160' title='bbox 478 2790 733 2886; x_wconf 86' lang='lat' dir='ltr'><strong>dispositionem.</strong></span> <span class='ocrx_word' id='word_1_161' title='bbox 756 2790 900 2872; x_wconf 73' lang='lat' dir='ltr'><strong>«Hodie,</strong></span> <span class='ocrx_word' id='word_1_162' title='bbox 920 2792 965 2858; x_wconf 87' lang='lat' dir='ltr'><strong>ait</strong></span> <span class='ocrx_word' id='word_1_163' title='bbox 986 2791 1147 2876; x_wconf 84' lang='lat' dir='ltr'><strong>Pirrhing,</strong></span> <span class='ocrx_word' id='word_1_164' title='bbox 1166 2791 1228 2859; x_wconf 89' lang='lat' dir='ltr'><strong>ista</strong></span> <span class='ocrx_word' id='word_1_165' title='bbox 1245 2791 1364 2858; x_wconf 92' lang='lat' dir='ltr'><strong>solem-</strong></span> 
     </span>
     <span class='ocr_line' id='line_1_23' title="bbox 249 2905 1360 2992; baseline 0.004 -25"><span class='ocrx_word' id='word_1_166' title='bbox 249 2905 363 2970; x_wconf 81' lang='lat' dir='ltr'><strong>onitas</strong></span> <span class='ocrx_word' id='word_1_167' title='bbox 370 2906 601 2989; x_wconf 86' lang='lat' dir='ltr'><strong>inscriptionis,</strong></span> <span class='ocrx_word' id='word_1_168' title='bbox 609 2906 890 2990; x_wconf 84' lang='lat' dir='ltr'><strong>etpoenatalionis,</strong></span> <span class='ocrx_word' id='word_1_169' title='bbox 901 2906 1016 2973; x_wconf 83' lang='lat' dir='ltr'><strong>inforo</strong></span> <span class='ocrx_word' id='word_1_170' title='bbox 1025 2915 1061 2974; x_wconf 91' lang='lat' dir='ltr'><strong>et</strong></span> <span class='ocrx_word' id='word_1_171' title='bbox 1068 2905 1194 2992; x_wconf 85' lang='lat' dir='ltr'><strong>judicio</strong></span> <span class='ocrx_word' id='word_1_172' title='bbox 1203 2907 1360 2986; x_wconf 81' lang='lat' dir='ltr'><strong>soeculari,</strong></span> 
     </span>
     <span class='ocr_line' id='line_1_24' title="bbox 248 3021 1363 3107; baseline 0.004 -23"><span class='ocrx_word' id='word_1_173' title='bbox 248 3042 269 3084; x_wconf 76' lang='lat' dir='ltr'><strong>o</strong></span> <span class='ocrx_word' id='word_1_174' title='bbox 280 3040 345 3096; x_wconf 86' lang='lat' dir='ltr'><strong>nan</strong></span> <span class='ocrx_word' id='word_1_175' title='bbox 361 3021 563 3105; x_wconf 85' lang='lat' dir='ltr'><strong>estamplius</strong></span> <span class='ocrx_word' id='word_1_176' title='bbox 577 3023 611 3088; x_wconf 93' lang='lat' dir='ltr'><strong>in</strong></span> <span class='ocrx_word' id='word_1_177' title='bbox 626 3041 699 3100; x_wconf 91' lang='lat' dir='ltr'><strong>usu,</strong></span> <span class='ocrx_word' id='word_1_178' title='bbox 720 3021 780 3088; x_wconf 91' lang='lat' dir='ltr'><strong>sed</strong></span> <span class='ocrx_word' id='word_1_179' title='bbox 798 3041 859 3107; x_wconf 90' lang='lat' dir='ltr'><strong>per</strong></span> <span class='ocrx_word' id='word_1_180' title='bbox 877 3025 1072 3091; x_wconf 84' lang='lat' dir='ltr'><strong>contrariam</strong></span> <span class='ocrx_word' id='word_1_181' title='bbox 1091 3021 1363 3092; x_wconf 89' lang='lat' dir='ltr'><strong>consuetudinem</strong></span> 
     </span>
     <span class='ocr_line' id='line_1_25' title="bbox 251 3136 1364 3223; baseline 0.005 -23"><span class='ocrx_word' id='word_1_182' title='bbox 251 3136 405 3204; x_wconf 83' lang='lat' dir='ltr'><strong>osboiita</strong></span> <span class='ocrx_word' id='word_1_183' title='bbox 424 3159 431 3204; x_wconf 93' lang='lat'>:</span> <span class='ocrx_word' id='word_1_184' title='bbox 448 3145 520 3207; x_wconf 86' lang='lat' dir='ltr'><strong>tum</strong></span> <span class='ocrx_word' id='word_1_185' title='bbox 539 3138 615 3223; x_wconf 87' lang='lat' dir='ltr'><strong>quio</strong></span> <span class='ocrx_word' id='word_1_186' title='bbox 636 3156 697 3222; x_wconf 88' lang='lat' dir='ltr'><strong>per</strong></span> <span class='ocrx_word' id='word_1_187' title='bbox 715 3157 786 3204; x_wconf 89' lang='lat' dir='ltr'><strong>eam</strong></span> <span class='ocrx_word' id='word_1_188' title='bbox 810 3140 1022 3206; x_wconf 89' lang='lat' dir='ltr'><strong>retrahuntur</strong></span> <span class='ocrx_word' id='word_1_189' title='bbox 1045 3140 1190 3209; x_wconf 88' lang='lat' dir='ltr'><strong>homines</strong></span> <span class='ocrx_word' id='word_1_190' title='bbox 1207 3139 1249 3208; x_wconf 87' lang='lat' dir='ltr'><strong>ab</strong></span> <span class='ocrx_word' id='word_1_191' title='bbox 1264 3159 1364 3206; x_wconf 86' lang='lat' dir='ltr'><strong>accu-</strong></span> 
     </span>
     <span class='ocr_line' id='line_1_26' title="bbox 251 3251 1363 3340; baseline 0.005 -24"><span class='ocrx_word' id='word_1_192' title='bbox 251 3271 268 3316; x_wconf 77' lang='grc' dir='ltr'>α</span> <span class='ocrx_word' id='word_1_193' title='bbox 284 3251 400 3329; x_wconf 83' lang='lat' dir='ltr'><strong>sendo,¹</strong></span> <span class='ocrx_word' id='word_1_194' title='bbox 414 3253 613 3334; x_wconf 45' lang='lat' dir='ltr'><strong>nolenteein,</strong></span> <span class='ocrx_word' id='word_1_195' title='bbox 624 3271 659 3318; x_wconf 91' lang='lat' dir='ltr'><strong>se</strong></span> <span class='ocrx_word' id='word_1_196' title='bbox 675 3254 824 3337; x_wconf 89' lang='lat' dir='ltr'><strong>recipere</strong></span> <span class='ocrx_word' id='word_1_197' title='bbox 847 3274 927 3320; x_wconf 91' lang='lat' dir='ltr'><strong>onus</strong></span> <span class='ocrx_word' id='word_1_198' title='bbox 941 3255 1113 3340; x_wconf 89' lang='lat' dir='ltr'><strong>probandi,</strong></span> <span class='ocrx_word' id='word_1_199' title='bbox 1132 3275 1206 3322; x_wconf 91' lang='lat' dir='ltr'><strong>cum</strong></span> <span class='ocrx_word' id='word_1_200' title='bbox 1233 3256 1363 3322; x_wconf 87' lang='lat' dir='ltr'><strong>talionis</strong></span> 
     </span>
     <span class='ocr_line' id='line_1_27' title="bbox 251 3369 1360 3458; baseline 0.005 -26"><span class='ocrx_word' id='word_1_201' title='bbox 251 3369 447 3453; x_wconf 80' lang='lat' dir='ltr'><strong>opericui03</strong></span> <span class='ocrx_word' id='word_1_202' title='bbox 463 3377 533 3436; x_wconf 91' lang='lat' dir='ltr'><strong>tum</strong></span> <span class='ocrx_word' id='word_1_203' title='bbox 544 3369 714 3454; x_wconf 85' lang='lat' dir='ltr'><strong>qoionnnc</strong></span> <span class='ocrx_word' id='word_1_204' title='bbox 723 3369 827 3458; x_wconf 83' lang='lat' dir='ltr'><strong>jadex</strong></span> <span class='ocrx_word' id='word_1_205' title='bbox 837 3392 878 3438; x_wconf 84' lang='lat' dir='ltr'><strong>ex</strong></span> <span class='ocrx_word' id='word_1_206' title='bbox 889 3371 993 3440; x_wconf 88' lang='lat' dir='ltr'><strong>officio</strong></span> <span class='ocrx_word' id='word_1_207' title='bbox 1002 3372 1181 3458; x_wconf 88' lang='lat' dir='ltr'><strong>procedere</strong></span> <span class='ocrx_word' id='word_1_208' title='bbox 1196 3380 1319 3457; x_wconf 87' lang='lat' dir='ltr'><strong>potest,</strong></span> <span class='ocrx_word' id='word_1_209' title='bbox 1332 3376 1360 3440; x_wconf 89' lang='lat' dir='ltr'><strong>si</strong></span> 
     </span>
     <span class='ocr_line' id='line_1_28' title="bbox 251 3483 1358 3574; baseline 0.005 -26"><span class='ocrx_word' id='word_1_210' title='bbox 251 3492 371 3552; x_wconf 81' lang='lat' dir='ltr'><strong>auctor</strong></span> <span class='ocrx_word' id='word_1_211' title='bbox 385 3483 555 3552; x_wconf 79' lang='lat' dir='ltr'><strong>defecerit.</strong></span> <span class='ocrx_word' id='word_1_212' title='bbox 572 3487 611 3558; x_wconf 89' lang='lat' dir='ltr'><strong>In</strong></span> <span class='ocrx_word' id='word_1_213' title='bbox 625 3486 699 3552; x_wconf 86' lang='lat' dir='ltr'><strong>foro</strong></span> <span class='ocrx_word' id='word_1_214' title='bbox 709 3495 819 3554; x_wconf 90' lang='lat' dir='ltr'><strong>autem</strong></span> <span class='ocrx_word' id='word_1_215' title='bbox 831 3488 1051 3555; x_wconf 87' lang='lat' dir='ltr'><strong>ecclesiastico</strong></span> <span class='ocrx_word' id='word_1_216' title='bbox 1061 3495 1095 3554; x_wconf 89' lang='lat' dir='ltr'><strong>et</strong></span> <span class='ocrx_word' id='word_1_217' title='bbox 1100 3487 1176 3574; x_wconf 89' lang='lat' dir='ltr'><strong>jure</strong></span> <span class='ocrx_word' id='word_1_218' title='bbox 1191 3489 1358 3568; x_wconf 90' lang='lat' dir='ltr'><strong>canonico,</strong></span> 
     </span>
     <span class='ocr_line' id='line_1_29' title="bbox 250 3599 1363 3690; baseline 0.004 -24"><span class='ocrx_word' id='word_1_219' title='bbox 250 3623 267 3666; x_wconf 85' lang='lat' dir='ltr'><strong>c</strong></span> <span class='ocrx_word' id='word_1_220' title='bbox 283 3599 391 3666; x_wconf 88' lang='lat' dir='ltr'><strong>adhuc</strong></span> <span class='ocrx_word' id='word_1_221' title='bbox 404 3603 582 3668; x_wconf 90' lang='lat' dir='ltr'><strong>neccssaria</strong></span> <span class='ocrx_word' id='word_1_222' title='bbox 595 3611 646 3670; x_wconf 89' lang='lat' dir='ltr'><strong>est</strong></span> <span class='ocrx_word' id='word_1_223' title='bbox 653 3601 839 3689; x_wconf 85' lang='lat' dir='ltr'><strong>hujusmodi</strong></span> <span class='ocrx_word' id='word_1_224' title='bbox 852 3604 1031 3690; x_wconf 86' lang='lat' dir='ltr'><strong>inscriptio,</strong></span> <span class='ocrx_word' id='word_1_225' title='bbox 1051 3612 1151 3690; x_wconf 90' lang='lat' dir='ltr'><strong>prout</strong></span> <span class='ocrx_word' id='word_1_226' title='bbox 1165 3604 1306 3670; x_wconf 90' lang='lat' dir='ltr'><strong>sumitur</strong></span> <span class='ocrx_word' id='word_1_227' title='bbox 1320 3624 1363 3670; x_wconf 82' lang='lat' dir='ltr'><strong>cx</strong></span> 
     </span>
     <span class='ocr_line' id='line_1_30' title="bbox 249 3695 1363 3808; baseline 0.004 -25"><span class='ocrx_word' id='word_1_228' title='bbox 249 3717 387 3801; x_wconf 74' lang='lat' dir='ltr'><strong>«capite</strong></span> <span class='ocrx_word' id='word_1_229' title='bbox 401 3720 555 3800; x_wconf 64' lang='lat' dir='ltr'><strong>Sumite</strong></span> <span class='ocrx_word' id='word_1_230' title='bbox 568 3718 636 3806; x_wconf 85' lang='lat'><strong>(16,</strong></span> <span class='ocrx_word' id='word_1_231' title='bbox 654 3723 692 3788; x_wconf 85' lang='lat' dir='ltr'><strong>dc</strong></span> <span class='ocrx_word' id='word_1_232' title='bbox 709 3718 841 3808; x_wconf 70' lang='lat' dir='ltr'><strong>Aeros),</strong></span> <span class='ocrx_word' id='word_1_233' title='bbox 863 3729 898 3787; x_wconf 92' lang='lat' dir='ltr'><strong>et</strong></span> <span class='ocrx_word' id='word_1_234' title='bbox 915 3722 1021 3806; x_wconf 89' lang='lat' dir='ltr'><strong>capite</strong></span> <span class='ocrx_word' id='word_1_235' title='bbox 1043 3725 1221 3804; x_wconf 67' lang='lat' dir='ltr'><strong>(inmitteret</strong></span> <span class='ocrx_word' id='word_1_236' title='bbox 1241 3695 1363 3804; x_wconf 76' lang='lat' dir='ltr'><strong>quondo</strong></span> 
     </span>
     <span class='ocr_line' id='line_1_31' title="bbox 199 3831 1359 3926; baseline 0.007 -30"><span class='ocrx_word' id='word_1_237' title='bbox 199 3849 202 3854; x_wconf 87' lang='lat'>·</span> <span class='ocrx_word' id='word_1_238' title='bbox 249 3832 353 3920; x_wconf 79' lang='lat' dir='ltr'><strong>«(ii,</strong></span> <span class='ocrx_word' id='word_1_239' title='bbox 378 3831 525 3917; x_wconf 82' lang='lat' dir='ltr'><strong>ejusdem</strong></span> <span class='ocrx_word' id='word_1_240' title='bbox 541 3832 654 3920; x_wconf 79' lang='lat' dir='ltr'><strong>tituli).</strong></span> <span class='ocrx_word' id='word_1_241' title='bbox 681 3837 897 3922; x_wconf 80' lang='lat' dir='ltr'><strong>Excipiuutur</strong></span> <span class='ocrx_word' id='word_1_242' title='bbox 921 3845 1032 3904; x_wconf 90' lang='lat' dir='ltr'><strong>tamen</strong></span> <span class='ocrx_word' id='word_1_243' title='bbox 1053 3835 1186 3926; x_wconf 86' lang='lat' dir='ltr'><strong>quidam</strong></span> <span class='ocrx_word' id='word_1_244' title='bbox 1207 3857 1359 3918; x_wconf 86' lang='lat' dir='ltr'><strong>casus...,</strong></span> 
     </span>
     <span class='ocr_line' id='line_1_32' title="bbox 250 3949 1363 4041; baseline 0.009 -31"><span class='ocrx_word' id='word_1_245' title='bbox 250 3956 318 4015; x_wconf 79' lang='lat' dir='ltr'><strong>cut</strong></span> <span class='ocrx_word' id='word_1_246' title='bbox 331 3949 358 4014; x_wconf 92' lang='lat' dir='ltr'><strong>si</strong></span> <span class='ocrx_word' id='word_1_247' title='bbox 371 3950 494 4016; x_wconf 88' lang='lat' dir='ltr'><strong>crimen</strong></span> <span class='ocrx_word' id='word_1_248' title='bbox 508 3950 583 4018; x_wconf 85' lang='lat' dir='ltr'><strong>leve</strong></span> <span class='ocrx_word' id='word_1_249' title='bbox 597 3951 651 4029; x_wconf 88' lang='lat' dir='ltr'><strong>sit,</strong></span> <span class='ocrx_word' id='word_1_250' title='bbox 672 3957 708 4017; x_wconf 92' lang='lat' dir='ltr'><strong>et</strong></span> <span class='ocrx_word' id='word_1_251' title='bbox 721 3952 834 4037; x_wconf 91' lang='lat' dir='ltr'><strong>plnres</strong></span> <span class='ocrx_word' id='word_1_252' title='bbox 850 3953 914 4033; x_wconf 89' lang='lat' dir='ltr'><strong>alii,</strong></span> <span class='ocrx_word' id='word_1_253' title='bbox 936 3970 1017 4040; x_wconf 86' lang='lat' dir='ltr'><strong>quos</strong></span> <span class='ocrx_word' id='word_1_254' title='bbox 1035 3960 1186 4020; x_wconf 84' lang='lat' dir='ltr'><strong>recenset</strong></span> <span class='ocrx_word' id='word_1_255' title='bbox 1196 3954 1303 4038; x_wconf 87' lang='lat' dir='ltr'><strong>glossa</strong></span> <span class='ocrx_word' id='word_1_256' title='bbox 1317 3954 1363 4041; x_wconf 86' lang='lat' dir='ltr'><strong>(in</strong></span> 
     </span>
     <span class='ocr_line' id='line_1_33' title="bbox 249 4065 1360 4154; baseline 0.009 -27"><span class='ocrx_word' id='word_1_257' title='bbox 249 4085 266 4127; x_wconf 79' lang='lat' dir='ltr'><strong>c</strong></span> <span class='ocrx_word' id='word_1_258' title='bbox 285 4065 421 4132; x_wconf 85' lang='lat' dir='ltr'><strong>citatum</strong></span> <span class='ocrx_word' id='word_1_259' title='bbox 435 4073 533 4148; x_wconf 88' lang='lat' dir='ltr'><strong>caput</strong></span> <span class='ocrx_word' id='word_1_260' title='bbox 544 4069 642 4149; x_wconf 76' lang='lat' dir='ltr'><strong>Super</strong></span> <span class='ocrx_word' id='word_1_261' title='bbox 655 4068 714 4148; x_wconf 79' lang='lat' dir='ltr'><strong>dis,</strong></span> <span class='ocrx_word' id='word_1_262' title='bbox 724 4067 827 4136; x_wconf 85' lang='lat' dir='ltr'><strong>verbo</strong></span> <span class='ocrx_word' id='word_1_263' title='bbox 838 4073 961 4152; x_wconf 82' lang='lat' dir='ltr'><strong>Oportet</strong></span> <span class='ocrx_word' id='word_1_264' title='bbox 970 4066 1118 4154; x_wconf 79' lang='lat' dir='ltr'><strong>inscribi).</strong></span> <span class='ocrx_word' id='word_1_265' title='bbox 1134 4069 1240 4136; x_wconf 86' lang='lat' dir='ltr'><strong>Porro</strong></span> <span class='ocrx_word' id='word_1_266' title='bbox 1248 4067 1360 4148; x_wconf 92' lang='lat' dir='ltr'><strong>hodie,</strong></span> 
     </span>
     <span class='ocr_line' id='line_1_34' title="bbox 248 4180 1362 4272; baseline 0.007 -28"><span class='ocrx_word' id='word_1_267' title='bbox 248 4202 266 4244; x_wconf 77' lang='grc' dir='ltr'><strong><em>α</em></strong></span> <span class='ocrx_word' id='word_1_268' title='bbox 282 4180 356 4248; x_wconf 91' lang='lat' dir='ltr'><strong>loco</strong></span> <span class='ocrx_word' id='word_1_269' title='bbox 366 4181 586 4261; x_wconf 85' lang='lat' dir='ltr'><strong>accusationis,</strong></span> <span class='ocrx_word' id='word_1_270' title='bbox 597 4183 753 4249; x_wconf 87' lang='lat' dir='ltr'><strong>successit</strong></span> <span class='ocrx_word' id='word_1_271' title='bbox 762 4183 900 4270; x_wconf 84' lang='lat' dir='ltr'><strong>simplex</strong></span> <span class='ocrx_word' id='word_1_272' title='bbox 909 4186 1054 4272; x_wconf 85' lang='lat' dir='ltr'><strong>querelo;</strong></span> <span class='ocrx_word' id='word_1_273' title='bbox 1070 4203 1141 4270; x_wconf 83' lang='lat' dir='ltr'><strong>que</strong></span> <span class='ocrx_word' id='word_1_274' title='bbox 1157 4185 1362 4270; x_wconf 88' lang='lat' dir='ltr'><strong>potissimum</strong></span> 
     </span>
     <span class='ocr_line' id='line_1_35' title="bbox 248 4296 1362 4388; baseline 0.01 -28"><span class='ocrx_word' id='word_1_275' title='bbox 248 4318 266 4360; x_wconf 77' lang='lat' dir='ltr'><strong>c</strong></span> <span class='ocrx_word' id='word_1_276' title='bbox 283 4296 394 4366; x_wconf 79' lang='lat' dir='ltr'><strong>differt</strong></span> <span class='ocrx_word' id='word_1_277' title='bbox 407 4297 440 4364; x_wconf 89' lang='lat' dir='ltr'><strong>in</strong></span> <span class='ocrx_word' id='word_1_278' title='bbox 459 4317 498 4366; x_wconf 93' lang='lat' dir='ltr'><strong>eo</strong></span> <span class='ocrx_word' id='word_1_279' title='bbox 513 4297 557 4367; x_wconf 18' lang='lat' dir='ltr'><strong>ab*</strong></span> <span class='ocrx_word' id='word_1_280' title='bbox 571 4302 788 4380; x_wconf 86' lang='lat' dir='ltr'><strong>accusatione,</strong></span> <span class='ocrx_word' id='word_1_281' title='bbox 805 4303 881 4388; x_wconf 88' lang='lat' dir='ltr'><strong>qnia</strong></span> <span class='ocrx_word' id='word_1_282' title='bbox 893 4304 926 4370; x_wconf 93' lang='lat' dir='ltr'><strong>in</strong></span> <span class='ocrx_word' id='word_1_283' title='bbox 937 4303 997 4372; x_wconf 84' lang='lat' dir='ltr'><strong>hac</strong></span> <span class='ocrx_word' id='word_1_284' title='bbox 1012 4303 1190 4388; x_wconf 85' lang='lat' dir='ltr'><strong>porrigitur</strong></span> <span class='ocrx_word' id='word_1_285' title='bbox 1206 4304 1362 4372; x_wconf 91' lang='lat' dir='ltr'><strong>solemnis</strong></span> 
     </span>
    </p>
   </div>
   <div class='ocr_carea' id='block_1_3' title="bbox 0 0 1478 5126">
    <p class='ocr_par' dir='ltr' id='par_1_5' title="bbox 0 0 1478 5126">
     <span class='ocr_line' id='line_1_36' title="bbox 0 0 1478 5126; baseline 0 2"><span class='ocrx_word' id='word_1_286' title='bbox 0 0 1478 5126; x_wconf 95' lang='lat' dir='ltr'><strong> </strong></span> 
     </span>
    </p>
   </div>
  </div>
 </body>
</html>
