2838 5114
239 349 299 411 toi
580 367 766 414 rascrsnus
789 369 832 414 os
855 369 1030 436 runicus.¹
1115 410 1120 420 ,

240 516 258 550 a
275 501 332 557 tar
347 510 388 556 ne
403 489 540 574 amphus
556 489 628 556 lieri
648 491 770 572 possint
788 491 857 556 oliae
872 489 1091 574 probationes,
1110 511 1186 556 cum
1203 489 1340 558 atdeatur

239 631 255 668 a
274 607 495 680 renundatum
513 605 740 684 ulterioribus,
762 608 837 692 quia
860 607 937 674 alias
956 625 1059 674 causae
1077 606 1201 674 fierent
1220 608 1339 674 immor-

240 724 368 790 atales.
388 745 405 785 o

281 841 397 906 XVIII.
417 845 461 906 De
487 844 649 904 monitione
668 843 710 904 od
731 841 924 922 ailepaadnm
938 846 972 904 io
987 845 1060 924 jore
1084 849 1114 905 et
1141 829 1180 908 in
1200 845 1290 922 focio.
1304 877 1341 892 -

240 983 254 1015 a
268 957 392 1038 Quibus
402 956 552 1022 omuibus
562 956 711 1040 expletIs,
719 964 894 1022 monentur
906 976 944 1020 ac
957 957 1102 1024 citantur
1111 958 1217 1023 ambae
1229 964 1337 1041 partes,

238 1098 255 1135 a
274 1072 317 1139 ad
337 1072 513 1139 dicendum
537 1081 572 1139 et
592 1072 798 1156 allegandum
823 1049 933 1138 coram
954 1072 1066 1158 judice
1085 1081 1244 1140 oretenus
1262 1083 1294 1140 et
1312 1076 1340 1138 ln

239 1213 255 1250 a
270 1190 409 1273 scriptis,
425 1188 539 1274 injure
553 1196 587 1254 et
603 1190 636 1253 in
650 1188 834 1266 saetacum
845 1188 1012 1254 advocatis
1027 1197 1062 1254 et
1072 1190 1338 1274 procuratoribus,

239 1330 254 1366 a
270 1305 312 1370 ad
326 1304 477 1372 effectum
493 1302 689 1370 discutiendi
699 1303 908 1388 probationes
922 1303 1034 1381 factas,
1053 1312 1091 1370 ut
1104 1305 1208 1388 possit
1221 1304 1339 1372 tandem

240 1444 255 1482 «
270 1419 374 1507 judex
388 1418 430 1485 ad
446 1420 641 1485 sententiam
657 1418 861 1485 devenire.»

281 1536 364 1602 XIX.
390 1539 435 1600 De
457 1537 543 1599 modo
564 1538 688 1600 videndi
703 1555 885 1617 processum.
904 1573 948 1584 --
968 1559 983 1596 a
999 1535 1127 1602 Deinde
1148 1535 1255 1622 judex
1279 1555 1341 1621 pro·

239 1650 349 1716 «duci
363 1651 423 1715 sibi
443 1669 504 1734 per
517 1653 681 1718 notarium
701 1671 803 1716 causae
825 1651 903 1716 facit
917 1660 988 1717 acta
1005 1653 1122 1730 omnia,
1145 1652 1189 1719 ad
1203 1652 1340 1719 effectum

240 1797 252 1825 r·
271 1769 327 1834 illa
351 1766 527 1851 diligenter
550 1765 791 1850 perscrutandi,
813 1775 851 1832 ut
877 1787 919 1833 ex
944 1766 993 1834 bis
1012 1773 1135 1834 rectam
1162 1767 1340 1836 sententian

240 1883 424 1968 «proferre
442 1884 560 1949 valeat.
579 1905 595 1944 o

281 2003 349 2066 XX.
365 2007 410 2066 De
429 2005 572 2066 citatione
595 2003 637 2064 cd
654 2005 843 2065 sententiam.
870 2037 916 2050 --
941 2001 1162 2068 «successive
1186 2009 1338 2086 postquam

242 2147 255 2170 «
274 2117 380 2182 omnia
395 2117 479 2181 bene
492 2114 704 2200 perpenderit
715 2135 751 2180 ao
768 2116 905 2180 rimatus
920 2115 1032 2193 fuerit,
1051 2117 1153 2182 citare
1172 2137 1211 2182 ac
1222 2133 1338 2182 monere

241 2257 257 2294 a
271 2233 406 2300 tandem
422 2232 520 2298 faciat
538 2232 648 2298 ambas
663 2237 783 2315 partes
801 2231 844 2296 nd
859 2231 1056 2298 audiendam
1069 2235 1263 2300 sententiam
1273 2230 1339 2297 defl-

240 2374 257 2412 e
276 2351 375 2417 nitive
389 2348 632 2435 proferendam.
650 2373 667 2411 »

283 2467 366 2532 XXI.
384 2470 428 2530 De
443 2472 602 2532 sententio.
622 2503 668 2514 -
684 2491 701 2528 a
725 2468 896 2534 Postremo
914 2465 1016 2532 debet
1035 2465 1138 2551 judex
1163 2465 1338 2532 sententiar

242 2580 474 2648 «definitivam
493 2578 673 2646 secundum
691 2599 798 2648 sacros
812 2599 992 2647 canones...
1007 2579 1177 2664 prolerre;
1195 2599 1264 2666 qua
1276 2597 1339 2644 con·

242 2719 259 2758 «
273 2695 514 2762 demnationem
541 2696 595 2761 vel
618 2697 852 2764 absolutionem
877 2697 1045 2763 continere
1068 2695 1173 2763 debet
1196 2696 1253 2762 Ilei
1277 2713 1339 2760 con·

243 2835 259 2872 a
276 2814 387 2895 venti3
405 2813 482 2877 alias
496 2830 562 2876 non
578 2812 678 2878 valet.
699 2835 715 2872 »

285 2927 384 2992 XXII.
405 2931 451 2992 De
465 2933 636 2990 saeuitiae
650 2933 815 2992 sententiaa.
833 2949 909 2986 -o
929 2927 1009 2992 Post
1028 2929 1224 2992 sententiam
1244 2944 1339 2992 conse

244 3067 260 3106 ι(
278 3043 389 3127 quitur
402 3043 595 3120 necessario,
608 3047 646 3106 ut
660 3042 687 3106 si
697 3041 804 3108 valida
814 3041 928 3118 luerit,
943 3047 978 3106 et
990 3042 1032 3107 ab
1047 3062 1086 3108 ea
1100 3062 1162 3126 per
1176 3061 1266 3110 reum
1278 3060 1340 3106 con·

244 3181 260 3220 a
280 3157 468 3223 demnatum
484 3175 549 3222 non
564 3157 665 3222 fuerit
682 3157 767 3222 infra
785 3156 902 3223 decem
921 3156 992 3223 dies
1010 3159 1222 3242 appellatum,
1237 3156 1338 3224 debita

246 3274 460 3339 «executioni
479 3271 715 3356 demandetur;
733 3271 822 3356 quod
844 3271 978 3356 quidem
992 3273 1026 3336 in
1043 3273 1238 3357 quibusdam
1252 3268 1338 3337 causis

246 3413 262 3450 a
280 3387 457 3454 succedere
481 3388 574 3465 solet,
599 3406 664 3452 non
689 3386 839 3455 obstante
857 3387 1087 3470 appellatione.
1114 3413 1130 3449 »
1159 3385 1335 3476 (pellegrini.

242 3503 304 3569 sub
317 3503 446 3568 initium
457 3503 558 3586 partis
573 3499 619 3586 2.)

707 3740 841 3808 CAPUT
856 3743 898 3806 ΙΙ.

244 3977 286 4024 ss
320 3977 362 4022 ns
393 3972 555 4036 Quouono
585 3971 765 4022 succussus
795 3973 1155 4024 c1v1u1ssca1nuunnt
1184 3971 1335 4030 curantr,

289 4091 402 4153 Quoto
417 4089 565 4138 nannum
588 4087 716 4136 consus
734 4087 891 4137 msusrsu
913 4090 1118 4140 sennensium
1139 4098 1146 4140 :
1166 4093 1220 4142 um
1233 4093 1273 4140 nn
1286 4087 1338 4154 pse

290 4192 354 4253 reta
367 4191 534 4267 docilitatis,
551 4205 593 4251 nu
610 4204 655 4251 nu
667 4192 857 4252 restitutione
872 4194 905 4253 io
916 4194 1077 4272 intepretari.

288 4419 417 4502 Triplex
441 4416 623 4485 remedium
637 4438 655 4482 a
670 4416 745 4501 jure
767 4423 880 4490 datum
895 4433 943 4490 est
962 4432 1075 4490 contra
1086 4424 1229 4510 judicem
1245 4424 1334 4505 inque
