2878 5114
228 319 290 384 524
575 339 765 390 mrcasras
787 339 834 388 na
853 337 1002 388 cantans.

228 483 245 522 «
260 460 414 530 citandus
429 470 515 530 esset
539 461 656 529 absens
679 471 772 529 extra
795 463 1017 543 territorium,
1042 473 1124 532 tuna
1149 463 1325 534 Ordinarius

231 577 415 644 «domicilii
435 587 544 663 posset
561 580 653 644 illum
672 579 718 645 ibi
736 580 829 646 citari
846 579 968 658 iacere,
986 599 1060 646 cum
1076 588 1167 648 actus
1183 584 1327 648 citationis

228 716 245 757 a
260 693 400 760 verbalis
413 693 519 761 valide
530 696 630 778 possit
640 692 711 762 fieri
720 703 832 761 contra
842 694 1010 761 subditum
1023 705 1116 763 extra
1125 698 1327 774 territorium,

228 833 247 872 a
265 812 362 875 etiam
379 809 421 876 ad
437 811 590 876 effectum
610 811 948 882 excommunicandi...
968 814 1082 878 Tutius
1104 821 1155 879 est
1170 821 1275 880 tamen
1287 813 1332 900 ju·

228 949 247 988 a
261 926 366 992 dicem
378 927 537 993 territorii
551 929 761 1012 requirere...
776 927 962 995 Notandum
976 931 1086 1007 tertio,
1100 928 1190 1014 quod
1203 932 1230 995 si
1240 929 1332 1016 judex

230 1046 443 1110 «committat
468 1046 560 1111 citari
584 1064 677 1110 reum
703 1045 745 1111 ad
770 1053 949 1111 instantiam
975 1053 1158 1132 praanotaris
1182 1048 1260 1127 fisci,
1287 1049 1335 1114 vel

231 1165 448 1227 atanisatitoe
457 1163 670 1242 habitationis,
689 1170 723 1228 et
741 1163 875 1228 nuntius
893 1161 1017 1227 referat
1036 1162 1150 1227 citasse
1167 1161 1209 1227 ad
1226 1169 1335 1227 instan-

230 1301 246 1340 α
269 1283 343 1342 iiam
363 1279 560 1356 autoretatis,
584 1278 638 1344 vel
662 1278 776 1344 citasse
803 1281 884 1342 domi
907 1277 1106 1362 simpliciter,
1124 1279 1335 1344 committeret

230 1417 246 1456 a
264 1395 456 1472 nullitatem,
473 1414 514 1465 ex
533 1413 597 1479 quo
612 1394 727 1460 relatio
746 1415 810 1462 non
826 1403 911 1460 esset
927 1400 1017 1471 certa
1037 1412 1145 1480 neque
1166 1413 1255 1475 vcra,
1269 1396 1334 1480 qnia

231 1511 406 1578 «referret
428 1530 528 1598 super
545 1530 602 1590 eo,
625 1509 667 1576 de
696 1529 760 1595 quo
792 1530 855 1576 non
883 1510 997 1576 habuit
1025 1511 1332 1594 commissionem...;

231 1652 247 1690 a
267 1626 357 1715 quod
377 1628 440 1694 erit
462 1627 553 1694 bene·
568 1625 807 1694 advertendum
828 1626 872 1692 ab
895 1625 1048 1692 actuariis
1065 1625 1162 1705 dum,
1182 1626 1335 1709 recipiant

230 1745 447 1812 «nuntiorum
462 1743 648 1812 relationes.
668 1764 684 1805 a
703 1743 779 1808 Haec
794 1743 924 1830 inquam
940 1741 982 1808 de
993 1741 1174 1810 intimanda
1187 1763 1247 1829 rea
1265 1744 1334 1808 cita·

227 1861 315 1928 tone
333 1859 429 1938 dicta,
445 1858 600 1927 videatur
621 1864 655 1926 et
678 1857 823 1926 citationi
844 1857 983 1925 testibus
1000 1858 1187 1930 intimandae
1202 1877 1271 1926 esse
1285 1877 1333 1942 ap

227 1976 388 2073 pbcanda.
410 1975 506 2042 Unde
535 1975 741 2042 observanda
765 1976 798 2042 in
822 1973 982 2060 ejusmodi
1010 1975 1213 2044 intimatione
1238 1975 1332 2042 deter-

228 2094 343 2164 minari
355 2100 490 2177 possunt
505 2099 542 2160 nt
561 2093 729 2180 sequitur:

272 2212 299 2275 Ι.
329 2212 520 2276 observanda
543 2215 580 2274 in
606 2212 693 2276 imao
713 2212 877 2274 intimandi
903 2215 1087 2288 citationem,
1105 2211 1227 2290 qnam
1244 2211 1331 2292 jota

227 2329 385 2390 nnnctaoit
404 2345 469 2390 cam
484 2324 700 2409 personaliter
715 2325 796 2406 teri,
813 2361 857 2372 -
880 2327 911 2388 1⁰
932 2327 1023 2390 ltrnc
1042 2324 1176 2390 nunnus
1192 2323 1331 2408 publicus

228 2440 329 2510 debet
362 2459 507 2526 persona
532 2441 592 2526 ipsi
620 2441 712 2506 testis
737 2439 884 2508 libellam
908 2441 1068 2512 citationis
1092 2439 1156 2506 sibi
1187 2439 1329 2518 tradimm

227 2565 436 2648 prasentare,
452 2563 489 2624 et
505 2557 537 2626 iu
554 2577 667 2625 manns
687 2556 758 2642 ejus
773 2559 980 2642 consignare3
995 2578 1058 2624 nec
1069 2556 1188 2624 suffieit
1198 2558 1232 2621 in
1246 2555 1329 2621 doma

151 2697 157 2702 ·
228 2676 330 2745 salita
353 2674 559 2745 habitationis
582 2677 768 2742 citationem
794 2675 885 2743 alteri
907 2693 1054 2760 persana
1076 2683 1283 2758 massonae,
1301 2681 1329 2737 at

228 2791 422 2890 relinquero,
438 2791 513 2876 quia
529 2791 584 2879 (ex
595 2789 779 2878 hypothesi)
796 2791 856 2857 hoc
869 2811 935 2858 nan
948 2790 1047 2860 babet
1062 2793 1196 2859 nundus
1209 2791 1244 2856 iu
1257 2809 1329 2856 nan

228 2907 318 2982 (lato.
344 2910 378 2976 2⁰
399 2909 530 2994 Carnam
548 2909 709 2976 citationis
732 2909 925 2994 coangusta
951 2908 1116 2985 retinebit,
1135 2917 1174 2974 nt
1197 2907 1271 2975 dnm
1286 2926 1328 2972 ac-

227 3025 333 3094 tuaria
348 3023 453 3092 refert
467 3022 508 3088 de
523 3023 682 3093 citationis
703 3025 907 3101 executione,
926 3025 955 3087 is
969 3041 1145 3106 agnoscere
1164 3025 1277 3098 valant,
1295 3041 1327 3085 ao

228 3160 349 3208 revera.
363 3149 457 3226 prout
475 3148 508 3208 in
535 3145 678 3209 mandata
694 3140 825 3226 jacebat
844 3141 885 3206 sit
907 3148 1076 3231 exacutus.
1108 3144 1146 3206 3⁰
1160 3143 1254 3208 Facta
1267 3139 1328 3204 inti·

228 3257 368 3326 mationa
381 3259 554 3342 personali,
575 3257 712 3327 debebit
734 3257 877 3322 actuario
895 3254 932 3321 id
954 3257 1079 3335 testari,
1104 3263 1140 3322 et
1156 3257 1276 3325 ishnac
1288 3260 1327 3320 at·

228 3376 435 3445 testationem
449 3375 509 3442 sibi
524 3375 642 3446 mamm
658 3377 738 3442 actis
748 3376 891 3443 inserena
911 3389 1075 3456 :proquo
1090 3371 1239 3440 adinhari
1252 3376 1326 3454 pote·

229 3493 273 3558 rit
290 3491 558 3560 incantatoris
574 3491 714 3559 formula
732 3512 738 3556 :

277 3629 291 3668 a
310 3610 385 3673 can
397 3611 526 3673 loannes
540 3611 579 3674 Ν.
601 3609 776 3690 episcopatis
794 3612 886 3670 carim
896 3607 1037 3686 publicans
1055 3611 1183 3672 orantius
1204 3603 1259 3690 (aei
1271 3621 1326 3666 aar·

229 3720 303 3806 sar),
326 3727 503 3788 mandatnm
517 3729 676 3807 accepisset
699 3743 718 3786 a
742 3725 901 3786 reverando
916 3725 972 3799 N„
1000 3725 1119 3786 Vinaria
1144 3723 1285 3802 paternii,
1302 3723 1326 3778 ut

228 3841 381 3910 damnant
397 3843 435 3904 N.
455 3841 496 3904 ad
511 3841 740 3922 conparandum
758 3844 791 3902 in
811 3841 894 3904 dicta
906 3842 992 3900 caria
1004 3839 1204 3918 perennaliter
1221 3840 1324 3908 citam,

229 3976 364 4023 ravnsar
387 3961 428 4022 ad
451 3977 497 4020 rna
519 3963 689 4022 cataoniam
715 3960 864 4039 praefatus
890 3962 1016 4023 nuntias
1031 3958 1187 4038 publicus,
1207 3957 1327 4036 prestito

223 4079 314 4155 priua
321 4077 495 4154 juramenta
512 4071 613 4158 (quod
636 4081 747 4141 tamen
767 4070 989 4156 juramentum
1011 4070 1117 4136 omitti
1140 4076 1250 4153 potest
1263 4067 1327 4132 siin

228 4187 426 4274 saplocuriae
442 4186 573 4272 nonsit)
590 4193 706 4267 retulit,
726 4209 756 4251 aa
771 4192 862 4253 die...
885 4195 918 4252 tn
945 4187 990 4274 (et
1011 4187 1056 4272 ibi
1076 4187 1274 4270 exprimatur
1289 4183 1327 4248 lo

229 4301 296 4386 cus)
314 4312 511 4385 praesentasse
527 4308 677 4388 praedicto
696 4307 816 4368 domina
834 4309 874 4370 N.
895 4308 1050 4368 citationis
1065 4304 1212 4381 libellam,
1231 4302 1284 4364 sibi
1301 4301 1325 4358 in

229 4423 314 4488 curin
326 4425 547 4502 carniprtatunm
557 4428 585 4481 ct
599 4424 661 4502 ejas
670 4424 783 4502 copton
799 4425 831 4485 in
846 4423 921 4486 acan
932 4422 1142 4506 presentavit
1154 4426 1183 4481 et
1194 4419 1321 4498 incipit...
