2848 5118
495 375 574 423 rans
596 377 755 424 sncuxna.
1122 361 1181 424 iit

84 517 131 580 pra
142 499 280 565 nobilita
299 497 461 566 recedant
482 499 579 564 etiam
597 497 761 566 nonnulle
781 501 1009 583 exceptionum
1032 502 1181 586 species,

85 633 185 698 nempe
204 637 211 680 :

119 736 259 812 «Primo,
278 732 487 814 exceptiones
502 729 661 797 dilatoriae
676 749 748 826 quae
767 749 955 815 processum
971 741 1052 797 retro
1066 735 1184 797 nullom

85 851 252 912 credooot:
270 848 376 932 qualis
400 855 451 913 est
472 847 624 930 exceptio
641 847 715 914 falsi
732 850 953 932 procuratoris
972 849 1061 936 (lege
1087 855 1181 932 Licet,

84 963 156 1040 oli,
176 982 205 1027 c.
229 966 267 1027 de
281 960 441 1046 Proceri:
465 963 615 1046 exceptio
642 964 713 1029 falsi
738 965 877 1030 tutoris:
897 965 1048 1047 exceptio
1065 967 1186 1031 incom-

83 1077 245 1160 «petentis
271 1076 402 1163 judicis,
421 1078 447 1143 si
461 1079 534 1144 talis
549 1079 605 1143 ille
628 1081 680 1157 sit,
699 1079 732 1142 in
750 1097 849 1163 quern
864 1097 941 1162 pars
962 1080 1089 1164 litigans
1113 1099 1186 1147 con-

84 1215 97 1252 c
109 1194 221 1259 sentire
235 1212 301 1259 non
316 1195 457 1278 possit...
469 1194 689 1279 Proceditque
700 1193 773 1272 hoo,
786 1202 825 1260 ut
837 1193 1025 1280 hujusmodi
1036 1199 1186 1281 exceptio

86 1311 219 1392 «opponi
239 1311 340 1392 possit
358 1311 455 1374 etiarn
475 1317 549 1392 post
567 1311 780 1393 sententiam3
801 1329 877 1374 narn
894 1311 1020 1376 comsit
1037 1313 1186 1396 exceptio

85 1425 272 1503 «nullitatiS,
293 1427 540 1508 omnitempore
557 1425 677 1508 opponi
691 1433 810 1508 potest.

121 1545 293 1622 «scando,
308 1543 519 1626 exceptiones
530 1559 601 1625 quoe
615 1561 779 1623 pronomen
794 1551 991 1608 somessioom
1006 1546 1126 1625 labeo,
1137 1545 1186 1610 uti

83 1663 160 1722 cest
176 1659 333 1741 exceptio
344 1657 408 1722 loci
427 1674 492 1721 non
513 1657 590 1734 tuti,
616 1657 749 1721 termini
766 1659 903 1741 angusti,
926 1657 1094 1738 feriarum,
1115 1667 1182 1726 etc.
1229 1685 1232 1692 ¹

120 1795 135 1836 c
151 1779 269 1851 Tertio,
297 1771 448 1856 exceptio
472 1773 812 1839 excommunicationis
833 1775 962 1859 majoris
984 1795 991 1840 :
1020 1793 1094 1842 nam
1116 1775 1185 1842 haec

84 1889 144 1954 cin
169 1909 373 1976 quacumque
396 1898 490 1973 parte
513 1887 629 1973 judicii
652 1887 802 1956 dilatoris
837 1893 957 1975 opponi
985 1899 1094 1976 potest
1120 1893 1186 1980 (oc-

84 2007 172 2088 opite
190 2009 419 2088 Eooepttooem,
441 2005 501 2082 tt,
519 2007 558 2068 de
583 2007 833 2087 socepttoostcs,
850 2041 895 2056 -
920 2014 955 2072 et
978 2007 1085 2092 capite
1104 2011 1181 2086 Pto,

84 2139 97 2180 a
113 2118 257 2204 ejusdem
271 2119 378 2197 tituli,
397 2121 431 2185 in
446 2118 492 2204 6).

120 2241 276 2317 «Qrmrto,
298 2238 417 2320 opponi
434 2237 492 2302 lite
499 2244 689 2314 contestata,
711 2236 776 2301 imo
793 2237 908 2320 inipso
923 2237 1115 2305 executione
1129 2257 1186 2324 po-

84 2358 170 2416 otest
185 2354 337 2435 exceptio
353 2353 591 2436 competentias.

120 2473 272 2549 «Quinto,
293 2473 367 2552 post
389 2473 603 2533 contestatam
621 2467 715 2532 litem
724 2469 833 2552 excipi
844 2474 953 2552 potest
971 2467 1014 2535 de
1029 2469 1183 2553 ineptitu-

83 2582 177 2649 ctliue
189 2584 332 2652 libelli...

121 2707 258 2780 «Sesto,
289 2707 366 2765 sunt
381 2707 416 2766 et
430 2701 500 2766 aliae
528 2701 736 2784 exceptiones
755 2699 928 2778 dilatoriae‚
946 2707 1044 2783 epsom
1067 2721 1187 2765 ooosom

83 2824 308 2900 «respicientes,
327 2837 398 2902 quae
421 2823 579 2901 poterunt
592 2822 665 2902 post
685 2817 777 2883 litem
803 2825 1016 2882 contestatam
1038 2817 1187 2902 objiciet

85 2933 257 3018 «probari3
285 2954 358 3000 cum
386 2953 450 3000 non
468 2932 624 3000 videatur
652 2953 729 3000 reus
747 2934 780 2997 in
803 2933 870 3000 ullo
891 2933 950 3000 sibi
972 2933 1186 3021 prejudicare

85 3057 183 3116 cante
200 3052 293 3116 litem
308 3071 373 3117 non
388 3047 618 3134 proponend03
634 3068 709 3115 cum
724 3066 763 3114 ea
774 3069 839 3131 pote
858 3069 979 3113 coccam
994 3059 1183 3130 concernunt,

86 3167 236 3230 «nonnisi
255 3168 432 3232 constituto
452 3164 577 3250 judicio
600 3167 663 3230 sint
688 3146 899 3250 proponenda
915 3166 1143 3234 ettraotando.
1170 3193 1184 3228 s

86 3281 388 3367 (Schmalzgrueben
402 3284 475 3349 loco
494 3283 564 3360 cit,
585 3301 618 3348 n.
635 3280 704 3366 Ὦ.)

123 3401 268 3480 Qonsmo
283 3403 327 3464 5¹.
347 3437 393 3449 —
409 3401 607 3480 thoodotcom
630 3405 758 3480 proponi
781 3401 907 3462 dcbeoot
931 3404 1116 3481 exceptiones
1134 3419 1189 3482 pc-

84 3521 263 3597 remptorio?
276 3551 322 3564 -·
334 3513 529 3597 Respondeo
544 3513 736 3596 regulariter
753 3532 807 3578 eas
826 3510 901 3597 post
918 3520 1132 3578 contestatam
1143 3514 1189 3587 ¹li·

85 3637 144 3695 tem
171 3651 239 3698 esse
262 3628 485 3715 opponendas.
506 3631 555 3695 Ita
580 3629 796 3695 communiter
822 3626 976 3694 doctores
1001 3636 1122 3694 eruunt
1147 3646 1189 3694 ex

84 3745 148 3830 lege
161 3753 313 3832 Siquidem
325 3749 369 3836 (9,
391 3767 420 3812 c.
437 3751 475 3811 de
486 3742 741 3828 Exceptiooitos),
766 3751 800 3810 et
814 3763 853 3809 ex
867 3745 941 3828 lege
966 3742 1189 3827 Peremptorios

87 3861 125 3946 (2,
150 3885 178 3930 c.
201 3869 337 3930 sentent.
367 3865 496 3926 resctoc.
517 3881 578 3924 ooo
603 3857 715 3944 poss).
730 3860 824 3925 Retio
845 3866 895 3925 est
916 3861 990 3944 quia
1003 3859 1190 3946 hujusmodi

83 3983 281 4064 exceptiones
299 3985 424 4063 proprie
443 3984 519 4044 sunt
538 3976 682 4041 exclusio
699 3975 851 4041 actionis:
871 3975 1130 4042 excludi-autem
1155 3987 1190 4046 et

83 4099 189 4178 perimi
216 4098 301 4163 actio
325 4113 389 4160 non
418 4101 537 4178 potest,
556 4099 729 4177 antequam
756 4091 921 4175 proposito
941 4093 982 4157 sit
1004 4091 1186 4177 injudicio,

84 4211 167 4294 quod
185 4214 395 4280 constituntur
409 4228 470 4295 per
482 4209 549 4276 litis
561 4210 843 4275 contestationem.

124 4330 248 4396 Dentur
273 4335 424 4394 tamena
453 4325 597 4410 generali
620 4324 675 4388 ilia
700 4325 816 4408 regula
847 4323 1044 4390 recedentes
1076 4324 1188 4409 alique

86 4447 305 4530 exceptionum
317 4441 614 4528 peremptoriarum
627 4441 762 4522 species,
774 4457 893 4522 nempe
911 4459 918 4504 :
