2878 5114
432 375 435 380 .
490 339 570 388 usus
591 339 750 388 secunus.
1011 307 1015 314 ’
1133 326 1196 392 509

122 464 165 528 11.
186 463 314 529 Poterit
334 464 515 530 commissio
531 465 573 530 ud
590 465 814 530 executionem
837 463 973 544 deduci,
996 473 1030 532 ct
1047 473 1139 534 actus
1154 469 1198 534 de

78 580 271 644 executione
286 579 359 645 fieri
374 582 408 646 in
425 580 511 646 hunc
526 580 659 647 modum
679 603 685 646 :

121 720 138 756 «
157 702 198 760 In
218 701 344 761 Nomine
359 701 491 763 Darnini.
517 703 621 762 Amen.
637 735 681 746 -
697 705 771 764 Cum
787 703 925 765 daminus
937 706 976 766 N.
981 751 992 782 ‚
1008 709 1163 784 recepisset
1177 725 1197 767 a

75 817 324 878 reverendissima
335 819 480 897 Episcopo
492 819 521 880 N
525 865 546 894 .,
560 818 705 896 quasdam
719 821 967 880 cmnnttsseriates
981 822 1112 900 litteras,
1132 809 1197 901 qua

3 963 4 968 κ
75 931 224 992 iubentur
233 933 287 992 sub
296 933 479 1012 precedenti
492 951 624 1009 numera,
638 933 770 995 decreuit
777 951 812 994 en
821 953 880 1014 qua
891 953 951 1014 par
962 943 1007 998 cst
1016 941 1197 1018 promptttu
1240 938 1252 950 '

75 1050 146 1108 dine
159 1065 210 1108 eas
231 1052 348 1127 eccequi.
371 1052 559 1129 Quapropter
583 1067 629 1110 me
649 1052 877 1130 infrascriptum
897 1057 1015 1114 uocauit
1031 1057 1063 1114 in
1077 1055 1195 1115 domum

75 1185 174 1242 suam,
199 1171 343 1226 eteorum
360 1167 577 1245 infrascriptis,
604 1185 650 1228 me
664 1170 814 1228 notarium
837 1174 1016 1230 anteritate
1035 1172 1197 1250 episcopati

76 1289 214 1344 creatum
225 1287 422 1359 renuntiavit,
432 1287 694 1363 juramentumque
713 1281 874 1357 fidelitatis
891 1284 967 1346 mitti
982 1286 1102 1364 detulit,
1118 1289 1196 1366 quod
1277 1375 1281 1380 1

76 1406 104 1460 et
115 1404 264 1480 prestiti,
281 1401 322 1460 ad
341 1400 395 1460 ttoc
408 1406 442 1460 ut
455 1405 488 1460 in
509 1399 564 1460 dac
584 1417 675 1460 cansa
685 1405 720 1460 ut
733 1401 883 1478 tepitimns
896 1406 1051 1463 actuarius
1064 1407 1092 1463 ci
1105 1408 1197 1464 inser-

75 1519 187 1578 virem.
213 1517 286 1577 Acta
308 1521 378 1576 sunt
400 1515 500 1577 dac...
520 1551 564 1560 -
580 1517 644 1594 Epo
660 1518 714 1591 N.‚
730 1519 952 1578 commissarius
975 1517 1139 1596 detepatns.
1152 1553 1196 1566 --

76 1635 142 1710 Epo
154 1635 195 1695 N.
210 1635 258 1710 fui
272 1638 367 1694 testis.
379 1667 422 1677 ——
435 1635 499 1712 Epo
513 1635 552 1694 N.
568 1633 616 1710 fui
628 1637 723 1693 testis.
738 1665 783 1678 --
796 1633 858 1711 Epa
869 1635 899 1694 N
902 1680 923 1708 .‚
937 1639 1103 1696 actuarius.

125 1769 142 1807 «
156 1751 383 1826 Consequenter,
397 1751 562 1808 associante
577 1765 633 1824 mc,
647 1749 745 1808 adivit
760 1749 910 1826 prefatus
920 1751 960 1810 N.
976 1755 1196 1812 commissarius

75 1867 234 1928 dominum
259 1867 298 1926 N.
303 1886 318 1941 ,·
341 1868 392 1943 qui
412 1867 520 1924 certior
544 1865 643 1942 suctus
663 1864 700 1924 de
724 1864 1004 1925 commissariaiibus
1025 1867 1136 1926 titteris
1162 1873 1196 1928 ut

75 2001 184 2062 supra,
211 1982 271 2060 fud
295 1985 508 2060 interropatus,
526 1985 555 2041 et
575 1980 727 2058 respondit
747 1984 779 2040 in
793 1980 870 2040 dunc
884 1983 1027 2042 modum:
1053 1982 1084 2043 1⁰
1106 1987 1197 2044 inter-

75 2104 215 2178 roqatus,
241 2097 420 2175 antitiquus
444 2097 485 2157 ud
512 2099 626 2156 curiam
649 2096 843 2174 episcopatem
867 2098 1029 2158 direxisset
1054 2099 1196 2160 litteras?

75 2197 284 2294 Respondit...
311 2214 344 2276 2⁰
365 2220 419 2274 etc.
443 2215 519 2274 Actu
542 2219 612 2274 sunt
631 2213 691 2272 liceo
715 2214 805 2275 die...
834 2219 984 2276 mensis...
1009 2233 1127 2279 anna...
1152 2253 1196 2262 -

75 2333 142 2410 Epo
157 2332 189 2392 N
193 2378 214 2407 .‚
240 2333 460 2390 commissarius
474 2329 638 2408 dctepatns.
654 2363 698 2372 -
711 2331 776 2408 Epo
790 2332 821 2390 N
824 2376 845 2406 .,
861 2335 1028 2392 actuarius.
1043 2353 1059 2390 u

121 2445 183 2510 ΙΙΙ.
201 2443 316 2508 Modus
329 2443 503 2526 incipiendi
518 2441 726 2525 scriptionem
742 2449 874 2508 actuum
885 2445 918 2507 in
930 2447 1082 2527 presenti
1095 2465 1170 2512 casu
1187 2469 1193 2512 :

75 2561 211 2648 quando
223 2575 345 2644 nempe·
355 2560 555 2624 denuntiatio
569 2560 655 2652 'faeta
669 2567 718 2626 est
732 2561 939 2642 perimeres
956 2569 989 2626 et
1003 2561 1196 2628 denuntians

75 2683 108 2746 in
124 2681 262 2746 dioecesi
276 2681 428 2754 existens
445 2677 487 2742 nd
503 2679 624 2742 curium
641 2697 705 2743 non
724 2684 870 2743 vocetur.

127 2822 144 2858 «
165 2802 204 2860 ln
225 2801 350 2860 Nomine
370 2800 545 2874 Domini...,
569 2803 624 2860 etc.
653 2794 701 2880 (ut
724 2795 755 2856 in
776 2801 790 2870 i
812 2798 822 2857 l
845 2793 941 2878 hujus
965 2794 1101 2880 cupitis).
1121 2801 1196 2862 Cum
1246 2835 1248 2840 ·

75 2922 159 2978 enim
176 2915 274 2977 dictus
294 2917 470 2976 Franciscus
494 2915 603 2976 Zetata
616 2930 673 2993 per
689 2913 807 2974 litteras
826 2914 987 2976 dirupisset
1006 2916 1047 2977 ad
1067 2934 1199 2978 reueren-

75 3036 239 3096 dissimnm
255 3034 433 3111 Episcopum
447 3033 486 3092 N.
504 3019 663 3110 queuntium
678 3031 944 3107 denuntiationem,
967 3049 1033 3110 qua
1046 3035 1194 3112 incipit...

74 3158 105 3214 et
120 3151 259 3211 desinit..
269 3195 290 3226 .,
310 3154 338 3208 et
353 3147 476 3208 debetur
494 3147 577 3225 infra
595 3147 745 3226 descripta
761 3147 814 3206 sub
830 3146 918 3206 tituto
934 3148 1133 3211 DOCUMEN
1135 3151 1198 3212 TO·

77 3267 180 3341 RUM,
197 3281 379 3339 numero...;
403 3263 503 3322 votens
523 3261 700 3322 reuerendus
722 3263 762 3324 N.
782 3263 918 3322 ticonius
934 3264 1100 3342 pancratis,
1128 3271 1198 3326 ante

76 3385 180 3444 arania
194 3385 302 3442 certior
318 3379 397 3456 fieri,
416 3397 487 3441 num
504 3380 593 3442 dictae
608 3381 845 3442 denuntiationis
859 3379 1006 3458 prefatus
1023 3383 1216 3443 Franciscus·

77 3499 105 3558 Z
108 3499 192 3558 cteta
205 3514 273 3558 uere
287 3502 390 3557 endor
404 3499 528 3572 cantat,
545 3513 598 3555 nec
614 3500 712 3555 tumen
724 3498 921 3573 opportunum
929 3495 1085 3574 judicans,
1097 3497 1199 3574 dionis

76 3618 115 3678 da
130 3617 230 3674 causis
239 3617 302 3693 ejus
315 3617 448 3673 animum
462 3611 657 3686 annuentibus,
674 3611 859 3672 comdemnat
871 3615 982 3670 curium
997 3629 1199 3687 vocare-cam.

77 3730 262 3792 missoriutes
282 3729 400 3790 litteras
420 3728 504 3788 dedit
518 3725 583 3810 (vel
597 3745 615 3786 a
629 3727 874 3786 reverendissima
888 3727 1034 3806 Episcopo
1052 3727 1122 3788 dari
1128 3745 1199 3807 pro·
1268 3721 1269 3724 '

77 3841 210 3926 miravit)
223 3847 342 3907 domina
354 3847 384 3906 N
387 3891 409 3919 .‚
425 3844 466 3904 ad
478 3843 554 3902 itanc
565 3844 701 3921 effectum
713 3847 746 3902 ut
760 3845 787 3902 is
799 3843 1040 3918 insorntutionem
1055 3845 1200 3925 ejusmodi

77 3965 257 4027 desumeret.
282 3965 355 4040 Quoe
377 3959 622 4020 commissoriates
648 3959 768 4032 litterae,
794 3975 854 4018 una
880 3976 945 4018 cum
973 3964 1140 4021 testimonia
1162 3962 1200 4022 de

78 4097 183 4142 earum
199 4081 380 4153 executione,
400 4075 546 4136 debentur·
564 4063 647 4150 infra
665 4073 823 4134 subtituto
844 4074 1193 4154 DOCUMENTONUM,

78 4201 254 4261 numeris...
274 4196 429 4272 Comperta
452 4195 548 4270 ipitur
563 4189 765 4252 authenticam
787 4207 848 4252 csse
865 4191 1029 4269 prefatam
1045 4194 1199 4253 Franctsci

80 4315 198 4377 Zetatoe
209 4311 475 4384 denuntiationem,
494 4307 624 4368 decreuit
642 4306 819 4366 reuerendus
833 4307 862 4368 N
866 4351 873 4366 .
893 4307 1030 4366 t'icorius
1051 4305 1199 4384 pancratis

75 4436 169 4510 prout
186 4430 270 4506 juris
285 4424 455 4506 procedere,
476 4429 504 4482 et
524 4440 568 4482 nze
587 4424 737 4481 notarium
752 4420 906 4499 publicum
929 4420 1018 4480 adse
1037 4425 1199 4498 uacauitet
