<?xml version="1.0" encoding="UTF-8"?>
<!DOCTYPE html PUBLIC "-//W3C//DTD XHTML 1.0 Transitional//EN"
    "http://www.w3.org/TR/xhtml1/DTD/xhtml1-transitional.dtd">
<html xmlns="http://www.w3.org/1999/xhtml" xml:lang="en" lang="en">
 <head>
  <title>
</title>
<meta http-equiv="Content-Type" content="text/html;charset=utf-8" />
  <meta name='ocr-system' content='tesseract 3.04.00' />
  <meta name='ocr-capabilities' content='ocr_page ocr_carea ocr_par ocr_line ocrx_word'/>
</head>
<body>
  <div class='ocr_page' id='page_1' title='image "./tractatusdejudi01bouigoog_0298.png"; bbox 0 0 2836 5118; ppageno 0'>
   <div class='ocr_carea' id='block_1_1' title="bbox 470 373 1157 442">
    <p class='ocr_par' dir='ltr' id='par_1_1' title="bbox 470 373 1157 442">
     <span class='ocr_line' id='line_1_1' title="bbox 470 373 1157 442; baseline 0 0"><span class='ocrx_word' id='word_1_1' title='bbox 470 395 547 442; x_wconf 80' lang='lat' dir='ltr'><strong>rans</strong></span> <span class='ocrx_word' id='word_1_2' title='bbox 570 392 727 442; x_wconf 73' lang='lat' dir='ltr'><strong>amasne.</strong></span> <span class='ocrx_word' id='word_1_3' title='bbox 1093 373 1157 437; x_wconf 78' lang='grc'><strong>289</strong></span> 
     </span>
    </p>
   </div>
   <div class='ocr_carea' id='block_1_2' title="bbox 59 506 1166 2691">
    <p class='ocr_par' dir='ltr' id='par_1_2' title="bbox 60 506 1159 949">
     <span class='ocr_line' id='line_1_2' title="bbox 79 506 1159 602; baseline -0.004 -20"><span class='ocrx_word' id='word_1_4' title='bbox 79 553 81 558; x_wconf 67' lang='lat'><strong>,</strong></span> <span class='ocrx_word' id='word_1_5' title='bbox 98 522 128 582; x_wconf 77' lang='lat'><strong>5⁶</strong></span> <span class='ocrx_word' id='word_1_6' title='bbox 139 517 342 584; x_wconf 75' lang='lat' dir='ltr'><strong>Generaliter</strong></span> <span class='ocrx_word' id='word_1_7' title='bbox 356 521 465 601; x_wconf 88' lang='lat' dir='ltr'><strong>potest</strong></span> <span class='ocrx_word' id='word_1_8' title='bbox 477 515 637 602; x_wconf 88' lang='lat' dir='ltr'><strong>quidquid</strong></span> <span class='ocrx_word' id='word_1_9' title='bbox 646 523 708 596; x_wconf 89' lang='lat' dir='ltr'><strong>est,</strong></span> <span class='ocrx_word' id='word_1_10' title='bbox 724 515 778 582; x_wconf 92' lang='lat' dir='ltr'><strong>vel</strong></span> <span class='ocrx_word' id='word_1_11' title='bbox 792 517 826 582; x_wconf 93' lang='lat' dir='ltr'><strong>ln</strong></span> <span class='ocrx_word' id='word_1_12' title='bbox 842 506 1033 581; x_wconf 79' lang='lat' dir='ltr'><strong>beneficium</strong></span> <span class='ocrx_word' id='word_1_13' title='bbox 1050 513 1159 597; x_wconf 88' lang='lat' dir='ltr'><strong>appel·</strong></span> 
     </span>
     <span class='ocr_line' id='line_1_3' title="bbox 60 627 1157 717; baseline -0.001 -19"><span class='ocrx_word' id='word_1_14' title='bbox 60 633 187 713; x_wconf 68' lang='lat' dir='ltr'><strong>atione,</strong></span> <span class='ocrx_word' id='word_1_15' title='bbox 205 633 261 700; x_wconf 93' lang='lat' dir='ltr'><strong>vel</strong></span> <span class='ocrx_word' id='word_1_16' title='bbox 271 633 384 700; x_wconf 86' lang='lat' dir='ltr'><strong>saltem</strong></span> <span class='ocrx_word' id='word_1_17' title='bbox 402 650 467 698; x_wconf 93' lang='lat' dir='ltr'><strong>non</strong></span> <span class='ocrx_word' id='word_1_18' title='bbox 488 633 523 698; x_wconf 92' lang='lat' dir='ltr'><strong>in</strong></span> <span class='ocrx_word' id='word_1_19' title='bbox 541 629 688 717; x_wconf 87' lang='lat' dir='ltr'><strong>ejusdcm</strong></span> <span class='ocrx_word' id='word_1_20' title='bbox 709 629 945 717; x_wconf 71' lang='lat' dir='ltr'><strong>prejudicium.</strong></span> <span class='ocrx_word' id='word_1_21' title='bbox 966 629 1060 717; x_wconf 83' lang='lat' dir='ltr'><strong>(Hac</strong></span> <span class='ocrx_word' id='word_1_22' title='bbox 1081 627 1157 696; x_wconf 85' lang='lat' dir='ltr'><strong>vide</strong></span> 
     </span>
     <span class='ocr_line' id='line_1_4' title="bbox 60 743 1155 834; baseline -0.004 -20"><span class='ocrx_word' id='word_1_23' title='bbox 60 748 169 816; x_wconf 84' lang='lat' dir='ltr'><strong>firmata</strong></span> <span class='ocrx_word' id='word_1_24' title='bbox 192 748 282 834; x_wconf 90' lang='lat' dir='ltr'><strong>apud</strong></span> <span class='ocrx_word' id='word_1_25' title='bbox 308 748 620 833; x_wconf 86' lang='lat' dir='ltr'><strong>Schmalzgrueber,</strong></span> <span class='ocrx_word' id='word_1_26' title='bbox 648 749 681 812; x_wconf 92' lang='lat' dir='ltr'><strong>in</strong></span> <span class='ocrx_word' id='word_1_27' title='bbox 707 749 759 814; x_wconf 89' lang='lat' dir='ltr'><strong>tit.</strong></span> <span class='ocrx_word' id='word_1_28' title='bbox 790 751 844 824; x_wconf 85' lang='grc'><strong>28,</strong></span> <span class='ocrx_word' id='word_1_29' title='bbox 868 747 946 814; x_wconf 83' lang='grc' dir='ltr'>111)ιί</span> <span class='ocrx_word' id='word_1_30' title='bbox 968 750 988 812; x_wconf 76' lang='lat' dir='ltr'><strong>‘i</strong></span> <span class='ocrx_word' id='word_1_31' title='bbox 1012 743 1155 824; x_wconf 77' lang='lat' dir='ltr'><strong>decret,</strong></span> 
     </span>
     <span class='ocr_line' id='line_1_5' title="bbox 60 862 184 949; baseline 0 -19"><span class='ocrx_word' id='word_1_32' title='bbox 60 885 88 930; x_wconf 93' lang='lat' dir='ltr'><strong>n.</strong></span> <span class='ocrx_word' id='word_1_33' title='bbox 103 862 184 949; x_wconf 87' lang='grc'>115.)</span> 
     </span>
    </p>

    <p class='ocr_par' dir='ltr' id='par_1_3' title="bbox 59 981 1161 1414">
     <span class='ocr_line' id='line_1_6' title="bbox 95 981 1159 1064; baseline -0.008 -14"><span class='ocrx_word' id='word_1_34' title='bbox 95 981 292 1063; x_wconf 72' lang='lat' dir='ltr'><strong>Qunsr1022.</strong></span> <span class='ocrx_word' id='word_1_35' title='bbox 305 1019 352 1031; x_wconf 91' lang='lat'><em>-</em></span> <span class='ocrx_word' id='word_1_36' title='bbox 366 984 519 1063; x_wconf 77' lang='lat' dir='ltr'><strong>Quidnam</strong></span> <span class='ocrx_word' id='word_1_37' title='bbox 532 987 564 1044; x_wconf 89' lang='lat' dir='ltr'><strong>vt</strong></span> <span class='ocrx_word' id='word_1_38' title='bbox 575 981 787 1064; x_wconf 75' lang='lat' dir='ltr'><strong>appellationis</strong></span> <span class='ocrx_word' id='word_1_39' title='bbox 801 982 948 1044; x_wconf 82' lang='lat' dir='ltr'><strong>reddatur</strong></span> <span class='ocrx_word' id='word_1_40' title='bbox 956 982 1159 1043; x_wconf 78' lang='lat' dir='ltr'><strong>attentatum?</strong></span> 
     </span>
     <span class='ocr_line' id='line_1_7' title="bbox 61 1092 1161 1180; baseline -0.002 -20"><span class='ocrx_word' id='word_1_41' title='bbox 61 1131 97 1143; x_wconf 87' lang='lat'>-</span> <span class='ocrx_word' id='word_1_42' title='bbox 120 1100 148 1160; x_wconf 72' lang='grc' dir='ltr'><strong>1ο</strong></span> <span class='ocrx_word' id='word_1_43' title='bbox 160 1096 365 1163; x_wconf 74' lang='grc' dir='ltr'>Αῑιειιϊιῐιιιιι</span> <span class='ocrx_word' id='word_1_44' title='bbox 384 1115 449 1162; x_wconf 93' lang='lat' dir='ltr'><strong>non</strong></span> <span class='ocrx_word' id='word_1_45' title='bbox 466 1094 621 1173; x_wconf 87' lang='lat' dir='ltr'><strong>efficitur,</strong></span> <span class='ocrx_word' id='word_1_46' title='bbox 642 1101 679 1161; x_wconf 91' lang='lat' dir='ltr'><strong>ut</strong></span> <span class='ocrx_word' id='word_1_47' title='bbox 698 1092 795 1162; x_wconf 90' lang='lat' dir='ltr'><strong>modo</strong></span> <span class='ocrx_word' id='word_1_48' title='bbox 811 1093 968 1172; x_wconf 74' lang='lat' dir='ltr'><strong>dirirnm&#39;,</strong></span> <span class='ocrx_word' id='word_1_49' title='bbox 983 1093 1161 1180; x_wconf 90' lang='lat' dir='ltr'><strong>quodfacit</strong></span> 
     </span>
     <span class='ocr_line' id='line_1_8' title="bbox 59 1207 1160 1296; baseline -0.002 -20"><span class='ocrx_word' id='word_1_50' title='bbox 59 1209 146 1294; x_wconf 85' lang='lat' dir='ltr'><strong>juder</strong></span> <span class='ocrx_word' id='word_1_51' title='bbox 163 1234 183 1278; x_wconf 91' lang='lat' dir='ltr'><strong>o</strong></span> <span class='ocrx_word' id='word_1_52' title='bbox 202 1234 260 1294; x_wconf 83' lang='lat' dir='ltr'><strong>qao</strong></span> <span class='ocrx_word' id='word_1_53' title='bbox 283 1213 364 1277; x_wconf 88' lang='lat' dir='ltr'><strong>citra</strong></span> <span class='ocrx_word' id='word_1_54' title='bbox 384 1210 608 1296; x_wconf 70' lang='lat' dir='ltr'><strong>prejudicium</strong></span> <span class='ocrx_word' id='word_1_55' title='bbox 632 1209 874 1296; x_wconf 87' lang='lat' dir='ltr'><strong>appellationis,</strong></span> <span class='ocrx_word' id='word_1_56' title='bbox 907 1207 966 1276; x_wconf 88' lang='lat' dir='ltr'><strong>sed</strong></span> <span class='ocrx_word' id='word_1_57' title='bbox 991 1208 1160 1276; x_wconf 75' lang='lat' dir='ltr'><strong>dumtaxat</strong></span> 
     </span>
     <span class='ocr_line' id='line_1_9' title="bbox 61 1315 547 1414; baseline 0.004 -22"><span class='ocrx_word' id='word_1_58' title='bbox 61 1329 135 1412; x_wconf 90' lang='lat' dir='ltr'><strong>quod</strong></span> <span class='ocrx_word' id='word_1_59' title='bbox 148 1315 327 1414; x_wconf 81' lang='lat' dir='ltr'><strong>appellanti</strong></span> <span class='ocrx_word' id='word_1_60' title='bbox 341 1327 547 1413; x_wconf 75' lang='lat' dir='ltr'><strong>prejudicat.</strong></span> 
     </span>
    </p>

    <p class='ocr_par' dir='ltr' id='par_1_4' title="bbox 59 1443 1163 1993">
     <span class='ocr_line' id='line_1_10' title="bbox 96 1443 1162 1528; baseline 0 -18"><span class='ocrx_word' id='word_1_61' title='bbox 96 1443 276 1528; x_wconf 79' lang='lat' dir='ltr'><strong>l⁰Quando</strong></span> <span class='ocrx_word' id='word_1_62' title='bbox 295 1445 495 1528; x_wconf 85' lang='lat' dir='ltr'><strong>appellatum</strong></span> <span class='ocrx_word' id='word_1_63' title='bbox 518 1452 604 1510; x_wconf 87' lang='lat' dir='ltr'><strong>esta</strong></span> <span class='ocrx_word' id='word_1_64' title='bbox 626 1445 787 1510; x_wconf 88' lang='lat' dir='ltr'><strong>sententia</strong></span> <span class='ocrx_word' id='word_1_65' title='bbox 813 1443 999 1520; x_wconf 84' lang='lat' dir='ltr'><strong>definitiva,</strong></span> <span class='ocrx_word' id='word_1_66' title='bbox 1022 1450 1162 1510; x_wconf 86' lang='lat' dir='ltr'><strong>attenta-</strong></span> 
     </span>
     <span class='ocr_line' id='line_1_11' title="bbox 60 1558 1161 1645; baseline 0.001 -22"><span class='ocrx_word' id='word_1_67' title='bbox 60 1568 117 1627; x_wconf 90' lang='lat' dir='ltr'><strong>tum</strong></span> <span class='ocrx_word' id='word_1_68' title='bbox 134 1561 245 1628; x_wconf 90' lang='lat' dir='ltr'><strong>evadit</strong></span> <span class='ocrx_word' id='word_1_69' title='bbox 263 1583 270 1626; x_wconf 78' lang='grc' dir='ltr'>ε</span> <span class='ocrx_word' id='word_1_70' title='bbox 284 1567 396 1643; x_wconf 86' lang='lat' dir='ltr'><strong>prima,</strong></span> <span class='ocrx_word' id='word_1_71' title='bbox 419 1558 578 1645; x_wconf 86' lang='lat' dir='ltr'><strong>quidquid</strong></span> <span class='ocrx_word' id='word_1_72' title='bbox 593 1560 632 1625; x_wconf 89' lang='lat' dir='ltr'><strong>lit</strong></span> <span class='ocrx_word' id='word_1_73' title='bbox 647 1567 721 1644; x_wconf 90' lang='lat' dir='ltr'><strong>post</strong></span> <span class='ocrx_word' id='word_1_74' title='bbox 736 1560 959 1644; x_wconf 86' lang='lat' dir='ltr'><strong>interpositam</strong></span> <span class='ocrx_word' id='word_1_75' title='bbox 972 1560 1161 1644; x_wconf 89' lang='lat' dir='ltr'><strong>appellatio-</strong></span> 
     </span>
     <span class='ocr_line' id='line_1_12' title="bbox 59 1675 1163 1762; baseline 0.001 -22"><span class='ocrx_word' id='word_1_76' title='bbox 59 1675 135 1744; x_wconf 86' lang='lat' dir='ltr'><strong>nem:</strong></span> <span class='ocrx_word' id='word_1_77' title='bbox 151 1680 289 1757; x_wconf 83' lang='lat' dir='ltr'><strong>scoamto,</strong></span> <span class='ocrx_word' id='word_1_78' title='bbox 305 1675 462 1762; x_wconf 88' lang='lat' dir='ltr'><strong>quidquid</strong></span> <span class='ocrx_word' id='word_1_79' title='bbox 478 1676 577 1742; x_wconf 90' lang='lat' dir='ltr'><strong>etiam</strong></span> <span class='ocrx_word' id='word_1_80' title='bbox 588 1677 711 1742; x_wconf 89' lang='lat' dir='ltr'><strong>lactum</strong></span> <span class='ocrx_word' id='word_1_81' title='bbox 725 1683 774 1742; x_wconf 89' lang='lat' dir='ltr'><strong>est</strong></span> <span class='ocrx_word' id='word_1_82' title='bbox 787 1675 896 1742; x_wconf 89' lang='lat' dir='ltr'><strong>medio</strong></span> <span class='ocrx_word' id='word_1_83' title='bbox 914 1684 1062 1761; x_wconf 89' lang='lat' dir='ltr'><strong>tempore</strong></span> <span class='ocrx_word' id='word_1_84' title='bbox 1076 1677 1163 1741; x_wconf 90' lang='lat' dir='ltr'><strong>inter</strong></span> 
     </span>
     <span class='ocr_line' id='line_1_13' title="bbox 60 1789 1163 1880; baseline -0.003 -22"><span class='ocrx_word' id='word_1_85' title='bbox 60 1795 205 1875; x_wconf 89' lang='lat' dir='ltr'><strong>prolatam</strong></span> <span class='ocrx_word' id='word_1_86' title='bbox 224 1793 417 1858; x_wconf 85' lang='lat' dir='ltr'><strong>sententiam</strong></span> <span class='ocrx_word' id='word_1_87' title='bbox 432 1799 467 1857; x_wconf 88' lang='lat' dir='ltr'><strong>et</strong></span> <span class='ocrx_word' id='word_1_88' title='bbox 481 1791 688 1878; x_wconf 84' lang='lat' dir='ltr'><strong>interjectam</strong></span> <span class='ocrx_word' id='word_1_89' title='bbox 706 1791 971 1876; x_wconf 81' lang='lat' dir='ltr'><strong>appellationem.</strong></span> <span class='ocrx_word' id='word_1_90' title='bbox 994 1789 1087 1880; x_wconf 76' lang='lat' dir='ltr'><strong>(Vide</strong></span> <span class='ocrx_word' id='word_1_91' title='bbox 1106 1796 1163 1858; x_wconf 81' lang='lat' dir='ltr'><strong>Fo-</strong></span> 
     </span>
     <span class='ocr_line' id='line_1_14' title="bbox 61 1907 1162 1993; baseline 0.002 -23"><span class='ocrx_word' id='word_1_92' title='bbox 61 1911 356 1973; x_wconf 84' lang='lat' dir='ltr'><strong>mmccolesicsticom</strong></span> <span class='ocrx_word' id='word_1_93' title='bbox 371 1908 537 1984; x_wconf 86' lang='lat' dir='ltr'><strong>Leurenii,</strong></span> <span class='ocrx_word' id='word_1_94' title='bbox 555 1908 589 1973; x_wconf 93' lang='lat' dir='ltr'><strong>in</strong></span> <span class='ocrx_word' id='word_1_95' title='bbox 609 1908 660 1973; x_wconf 90' lang='lat' dir='ltr'><strong>tit.</strong></span> <span class='ocrx_word' id='word_1_96' title='bbox 678 1911 738 1987; x_wconf 86' lang='grc'><strong>28,</strong></span> <span class='ocrx_word' id='word_1_97' title='bbox 760 1908 784 1972; x_wconf 95' lang='lat' dir='ltr'><strong>l.</strong></span> <span class='ocrx_word' id='word_1_98' title='bbox 805 1910 825 1972; x_wconf 93' lang='grc'><strong>2</strong></span> <span class='ocrx_word' id='word_1_99' title='bbox 842 1907 981 1986; x_wconf 67' lang='lat' dir='ltr'><strong>decret„</strong></span> <span class='ocrx_word' id='word_1_100' title='bbox 999 1926 1031 1993; x_wconf 93' lang='lat' dir='ltr'><strong>q.</strong></span> <span class='ocrx_word' id='word_1_101' title='bbox 1050 1907 1162 1992; x_wconf 84' lang='grc'>1131.)</span> 
     </span>
    </p>

    <p class='ocr_par' dir='ltr' id='par_1_5' title="bbox 61 2025 1164 2343">
     <span class='ocr_line' id='line_1_15' title="bbox 95 2025 1164 2110; baseline 0 -18"><span class='ocrx_word' id='word_1_102' title='bbox 95 2031 126 2092; x_wconf 82' lang='lat'><strong>3⁰</strong></span> <span class='ocrx_word' id='word_1_103' title='bbox 157 2027 188 2092; x_wconf 90' lang='lat' dir='ltr'><strong>Si</strong></span> <span class='ocrx_word' id='word_1_104' title='bbox 206 2026 406 2110; x_wconf 91' lang='lat' dir='ltr'><strong>appellatum</strong></span> <span class='ocrx_word' id='word_1_105' title='bbox 431 2025 472 2090; x_wconf 91' lang='lat' dir='ltr'><strong>sit</strong></span> <span class='ocrx_word' id='word_1_106' title='bbox 490 2025 532 2092; x_wconf 91' lang='lat' dir='ltr'><strong>ab</strong></span> <span class='ocrx_word' id='word_1_107' title='bbox 551 2025 796 2092; x_wconf 90' lang='lat' dir='ltr'><strong>interlocutoria</strong></span> <span class='ocrx_word' id='word_1_108' title='bbox 817 2026 883 2091; x_wconf 91' lang='lat' dir='ltr'><strong>vim</strong></span> <span class='ocrx_word' id='word_1_109' title='bbox 909 2025 1083 2092; x_wconf 81' lang='lat' dir='ltr'><strong>definitiva</strong></span> <span class='ocrx_word' id='word_1_110' title='bbox 1108 2027 1164 2092; x_wconf 88' lang='lat' dir='ltr'><strong>ha·</strong></span> 
     </span>
     <span class='ocr_line' id='line_1_16' title="bbox 61 2141 1161 2225; baseline 0.002 -17"><span class='ocrx_word' id='word_1_111' title='bbox 61 2141 163 2222; x_wconf 87' lang='lat' dir='ltr'><strong>hante,</strong></span> <span class='ocrx_word' id='word_1_112' title='bbox 175 2142 263 2209; x_wconf 89' lang='lat' dir='ltr'><strong>idem</strong></span> <span class='ocrx_word' id='word_1_113' title='bbox 277 2141 453 2208; x_wconf 89' lang='lat' dir='ltr'><strong>dicendum</strong></span> <span class='ocrx_word' id='word_1_114' title='bbox 479 2161 517 2207; x_wconf 89' lang='lat' dir='ltr'><strong>ac</strong></span> <span class='ocrx_word' id='word_1_115' title='bbox 544 2141 586 2207; x_wconf 88' lang='lat' dir='ltr'><strong>da</strong></span> <span class='ocrx_word' id='word_1_116' title='bbox 608 2159 684 2208; x_wconf 84' lang='lat' dir='ltr'><strong>casu</strong></span> <span class='ocrx_word' id='word_1_117' title='bbox 698 2141 924 2225; x_wconf 84' lang='lat' dir='ltr'><strong>appellationis</strong></span> <span class='ocrx_word' id='word_1_118' title='bbox 943 2162 963 2207; x_wconf 90' lang='lat' dir='ltr'><strong>a</strong></span> <span class='ocrx_word' id='word_1_119' title='bbox 981 2141 1161 2210; x_wconf 84' lang='lat' dir='ltr'><strong>definitiva.</strong></span> 
     </span>
     <span class='ocr_line' id='line_1_17' title="bbox 63 2255 1087 2343; baseline 0.002 -21"><span class='ocrx_word' id='word_1_120' title='bbox 63 2258 142 2343; x_wconf 78' lang='lat' dir='ltr'><strong>(lide</strong></span> <span class='ocrx_word' id='word_1_121' title='bbox 162 2258 462 2343; x_wconf 83' lang='lat' dir='ltr'><strong>Salamalzgrueber,</strong></span> <span class='ocrx_word' id='word_1_122' title='bbox 482 2257 516 2322; x_wconf 94' lang='lat' dir='ltr'><strong>in</strong></span> <span class='ocrx_word' id='word_1_123' title='bbox 529 2257 581 2323; x_wconf 91' lang='lat' dir='ltr'><strong>tit.</strong></span> <span class='ocrx_word' id='word_1_124' title='bbox 598 2259 652 2334; x_wconf 86' lang='grc'><strong>28,</strong></span> <span class='ocrx_word' id='word_1_125' title='bbox 670 2255 728 2322; x_wconf 86' lang='grc'>111).</span> <span class='ocrx_word' id='word_1_126' title='bbox 748 2259 768 2320; x_wconf 91' lang='grc'><strong>2</strong></span> <span class='ocrx_word' id='word_1_127' title='bbox 784 2255 924 2336; x_wconf 82' lang='lat' dir='ltr'><strong>decrat,</strong></span> <span class='ocrx_word' id='word_1_128' title='bbox 941 2276 974 2322; x_wconf 92' lang='grc' dir='ltr'><strong>ιι.</strong></span> <span class='ocrx_word' id='word_1_129' title='bbox 999 2259 1087 2342; x_wconf 89' lang='grc'><strong>122.)</strong></span> 
     </span>
    </p>

    <p class='ocr_par' dir='ltr' id='par_1_6' title="bbox 59 2373 1166 2691">
     <span class='ocr_line' id='line_1_18' title="bbox 95 2373 1166 2460; baseline 0 -20"><span class='ocrx_word' id='word_1_130' title='bbox 95 2377 126 2440; x_wconf 78' lang='lat'><strong>4⁰</strong></span> <span class='ocrx_word' id='word_1_131' title='bbox 142 2376 174 2441; x_wconf 90' lang='lat' dir='ltr'><strong>Si</strong></span> <span class='ocrx_word' id='word_1_132' title='bbox 188 2374 372 2460; x_wconf 89' lang='lat' dir='ltr'><strong>appelletur</strong></span> <span class='ocrx_word' id='word_1_133' title='bbox 387 2373 428 2438; x_wconf 93' lang='lat' dir='ltr'><strong>ab</strong></span> <span class='ocrx_word' id='word_1_134' title='bbox 445 2373 691 2439; x_wconf 89' lang='lat' dir='ltr'><strong>interlocutoria</strong></span> <span class='ocrx_word' id='word_1_135' title='bbox 707 2375 849 2455; x_wconf 77' lang='lat' dir='ltr'><strong>simplici,</strong></span> <span class='ocrx_word' id='word_1_136' title='bbox 869 2373 956 2439; x_wconf 90' lang='lat' dir='ltr'><strong>idest</strong></span> <span class='ocrx_word' id='word_1_137' title='bbox 971 2376 1036 2440; x_wconf 93' lang='lat' dir='ltr'><strong>vim</strong></span> <span class='ocrx_word' id='word_1_138' title='bbox 1053 2374 1166 2441; x_wconf 90' lang='lat' dir='ltr'><strong>delini-</strong></span> 
     </span>
     <span class='ocr_line' id='line_1_19' title="bbox 59 2488 1164 2573; baseline 0.005 -22"><span class='ocrx_word' id='word_1_139' title='bbox 59 2492 119 2557; x_wconf 85' lang='lat' dir='ltr'><strong>tiva</strong></span> <span class='ocrx_word' id='word_1_140' title='bbox 129 2510 195 2557; x_wconf 90' lang='lat' dir='ltr'><strong>non</strong></span> <span class='ocrx_word' id='word_1_141' title='bbox 213 2491 366 2565; x_wconf 89' lang='lat' dir='ltr'><strong>habente,</strong></span> <span class='ocrx_word' id='word_1_142' title='bbox 379 2507 510 2555; x_wconf 87' lang='lat' dir='ltr'><strong>sennan</strong></span> <span class='ocrx_word' id='word_1_143' title='bbox 520 2489 682 2555; x_wconf 84' lang='lat' dir='ltr'><strong>inferente</strong></span> <span class='ocrx_word' id='word_1_144' title='bbox 698 2506 874 2573; x_wconf 84' lang='lat' dir='ltr'><strong>gravamen</strong></span> <span class='ocrx_word' id='word_1_145' title='bbox 888 2507 950 2573; x_wconf 90' lang='lat' dir='ltr'><strong>per</strong></span> <span class='ocrx_word' id='word_1_146' title='bbox 964 2488 1164 2557; x_wconf 87' lang='lat' dir='ltr'><strong>definitivam</strong></span> 
     </span>
     <span class='ocr_line' id='line_1_20' title="bbox 59 2603 1166 2691; baseline 0.004 -23"><span class='ocrx_word' id='word_1_147' title='bbox 59 2624 112 2671; x_wconf 91' lang='lat' dir='ltr'><strong>nan</strong></span> <span class='ocrx_word' id='word_1_148' title='bbox 131 2606 324 2691; x_wconf 85' lang='lat' dir='ltr'><strong>reparabile,</strong></span> <span class='ocrx_word' id='word_1_149' title='bbox 347 2603 427 2670; x_wconf 89' lang='lat' dir='ltr'><strong>nihil</strong></span> <span class='ocrx_word' id='word_1_150' title='bbox 440 2605 474 2671; x_wconf 94' lang='lat' dir='ltr'><strong>vi</strong></span> <span class='ocrx_word' id='word_1_151' title='bbox 490 2604 671 2671; x_wconf 83' lang='lat' dir='ltr'><strong>istiusmodi</strong></span> <span class='ocrx_word' id='word_1_152' title='bbox 689 2605 913 2688; x_wconf 82' lang='lat' dir='ltr'><strong>appellationis</strong></span> <span class='ocrx_word' id='word_1_153' title='bbox 931 2604 1041 2672; x_wconf 89' lang='lat' dir='ltr'><strong>evadit</strong></span> <span class='ocrx_word' id='word_1_154' title='bbox 1063 2613 1166 2672; x_wconf 88' lang='lat' dir='ltr'><strong>atten-</strong></span> 
     </span>
    </p>
   </div>
   <div class='ocr_carea' id='block_1_3' title="bbox 15 2720 1165 2904">
    <p class='ocr_par' dir='ltr' id='par_1_7' title="bbox 13 2720 1165 2904">
     <span class='ocr_line' id='line_1_21' title="bbox 60 2720 1165 2808; baseline 0.003 -25.837"><span class='ocrx_word' id='word_1_155' title='bbox 60 2726 167 2807; x_wconf 91' lang='lat' dir='ltr'><strong>tatnm;</strong></span> <span class='ocrx_word' id='word_1_156' title='bbox 181 2722 256 2808; x_wconf 84' lang='lat' dir='ltr'><strong>quia</strong></span> <span class='ocrx_word' id='word_1_157' title='bbox 273 2722 348 2788; x_wconf 87' lang='lat' dir='ltr'><strong>talis</strong></span> <span class='ocrx_word' id='word_1_158' title='bbox 370 2721 545 2806; x_wconf 91' lang='lat' dir='ltr'><strong>appellatio</strong></span> <span class='ocrx_word' id='word_1_159' title='bbox 562 2742 581 2786; x_wconf 91' lang='lat' dir='ltr'><strong>a</strong></span> <span class='ocrx_word' id='word_1_160' title='bbox 600 2729 747 2805; x_wconf 85' lang='lat' dir='ltr'><strong>tempore</strong></span> <span class='ocrx_word' id='word_1_161' title='bbox 757 2720 958 2788; x_wconf 34' lang='lat' dir='ltr'><strong>‘Tridentinae</strong></span> <span class='ocrx_word' id='word_1_162' title='bbox 974 2722 1092 2808; x_wconf 80' lang='lat' dir='ltr'><strong>synodi</strong></span> <span class='ocrx_word' id='word_1_163' title='bbox 1114 2730 1165 2790; x_wconf 88' lang='lat' dir='ltr'><strong>est</strong></span> 
     </span>
     <span class='ocr_line' id='line_1_22' title="bbox 15 2834 341 2904; baseline 0.003 -4"><span class='ocrx_word' id='word_1_164' title='bbox 15 2871 17 2878; x_wconf 70' lang='lat'><strong>,</strong></span> <span class='ocrx_word' id='word_1_165' title='bbox 61 2834 158 2904; x_wconf 88' lang='lat' dir='ltr'><strong>illicita</strong></span> <span class='ocrx_word' id='word_1_166' title='bbox 183 2845 218 2904; x_wconf 88' lang='lat' dir='ltr'><strong>ct</strong></span> <span class='ocrx_word' id='word_1_167' title='bbox 239 2838 341 2903; x_wconf 90' lang='lat' dir='ltr'><strong>nulla.</strong></span> 
     </span>
    </p>
   </div>
   <div class='ocr_carea' id='block_1_4' title="bbox 62 2953 1164 3503">
    <p class='ocr_par' dir='ltr' id='par_1_8' title="bbox 62 2953 1164 3270">
     <span class='ocr_line' id='line_1_23' title="bbox 98 2953 1164 3039; baseline 0.005 -22"><span class='ocrx_word' id='word_1_168' title='bbox 98 2957 128 3017; x_wconf 78' lang='lat'><strong>5⁰</strong></span> <span class='ocrx_word' id='word_1_169' title='bbox 144 2954 175 3019; x_wconf 89' lang='lat' dir='ltr'><strong>Si</strong></span> <span class='ocrx_word' id='word_1_170' title='bbox 190 2953 392 3039; x_wconf 87' lang='lat' dir='ltr'><strong>appellatum</strong></span> <span class='ocrx_word' id='word_1_171' title='bbox 410 2953 452 3019; x_wconf 87' lang='lat' dir='ltr'><strong>sit</strong></span> <span class='ocrx_word' id='word_1_172' title='bbox 465 2953 507 3019; x_wconf 88' lang='lat' dir='ltr'><strong>ab</strong></span> <span class='ocrx_word' id='word_1_173' title='bbox 529 2955 662 3039; x_wconf 84' lang='lat' dir='ltr'><strong>antiquo</strong></span> <span class='ocrx_word' id='word_1_174' title='bbox 676 2961 752 3019; x_wconf 88' lang='lat' dir='ltr'><strong>actu</strong></span> <span class='ocrx_word' id='word_1_175' title='bbox 769 2953 1034 3039; x_wconf 81' lang='lat' dir='ltr'><strong>extra-judiciali,</strong></span> <span class='ocrx_word' id='word_1_176' title='bbox 1057 2962 1164 3023; x_wconf 87' lang='lat' dir='ltr'><strong>atten-</strong></span> 
     </span>
     <span class='ocr_line' id='line_1_24' title="bbox 62 3065 1162 3155; baseline 0.009 -25"><span class='ocrx_word' id='word_1_177' title='bbox 62 3074 150 3136; x_wconf 90' lang='lat' dir='ltr'><strong>tatum</strong></span> <span class='ocrx_word' id='word_1_178' title='bbox 160 3069 271 3136; x_wconf 90' lang='lat' dir='ltr'><strong>evadit</strong></span> <span class='ocrx_word' id='word_1_179' title='bbox 283 3065 443 3155; x_wconf 92' lang='lat' dir='ltr'><strong>quidquid</strong></span> <span class='ocrx_word' id='word_1_180' title='bbox 456 3077 529 3154; x_wconf 89' lang='lat' dir='ltr'><strong>post</strong></span> <span class='ocrx_word' id='word_1_181' title='bbox 544 3069 769 3152; x_wconf 82' lang='lat' dir='ltr'><strong>interpositam</strong></span> <span class='ocrx_word' id='word_1_182' title='bbox 784 3071 1035 3154; x_wconf 89' lang='lat' dir='ltr'><strong>appellationem</strong></span> <span class='ocrx_word' id='word_1_183' title='bbox 1050 3082 1162 3140; x_wconf 89' lang='lat' dir='ltr'><strong>contra</strong></span> 
     </span>
     <span class='ocr_line' id='line_1_25' title="bbox 62 3181 345 3270; baseline 0.021 -26"><span class='ocrx_word' id='word_1_184' title='bbox 62 3181 148 3265; x_wconf 89' lang='lat' dir='ltr'><strong>ipsam</strong></span> <span class='ocrx_word' id='word_1_185' title='bbox 163 3185 345 3270; x_wconf 83' lang='lat' dir='ltr'><strong>peragitur.</strong></span> 
     </span>
    </p>

    <p class='ocr_par' dir='ltr' id='par_1_9' title="bbox 65 3299 1163 3503">
     <span class='ocr_line' id='line_1_26' title="bbox 99 3299 1163 3387; baseline 0.002 -21"><span class='ocrx_word' id='word_1_186' title='bbox 99 3299 241 3380; x_wconf 77' lang='lat' dir='ltr'><strong>Quesmo</strong></span> <span class='ocrx_word' id='word_1_187' title='bbox 255 3303 302 3365; x_wconf 67' lang='lat'><strong>3³.</strong></span> <span class='ocrx_word' id='word_1_188' title='bbox 317 3335 358 3348; x_wconf 91' lang='lat'><em>-</em></span> <span class='ocrx_word' id='word_1_189' title='bbox 368 3302 520 3381; x_wconf 78' lang='lat' dir='ltr'><strong>Qrtomodo</strong></span> <span class='ocrx_word' id='word_1_190' title='bbox 536 3302 578 3363; x_wconf 81' lang='lat' dir='ltr'><strong>acl</strong></span> <span class='ocrx_word' id='word_1_191' title='bbox 590 3305 802 3364; x_wconf 74' lang='lat' dir='ltr'><strong>revocationem</strong></span> <span class='ocrx_word' id='word_1_192' title='bbox 815 3309 1031 3367; x_wconf 79' lang='lat' dir='ltr'><strong>attentatarum</strong></span> <span class='ocrx_word' id='word_1_193' title='bbox 1042 3311 1084 3369; x_wconf 86' lang='lat' dir='ltr'><strong>ait</strong></span> <span class='ocrx_word' id='word_1_194' title='bbox 1093 3324 1163 3387; x_wconf 86' lang='lat' dir='ltr'><strong>pro-</strong></span> 
     </span>
     <span class='ocr_line' id='line_1_27' title="bbox 65 3413 1158 3503; baseline 0.006 -25"><span class='ocrx_word' id='word_1_195' title='bbox 65 3416 230 3479; x_wconf 77' lang='lat' dir='ltr'><strong>cedendum?</strong></span> <span class='ocrx_word' id='word_1_196' title='bbox 254 3451 300 3463; x_wconf 91' lang='lat'><em>-</em></span> <span class='ocrx_word' id='word_1_197' title='bbox 327 3418 358 3479; x_wconf 74' lang='grc' dir='ltr'><strong>1ο</strong></span> <span class='ocrx_word' id='word_1_198' title='bbox 385 3413 492 3480; x_wconf 87' lang='lat' dir='ltr'><strong>ludex</strong></span> <span class='ocrx_word' id='word_1_199' title='bbox 508 3414 549 3480; x_wconf 89' lang='lat' dir='ltr'><strong>ad</strong></span> <span class='ocrx_word' id='word_1_200' title='bbox 564 3434 662 3500; x_wconf 91' lang='lat' dir='ltr'><strong>quem</strong></span> <span class='ocrx_word' id='word_1_201' title='bbox 682 3423 842 3482; x_wconf 89' lang='lat' dir='ltr'><strong>attentata</strong></span> <span class='ocrx_word' id='word_1_202' title='bbox 860 3435 1017 3484; x_wconf 87' lang='lat' dir='ltr'><strong>revocare</strong></span> <span class='ocrx_word' id='word_1_203' title='bbox 1041 3427 1158 3503; x_wconf 90' lang='lat' dir='ltr'><strong>potest,</strong></span> 
     </span>
    </p>
   </div>
   <div class='ocr_carea' id='block_1_5' title="bbox 21 3528 1162 3732">
    <p class='ocr_par' dir='ltr' id='par_1_10' title="bbox 21 3528 1162 3732">
     <span class='ocr_line' id='line_1_28' title="bbox 21 3528 1162 3620; baseline 0.011 -30"><span class='ocrx_word' id='word_1_204' title='bbox 21 3557 22 3562; x_wconf 23' lang='grc' dir='ltr'>ι</span> <span class='ocrx_word' id='word_1_205' title='bbox 64 3533 121 3594; x_wconf 91' lang='lat' dir='ltr'><strong>tum</strong></span> <span class='ocrx_word' id='word_1_206' title='bbox 138 3551 175 3597; x_wconf 84' lang='lat' dir='ltr'><strong>ex</strong></span> <span class='ocrx_word' id='word_1_207' title='bbox 195 3531 314 3610; x_wconf 87' lang='lat' dir='ltr'><strong>officio,</strong></span> <span class='ocrx_word' id='word_1_208' title='bbox 330 3536 401 3596; x_wconf 86' lang='lat' dir='ltr'><strong>turn</strong></span> <span class='ocrx_word' id='word_1_209' title='bbox 422 3528 465 3596; x_wconf 90' lang='lat' dir='ltr'><strong>ad</strong></span> <span class='ocrx_word' id='word_1_210' title='bbox 485 3530 678 3614; x_wconf 87' lang='lat' dir='ltr'><strong>petitionem</strong></span> <span class='ocrx_word' id='word_1_211' title='bbox 704 3531 906 3616; x_wconf 88' lang='lat' dir='ltr'><strong>appellantis.</strong></span> <span class='ocrx_word' id='word_1_212' title='bbox 933 3535 967 3598; x_wconf 82' lang='grc' dir='ltr'><strong>2ο</strong></span> <span class='ocrx_word' id='word_1_213' title='bbox 989 3535 1162 3620; x_wconf 79' lang='lat' dir='ltr'><strong>Appellare</strong></span> 
     </span>
     <span class='ocr_line' id='line_1_29' title="bbox 22 3644 1161 3732; baseline 0.012 -28"><span class='ocrx_word' id='word_1_214' title='bbox 22 3663 24 3698; x_wconf 76' lang='grc' dir='ltr'>ι</span> <span class='ocrx_word' id='word_1_215' title='bbox 65 3651 159 3712; x_wconf 89' lang='lat' dir='ltr'><strong>autem</strong></span> <span class='ocrx_word' id='word_1_216' title='bbox 178 3655 293 3732; x_wconf 87' lang='lat' dir='ltr'><strong>petere</strong></span> <span class='ocrx_word' id='word_1_217' title='bbox 313 3651 476 3731; x_wconf 86' lang='lat' dir='ltr'><strong>potestat</strong></span> <span class='ocrx_word' id='word_1_218' title='bbox 494 3644 551 3711; x_wconf 90' lang='lat' dir='ltr'><strong>liat</strong></span> <span class='ocrx_word' id='word_1_219' title='bbox 569 3651 803 3713; x_wconf 84' lang='lat' dir='ltr'><strong>attentatarum</strong></span> <span class='ocrx_word' id='word_1_220' title='bbox 829 3649 1012 3728; x_wconf 84' lang='lat' dir='ltr'><strong>revocatio,</strong></span> <span class='ocrx_word' id='word_1_221' title='bbox 1036 3650 1104 3716; x_wconf 88' lang='lat' dir='ltr'><strong>sive</strong></span> <span class='ocrx_word' id='word_1_222' title='bbox 1126 3653 1161 3718; x_wconf 91' lang='lat' dir='ltr'><strong>in</strong></span> 
     </span>
    </p>
   </div>
   <div class='ocr_carea' id='block_1_6' title="bbox 65 3763 1161 3970">
    <p class='ocr_par' dir='ltr' id='par_1_11' title="bbox 65 3763 1161 3970">
     <span class='ocr_line' id='line_1_30' title="bbox 65 3763 1161 3852; baseline 0.014 -31"><span class='ocrx_word' id='word_1_223' title='bbox 65 3767 246 3830; x_wconf 88' lang='lat' dir='ltr'><strong>antecessum</strong></span> <span class='ocrx_word' id='word_1_224' title='bbox 257 3769 291 3829; x_wconf 92' lang='lat' dir='ltr'><strong>et</strong></span> <span class='ocrx_word' id='word_1_225' title='bbox 303 3764 502 3846; x_wconf 89' lang='lat' dir='ltr'><strong>separatima</strong></span> <span class='ocrx_word' id='word_1_226' title='bbox 514 3781 609 3829; x_wconf 85' lang='lat' dir='ltr'><strong>eausa</strong></span> <span class='ocrx_word' id='word_1_227' title='bbox 623 3763 805 3848; x_wconf 86' lang='lat' dir='ltr'><strong>principali,</strong></span> <span class='ocrx_word' id='word_1_228' title='bbox 818 3763 989 3831; x_wconf 87' lang='lat' dir='ltr'><strong>sivcsimul</strong></span> <span class='ocrx_word' id='word_1_229' title='bbox 997 3785 1070 3834; x_wconf 90' lang='lat' dir='ltr'><strong>cum</strong></span> <span class='ocrx_word' id='word_1_230' title='bbox 1076 3766 1161 3852; x_wconf 92' lang='lat' dir='ltr'><strong>judi·</strong></span> 
     </span>
     <span class='ocr_line' id='line_1_31' title="bbox 66 3873 1159 3970; baseline 0.013 -34"><span class='ocrx_word' id='word_1_231' title='bbox 66 3873 106 3938; x_wconf 88' lang='lat' dir='ltr'><strong>aio</strong></span> <span class='ocrx_word' id='word_1_232' title='bbox 115 3877 408 3964; x_wconf 86' lang='lat' dir='ltr'><strong>causaeprincipalis.</strong></span> <span class='ocrx_word' id='word_1_233' title='bbox 421 3881 456 3943; x_wconf 84' lang='lat'><strong>3⁰</strong></span> <span class='ocrx_word' id='word_1_234' title='bbox 466 3879 580 3942; x_wconf 86' lang='lat' dir='ltr'><strong>Potest</strong></span> <span class='ocrx_word' id='word_1_235' title='bbox 591 3877 636 3964; x_wconf 89' lang='lat' dir='ltr'><strong>(et</strong></span> <span class='ocrx_word' id='word_1_236' title='bbox 650 3875 752 3944; x_wconf 88' lang='lat' dir='ltr'><strong>dehet</strong></span> <span class='ocrx_word' id='word_1_237' title='bbox 764 3880 791 3943; x_wconf 88' lang='lat' dir='ltr'><strong>si</strong></span> <span class='ocrx_word' id='word_1_238' title='bbox 802 3878 863 3945; x_wconf 89' lang='lat' dir='ltr'><strong>hoo</strong></span> <span class='ocrx_word' id='word_1_239' title='bbox 877 3887 968 3965; x_wconf 88' lang='lat' dir='ltr'><strong>petat</strong></span> <span class='ocrx_word' id='word_1_240' title='bbox 981 3884 1159 3970; x_wconf 81' lang='lat' dir='ltr'><strong>appellans)</strong></span> 
     </span>
    </p>
   </div>
   <div class='ocr_carea' id='block_1_7' title="bbox 26 3993 1159 4082">
    <p class='ocr_par' dir='ltr' id='par_1_12' title="bbox 26 3993 1159 4082">
     <span class='ocr_line' id='line_1_32' title="bbox 26 3993 1159 4082; baseline 0.014 -32"><span class='ocrx_word' id='word_1_241' title='bbox 26 4003 28 4044; x_wconf 76' lang='lat'>1</span> <span class='ocrx_word' id='word_1_242' title='bbox 67 3996 281 4060; x_wconf 87' lang='lat' dir='ltr'><strong>attentatarum</strong></span> <span class='ocrx_word' id='word_1_243' title='bbox 303 3994 469 4059; x_wconf 86' lang='lat' dir='ltr'><strong>revocatio</strong></span> <span class='ocrx_word' id='word_1_244' title='bbox 483 3993 570 4071; x_wconf 87' lang='lat' dir='ltr'><strong>fieri,</strong></span> <span class='ocrx_word' id='word_1_245' title='bbox 589 4000 748 4075; x_wconf 82' lang='lat' dir='ltr'><strong>antequam</strong></span> <span class='ocrx_word' id='word_1_246' title='bbox 762 3997 926 4077; x_wconf 86' lang='lat' dir='ltr'><strong>appellatio</strong></span> <span class='ocrx_word' id='word_1_247' title='bbox 936 3999 1029 4077; x_wconf 81' lang='lat' dir='ltr'><strong>faerit</strong></span> <span class='ocrx_word' id='word_1_248' title='bbox 1036 4002 1159 4082; x_wconf 79' lang='lat' dir='ltr'><strong>justifi-</strong></span> 
     </span>
    </p>
   </div>
   <div class='ocr_carea' id='block_1_8' title="bbox 67 4100 1159 4194">
    <p class='ocr_par' dir='ltr' id='par_1_13' title="bbox 67 4100 1159 4194">
     <span class='ocr_line' id='line_1_33' title="bbox 67 4100 1159 4194; baseline 0.014 -28"><span class='ocrx_word' id='word_1_249' title='bbox 67 4113 136 4189; x_wconf 86' lang='lat' dir='ltr'><strong>cato,</strong></span> <span class='ocrx_word' id='word_1_250' title='bbox 153 4100 245 4190; x_wconf 88' lang='lat' dir='ltr'><strong>idest,</strong></span> <span class='ocrx_word' id='word_1_251' title='bbox 265 4117 439 4194; x_wconf 90' lang='lat' dir='ltr'><strong>antequam</strong></span> <span class='ocrx_word' id='word_1_252' title='bbox 455 4114 593 4186; x_wconf 89' lang='lat' dir='ltr'><strong>constet,</strong></span> <span class='ocrx_word' id='word_1_253' title='bbox 611 4126 653 4173; x_wconf 90' lang='lat' dir='ltr'><strong>an</strong></span> <span class='ocrx_word' id='word_1_254' title='bbox 670 4101 858 4193; x_wconf 90' lang='lat' dir='ltr'><strong>appellandi</strong></span> <span class='ocrx_word' id='word_1_255' title='bbox 875 4130 971 4176; x_wconf 88' lang='lat' dir='ltr'><strong>cansa</strong></span> <span class='ocrx_word' id='word_1_256' title='bbox 995 4115 1036 4178; x_wconf 89' lang='lat' dir='ltr'><strong>sit</strong></span> <span class='ocrx_word' id='word_1_257' title='bbox 1055 4133 1159 4181; x_wconf 91' lang='lat' dir='ltr'><strong>necne</strong></span> 
     </span>
    </p>
   </div>
   <div class='ocr_carea' id='block_1_9' title="bbox 28 4215 1161 4424">
    <p class='ocr_par' dir='ltr' id='par_1_14' title="bbox 28 4215 1161 4414">
     <span class='ocr_line' id='line_1_34' title="bbox 28 4215 1161 4332; baseline 0.013 -51"><span class='ocrx_word' id='word_1_258' title='bbox 28 4249 31 4322; x_wconf 62' lang='lat'>3</span> <span class='ocrx_word' id='word_1_259' title='bbox 67 4215 137 4298; x_wconf 87' lang='lat' dir='ltr'><strong>juata</strong></span> <span class='ocrx_word' id='word_1_260' title='bbox 150 4232 182 4292; x_wconf 90' lang='lat' dir='ltr'><strong>et</strong></span> <span class='ocrx_word' id='word_1_261' title='bbox 194 4225 353 4310; x_wconf 82' lang='lat' dir='ltr'><strong>legitima.</strong></span> <span class='ocrx_word' id='word_1_262' title='bbox 372 4226 413 4291; x_wconf 83' lang='lat' dir='ltr'><strong>Et</strong></span> <span class='ocrx_word' id='word_1_263' title='bbox 429 4223 488 4290; x_wconf 91' lang='lat' dir='ltr'><strong>hcc</strong></span> <span class='ocrx_word' id='word_1_264' title='bbox 507 4242 622 4290; x_wconf 90' lang='lat' dir='ltr'><strong>verum</strong></span> <span class='ocrx_word' id='word_1_265' title='bbox 639 4231 704 4302; x_wconf 87' lang='lat' dir='ltr'><strong>est,</strong></span> <span class='ocrx_word' id='word_1_266' title='bbox 724 4226 792 4290; x_wconf 86' lang='lat' dir='ltr'><strong>sive</strong></span> <span class='ocrx_word' id='word_1_267' title='bbox 812 4227 955 4332; x_wconf 87' lang='lat' dir='ltr'><strong>appellet</strong></span> <span class='ocrx_word' id='word_1_268' title='bbox 956 4247 997 4295; x_wconf 92' lang='lat' dir='ltr'><strong>ur</strong></span> <span class='ocrx_word' id='word_1_269' title='bbox 1013 4249 1032 4294; x_wconf 89' lang='lat' dir='ltr'><strong>a</strong></span> <span class='ocrx_word' id='word_1_270' title='bbox 1048 4228 1161 4296; x_wconf 90' lang='lat' dir='ltr'><strong>delini·</strong></span> 
     </span>
     <span class='ocr_line' id='line_1_35' title="bbox 29 4329 1160 4424; baseline 0.016 -28"><span class='ocrx_word' id='word_1_271' title='bbox 29 4349 31 4414; x_wconf 77' lang='lat' dir='ltr'><strong>t</strong></span> <span class='ocrx_word' id='word_1_272' title='bbox 68 4335 136 4416; x_wconf 89' lang='lat' dir='ltr'><strong>tiva,</strong></span> <span class='ocrx_word' id='word_1_273' title='bbox 165 4343 230 4409; x_wconf 88' lang='lat' dir='ltr'><strong>sive</strong></span> <span class='ocrx_word' id='word_1_274' title='bbox 253 4341 295 4407; x_wconf 92' lang='lat' dir='ltr'><strong>ab</strong></span> <span class='ocrx_word' id='word_1_275' title='bbox 330 4329 575 4406; x_wconf 88' lang='lat' dir='ltr'><strong>interlocutoria</strong></span> <span class='ocrx_word' id='word_1_276' title='bbox 600 4340 665 4406; x_wconf 90' lang='lat' dir='ltr'><strong>vim</strong></span> <span class='ocrx_word' id='word_1_277' title='bbox 690 4337 866 4407; x_wconf 80' lang='lat' dir='ltr'><strong>definitiva</strong></span> <span class='ocrx_word' id='word_1_278' title='bbox 891 4342 1051 4424; x_wconf 87' lang='lat' dir='ltr'><strong>habenta,</strong></span> <span class='ocrx_word' id='word_1_279' title='bbox 1089 4346 1160 4414; x_wconf 90' lang='lat' dir='ltr'><strong>slve</strong></span> 
     </span>
    </p>
   </div>
   <div class='ocr_carea' id='block_1_10' title="bbox 32 4447 1159 4632">
    <p class='ocr_par' dir='ltr' id='par_1_15' title="bbox 32 4447 1159 4632">
     <span class='ocr_line' id='line_1_36' title="bbox 32 4447 1159 4541; baseline 0.016 -24.609"><span class='ocrx_word' id='word_1_280' title='bbox 32 4447 105 4512; x_wconf 75' lang='lat' dir='ltr'><strong>sb</strong></span> <span class='ocrx_word' id='word_1_281' title='bbox 122 4454 218 4541; x_wconf 88' lang='lat' dir='ltr'><strong>aliquo</strong></span> <span class='ocrx_word' id='word_1_282' title='bbox 240 4464 316 4522; x_wconf 89' lang='lat' dir='ltr'><strong>actu</strong></span> <span class='ocrx_word' id='word_1_283' title='bbox 339 4463 445 4521; x_wconf 82' lang='lat' dir='ltr'><strong>extra·</strong></span> <span class='ocrx_word' id='word_1_284' title='bbox 442 4454 600 4540; x_wconf 91' lang='lat' dir='ltr'><strong>judiciali.</strong></span> <span class='ocrx_word' id='word_1_285' title='bbox 616 4455 720 4540; x_wconf 78' lang='lat' dir='ltr'><strong>Atque</strong></span> <span class='ocrx_word' id='word_1_286' title='bbox 737 4456 782 4520; x_wconf 89' lang='lat' dir='ltr'><strong>ita</strong></span> <span class='ocrx_word' id='word_1_287' title='bbox 807 4465 922 4524; x_wconf 85' lang='lat' dir='ltr'><strong>tenere</strong></span> <span class='ocrx_word' id='word_1_288' title='bbox 944 4466 1159 4534; x_wconf 87' lang='lat' dir='ltr'><strong>communiter</strong></span> 
     </span>
     <span class='ocr_line' id='line_1_37' title="bbox 191 4571 1017 4632; baseline 0.007 -6"><span class='ocrx_word' id='word_1_289' title='bbox 191 4571 222 4630; x_wconf 92' lang='grc'><strong>11.</strong></span> <span class='ocrx_word' id='word_1_290' title='bbox 512 4577 516 4586; x_wconf 90' lang='grc'><em>“</em></span> <span class='ocrx_word' id='word_1_291' title='bbox 983 4576 1017 4632; x_wconf 72' lang='lat' dir='ltr'><strong>ll</strong></span> 
     </span>
    </p>
   </div>
   <div class='ocr_carea' id='block_1_11' title="bbox 0 0 1428 5118">
    <p class='ocr_par' dir='ltr' id='par_1_16' title="bbox 0 0 1428 5118">
     <span class='ocr_line' id='line_1_38' title="bbox 0 0 1428 5118; baseline 0 0"><span class='ocrx_word' id='word_1_292' title='bbox 0 0 1428 5118; x_wconf 95' lang='lat' dir='ltr'><strong> </strong></span> 
     </span>
    </p>
   </div>
  </div>
 </body>
</html>
