2836 5118
454 375 534 424 exus
554 313 713 424 samana.
1079 361 1144 426 259

45 497 205 586 lamando,
227 486 315 585 justa
337 506 405 584 est;
417 497 636 582 aeconomia
657 513 852 601 quemquern
868 495 988 582 mle
1003 507 1143 583 ,μανψ

45 623 75 681 et
89 621 322 700 consequenter
340 633 401 680 nec
424 614 544 682 Titium
560 612 712 698 gravavit
732 613 909 697 llqrbccpus
926 631 1049 680 moram
1065 614 1148 699 legis
1178 659 1181 666 a

45 731 256 796 executionem
276 737 391 797 contra
413 728 521 814 ipsum
543 727 709 813 mgeud03
728 727 815 796 unde
832 727 941 796 nullus
956 728 1055 796 datur
1067 738 1148 796 tuuc

45 844 245 928 appellationi
260 845 363 912 locus.

81 961 224 1028 Diximus
241 968 353 1028 mmeu
372 963 565 1043 repetrritcr.
583 961 664 1028 llam
680 960 835 1044 primosi
853 959 909 1026 lex
932 957 1148 1045 discipliwis

45 1095 106 1163 que
120 1078 303 1162 applicatur
316 1078 441 1144 nonsit
460 1078 666 1156 universalis,
690 1077 749 1144 sed
769 1078 975 1161 particarlaris
988 1078 1079 1164 (puta
1092 1079 1149 1144 ali·

45 1192 125 1278 cnjus
142 1192 315 1262 dumtaxat
328 1193 518 1273 diaeceseos,
533 1195 587 1260 vel
602 1193 776 1279 provincia
788 1192 1040 1278 eademsticae),
1057 1195 1149 1260 abso-

44 1308 103 1376 lute
115 1308 314 1403 lieripntest
327 1310 417 1376 utsit
429 1309 547 1397 injusta
566 1310 619 1376 rel
638 1328 751 1395 prava.
770 1309 843 1391 Quo
862 1327 939 1375 casu
953 1308 995 1375 ab
1010 1311 1152 1396 applica-

45 1427 121 1492 tione
148 1425 224 1492 taiis
253 1424 334 1509 legis
363 1425 450 1490 licita
479 1426 543 1492 crit
569 1425 764 1510 appellati03
795 1423 854 1490 sed
879 1433 961 1490 tuuc
989 1424 1151 1510 producet

46 1539 185 1607 eiectum
201 1539 429 1608 devolutivum
450 1548 589 1620 tautum,
604 1559 669 1606 uon
687 1547 797 1606 autem
809 1539 1033 1623 suspensivum
1051 1563 1059 1607 ε
1074 1561 1150 1608 nam

46 1674 80 1722 ex
90 1657 191 1724 citatis
204 1655 404 1724 Tridentinis
422 1655 579 1734 textibus,
593 1664 730 1723 caretur
745 1675 787 1722 ue
800 1662 835 1721 io
848 1663 947 1720 canna
966 1663 1152 1723 matinata

46 1776 265 1838 etwnectioaia
281 1791 408 1852 ownan,
429 1771 671 1854 appellationes,
690 1771 789 1836 etiam
807 1769 937 1856 quando
948 1771 1037 1837 licite
1049 1765 1151 1838 inteb-

45 1884 90 1970 jiei
106 1896 257 1970 possum,
276 1887 502 1970 suspensivum
531 1885 685 1952 edentum
702 1885 855 1952 habeant.
877 1889 1022 1967 secando,
1046 1887 1151 1970 posita

48 2003 131 2070 etiam
141 2004 222 2088 legis
234 2001 371 2088 justitia,
386 2009 496 2086 potest
506 2002 578 2088 quis
587 2003 621 2066 in
631 2001 752 2068 talibus
764 2003 887 2068 versari
899 2003 1151 2086 particularibus

48 2114 294 2191 nucumstuntiis,
318 2121 356 2178 ut
370 2120 513 2198 nequeat
535 2133 573 2178 ea
587 2113 643 2178 lex
662 2111 751 2197 juste
768 2113 829 2198 ipsi
848 2113 1004 2198 applicari
1025 2137 1034 2180 ε
1056 2115 1151 2184 verbi

49 2232 146 2312 nem,
159 2232 186 2296 si
199 2228 305 2296 Titius
317 2229 353 2294 iu
367 2228 500 2312 regione
517 2245 613 2312 mam
629 2227 753 2307 incolit,
767 2237 909 2313 nequeat
922 2229 1045 2315 absque
1060 2235 1152 2316 gravi

48 2346 178 2426 periodo
200 2345 258 2413 vel
272 2342 477 2410 incommodo
492 2343 677 2410 clericalem
694 2342 840 2410 habitam
862 2363 992 2428 gerere.
1013 2347 1086 2428 Qua
1097 2367 1150 2414 ra-
1269 2344 1272 2348 ’

48 2462 123 2528 inne
136 2464 245 2542 auus,
258 2461 380 2546 poterit
392 2460 434 2528 ab
448 2461 617 2545 Episcopo,
630 2461 738 2544 legem
750 2468 864 2528 contra
877 2462 983 2545 ipsum
996 2473 1148 2548 arpenta,

50 2580 211 2662 appellare.
239 2577 305 2644 Sed
327 2584 408 2642 tuuc
432 2576 465 2642 iu
489 2586 565 2643 actu
588 2577 812 2661 appellationis
839 2578 1022 2662 exprimere
1049 2579 1152 2650 debat

50 2693 208 2774 specialem
229 2709 380 2770 mamam,
399 2690 442 2758 ob
461 2709 561 2776 wem
581 2691 655 2770 lex,
672 2691 870 2777 ceteroquin
888 2689 993 2776 juata,
1011 2695 1074 2778 ipsi
1093 2715 1150 2781 ap-

50 2806 185 2888 pliraudu
202 2827 271 2875 uon
293 2813 355 2874 est.
375 2805 526 2892 Alioquin
547 2805 648 2890 ipsius
668 2807 843 2890 appellatio
858 2811 1013 2892 tanquam
1035 2809 1151 2881 frivola

50 2919 211 3006 rejiciatur.

86 3041 116 3104 2⁰
131 3044 175 3106 Ab
195 3047 270 3106 acta
291 3041 452 3121 episccpnli
469 3039 755 3121 marapdtcntttcr
776 3046 875 3120 pecto,
903 3047 933 3103 et
957 3043 996 3105 ab
1021 3045 1152 3124 pmcn

50 3161 180 3220 latentia
195 3155 345 3238 jndidcli
362 3153 522 3232 definitiva
546 3152 693 3238 (pamma
713 3153 775 3216 tao
788 3157 822 3217 in
834 3157 1018 3233 violatione,
1034 3159 1083 3221 net
1092 3178 1152 3242 pro

51 3285 149 3334 nerana
160 3275 345 3336 correctione
358 3266 452 3353 piant)
469 3271 620 3352 appellari
634 3276 757 3351 poteat‚·
771 3271 824 3334 aad
843 3273 885 3334 ad
906 3274 1042 3352 affectant
1063 3277 1155 3340 anna

53 3388 126 3450 tacut
137 3389 354 3464 laminitaneo,
368 3385 540 3450 conantem
553 3390 771 3467 mapenaionm.
786 3421 831 3434 -
845 3386 979 3452 Constat
991 3407 1033 3454 ex
1046 3390 1152 3458 citatis

52 3495 232 3568 ludentmis
250 3499 400 3568 testibus.
417 3499 498 3566 Nam
515 3499 621 3583 capite
644 3501 656 3563 l
677 3499 828 3566 nomionis
851 3502 904 3579 ii,
926 3508 961 3566 et
984 3502 1090 3585 eapite
1109 3508 1153 3572 lt)

50 3615 179 3684 aesbuis
197 3619 253 3694 al,
280 3634 434 3699 expresse
448 3614 642 3684 decernitur
661 3635 715 3694 ne,
740 3615 772 3680 iu
792 3617 896 3682 cauam
911 3617 1101 3686 viseum
1116 3630 1151 3688 et

51 3735 246 3801 acuentionis
263 3751 403 3810 morum,
421 3732 595 3817 appellatio
610 3738 815 3815 mspcnsioam
830 3731 985 3799 effectum
1003 3733 1147 3805 babeat:

52 3855 240 3917 armantem
261 3846 407 3934 synodus
428 3866 494 3914 non
515 3845 682 3914 addiderit
704 3867 796 3931 noque
816 3851 1037 3933 mantnano,
1063 3853 1151 3921 hunc

52 3961 184 4032 ultimum
201 3963 357 4032 effectum
374 3961 582 4046 appellationi
600 3962 767 4047 reliquisse
783 3963 946 4030 censenda
961 3975 1022 4033 est.
1043 3969 1149 4056 Atque

53 4074 90 4142 ita
111 4078 338 4165 intelligendos
367 4095 439 4144 esse
468 4076 574 4144 dictos
601 4077 807 4145 Tridentinus
831 4087 942 4146 textus
969 4081 1150 4152 declaravit

55 4187 135 4258 Sacra
154 4195 371 4280 congregatio
390 4191 534 4270 concilii,
555 4200 697 4260 testante
718 4192 753 4258 id
764 4195 937 4276 Laurento,
950 4196 999 4262 his
1017 4199 1147 4267 verbio:

59 4305 168 4376 «Sacra
183 4308 399 4393 &effugatio
413 4307 547 4376 Consilii
562 4309 720 4389 consulta,
734 4329 775 4376 au
789 4310 824 4375 in
838 4314 942 4379 caude
960 4313 1151 4382 τὶείῐάἱίοηίε

60 4431 115 4488 aet
131 4425 349 4502 mmecticnia,
366 4423 523 4507 appellari
540 4425 641 4506 possit
658 4433 732 4508 post
747 4424 960 4506 denudum,
981 4429 1161 4512 respoudit,
