2914 5122
609 365 797 422 mentium
819 365 863 420 llil
885 365 1033 422 miliens.

713 697 847 765 CAPUT
862 699 904 762 ll.

711 967 756 1012 nt:
773 965 922 1014 mammo.

300 1253 444 1322 Dicim'us
464 1260 494 1320 1⁰
511 1255 590 1340 quid
606 1256 648 1320 sil
659 1255 786 1320 libellus
802 1263 836 1320 et
852 1233 1051 1342 quotuplex;
1076 1260 1109 1322 2ο
1127 1279 1170 1322 un
1184 1261 1358 1326 necessario

254 1371 458 1438 adhibendus
475 1373 533 1454 sit;
547 1374 582 1437 3ο
597 1372 700 1457 qualis
711 1391 781 1436 esse
798 1371 935 1455 deheul;
954 1374 988 1437 4⁰
999 1393 1042 1438 uu
1050 1381 1085 1438 et
1095 1382 1269 1458 quotenus,
1283 1385 1360 1458 post·

254 1508 351 1575 quum
363 1487 467 1572 judici
477 1487 539 1552 fuit
554 1495 735 1572 porrectus,
754 1489 872 1554 mutari
888 1489 939 1554 vel
953 1490 1070 1572 corrigi
1085 1490 1202 1556 valent.

789 1758 847 1834 §L

607 1981 667 2038 Quid
678 1981 709 2029 sil
721 1981 815 2029 libellus
828 1988 850 2028 et
868 1980 1001 2042 quotuplex.

306 2263 320 2290 e
336 2231 478 2298 libellum
491 2227 661 2314 judicialis,
676 2224 718 2290 de
737 2243 802 2310 quo
816 2225 867 2290 hic
881 2225 1000 2308 egitur,
1017 2233 1067 2290 eet
1082 2225 1246 2310 scriplum
1263 2227 1367 2293 brevic

262 2377 275 2406 a
293 2346 435 2435 (reiectis
447 2359 564 2428 nempe
576 2338 773 2426 superfluis),
789 2341 886 2416 oleru,
900 2340 970 2406 eine
987 2341 1241 2428 mquimculioue
1253 2342 1308 2408 vel
1321 2361 1366 2426 gc·

262 2493 276 2521 e
293 2462 475 2538 uerulitule‚
492 2461 660 2526 continens
674 2467 746 2524 'reru
761 2474 832 2542 qum
846 2457 879 2520 in
898 2454 1021 2540 judicio
1041 2458 1174 2540 petitur,
1189 2465 1226 2522 et
1241 2475 1375 2553 causum!

263 2577 438 2663 «petendi,
456 2592 495 2644 uc
506 2593 625 2644 nomeu
636 2574 764 2650 notorie,
779 2570 868 2658 quod
885 2573 919 2638 iu
935 2571 1023 2638 culce
1034 2571 1139 2638 libelli
1160 2573 1364 2640 scribendum

260 2727 276 2752 κ
294 2704 363 2779 eul3
378 2711 495 2762 nomeu
507 2692 626 2778 judicis
642 2688 732 2776 quod
752 2689 897 2754 exterius
913 2687 1026 2755 libello
1038 2689 1236 2768 inscribitur,
1259 2698 1295 2756 et
1313 2709 1365 2755 nn·

261 2831 365 2878 umen
382 2812 441 2876 liei
456 2809 511 2895 qui
523 2809 726 2876 convenitur.
750 2836 762 2858 υ
785 2805 1041 2892 (Bnumgurtuer,
1065 2805 1107 2872 nd
1130 2807 1264 2872 titulum
1279 2807 1364 2887 usli-

254 2926 308 2994 bri
320 2931 340 2992 2
351 2925 494 3001 decret..
506 2923 711 2992 conclusione
725 2919 768 3004 1.)
779 2921 915 2988 Breviuu
929 2921 1011 2986 solet
1027 2941 1066 2986 eu
1075 2921 1178 2988 libelli
1192 2923 1363 3007 descriptio

254 3041 305 3110 hin
323 3041 470 3108 versibus
483 3041 640 3124 exprimi:

345 3225 431 3300 (luis,
449 3221 533 3302 quid,
553 3239 651 3281 corum
666 3238 733 3299 quo,
752 3235 808 3298 quo
817 3221 1032 3298 jmepemtm,
1052 3224 1112 3280 elo
1130 3238 1197 3300 quo,

344 3341 430 3401 Recte
440 3343 615 3418 cooiposllus
630 3341 752 3416 quisque
762 3335 879 3394 libellus
896 3333 994 3394 Imbel.

306 3545 318 3570 ιι
338 3515 468 3599 Duplex
484 3515 570 3580 illius
587 3511 702 3578 divisio
720 3533 729 3576 ι
750 3515 781 3574 1⁰
797 3512 829 3576 iu
844 3514 1007 3594 simplicem
1023 3531 1081 3578 seu
1103 3521 1312 3595 nummarium,
1335 3521 1365 3580 et

261 3634 326 3698 «in
344 3634 538 3696 arlimlnlnm
561 3647 620 3700 seu
636 3633 880 3711 positimmrium.
896 3628 956 3693 Ille
976 3636 1027 3693 est
1047 3629 1103 3713 qui
1120 3633 1315 3710 summutim‚
1335 3639 1365 3696 et

260 3744 970 3832 ·continuaquadamomtmniscontemtoris
979 3745 1193 3810 intentionem
1204 3747 1370 3830 perierit
1441 3831 1442 3836 Ἰ

261 3865 353 3929 «Iste
368 3864 401 3928 in
420 3880 485 3947 quo
498 3862 613 3926 meritn
628 3877 731 3926 cuusoe
757 3879 817 3942 per
838 3858 993 3924 articulos
1011 3868 1251 3943 proponuntur.
1282 3865 1318 3926 2⁰
1331 3863 1361 3924 in

261 4009 273 4033 ι
291 3981 409 4042 civilem
418 3987 452 4044 el
462 3979 660 4041 criminalem.
675 3975 794 4052 Civilis,
807 3975 863 4059 qui
877 3976 974 4040 etium
987 3979 1223 4040 commotionum
1233 3973 1360 4052 dicitur,
1441 3961 1442 3968 ἵ

260 4103 340 4160 «eet
365 4096 421 4180 qni
442 4109 503 4177 puo
524 4089 784 4176 objectolmbel
798 4109 927 4156 causum
947 4090 1074 4156 civilem
1090 4112 1097 4157 :
1114 4093 1287 4159 criminalis
1311 4093 1363 4177 qui

259 4212 387 4276 «etium
405 4209 630 4292 querimonialis
645 4206 840 4289 appellatur,
864 4207 921 4291 qui
932 4224 1003 4290 pro
1028 4206 1158 4292 objecto
1178 4207 1276 4274 hobel
1293 4227 1363 4273 cun·

258 4343 355 4390 nsum
378 4323 587 4390 criminalem.
607 4350 619 4376 ·›
640 4320 952 4407 (Schmnlzgrueher,
978 4324 1011 4387 in
1039 4323 1170 4390 tilulum
1189 4328 1221 4403 3,
1249 4323 1323 4389 libri
1344 4326 1361 4386 ‘2
1441 4353 1442 4418 3

252 4438 474 4515 decretalium,
494 4443 509 4515 5
531 4442 560 4515 1,
578 4457 611 4502 u.
634 4435 676 4520 l.)
1441 4419 1442 4442 ¹
