2838 5114
489 362 565 406 suns·
589 363 746 408 secusne.
1112 359 1169 418 371

89 502 104 538 ι
111 489 317 560 pernocteme
331 485 441 546 mando
455 486 587 550 emiterii.
611 488 706 550 Multo
729 493 808 550 enim
830 496 954 570 monins
968 501 1021 556 'esi
1044 514 1177 560 carram-

87 617 169 677 opera
184 599 283 675 fidem,
296 620 354 680 per
372 621 460 680 qnam
476 609 520 664 esi
538 609 648 666 anima
661 610 737 683 viia,
762 625 850 685 qnam
873 610 987 686 falsare
1005 619 1168 694 moenium,

86 737 100 770 ιι
110 734 158 793 per
173 735 258 795 qnam
277 719 436 796 temporali
453 723 524 780 oilie
543 720 727 784 snboenilnr.
755 725 839 784 Unde
854 729 881 786 si
892 727 1016 803 falsarii
1031 736 1178 809 pecnnia,-

87 832 149 890 ncel
167 833 221 894 alii
235 834 442 911 malefactores
456 839 632 913 statimqne
655 837 811 898 saeculares
825 845 974 920 principes
987 847 1071 923 jaste
1088 852 1181 908 morli

87 965 99 1002 ιι
114 949 277 1026 traduntur,
296 951 392 1010 rnalto
408 954 506 1028 maqis
526 951 669 1029 haretici,
692 959 796 1016 statim
815 973 854 1016 ea
870 976 926 1034 qno
942 959 979 1020 ela
993 959 1098 1022 dieresi
1112 981 1179 1024 eon·

83 1067 271 1141 evincantur,
282 1071 409 1144 possunt
420 1085 478 1126 nan
492 1068 586 1127 solnm
597 1073 859 1148 excommunicari,
881 1075 932 1134 sad
946 1078 1175 1154 eijnsleoceieli.

81 1179 243 1258 alienarii
263 1187 362 1241 antem
381 1182 518 1242 Ecclesia
531 1188 575 1244 esl
590 1186 796 1246 misericordia
811 1187 852 1248 ed
874 1194 1041 1252 erranlinm
1057 1211 1179 1254 conarer-

80 1311 95 1351 n
108 1299 224 1374 simam·
240 1303 270 1358 ei
281 1299 347 1358 idea
360 1316 419 1359 non
434 1303 538 1360 statim
553 1301 738 1376 condemnat,
754 1303 806 1364 sed
814 1311 885 1382 posi
892 1309 1025 1384 primam
1038 1315 1068 1370 el
1080 1328 1180 1374 secun·

81 1416 168 1476 aelam
180 1420 403 1498 correptionem,
424 1423 459 1478 ni
477 1418 635 1496 Apostolus
652 1420 735 1480 docel
750 1439 760 1480 :
773 1425 961 1500 postmodnm
976 1443 1056 1500 aera,
1078 1431 1105 1488 si
1122 1431 1178 1490 ael·

79 1529 153 1591 alac
177 1536 324 1611 peretum
354 1536 541 1606 inveniatur,
573 1535 705 1594 Ecclesia
739 1537 775 1596 de
809 1540 871 1616 ejas
900 1547 1088 1604 conversione
1118 1563 1178 1610 non

79 1667 92 1702 ιι
107 1667 232 1727 speram,
259 1649 388 1708 aliornm
415 1648 509 1709 saluti
522 1651 677 1727 providet,
703 1669 769 1712 enm
794 1654 832 1712 alr
858 1655 990 1718 Ecclesia
1009 1663 1175 1738 separanda

79 1783 91 1820 ιι
100 1782 150 1842 per
162 1767 474 1826 cacommnnieoiicn-is
494 1770 682 1842 sententium,
708 1773 737 1828 ei
758 1770 885 1832 allerias
899 1774 1091 1852 relinquenda
1107 1797 1173 1840 eam

78 1881 203 1958 1=jnclicio
216 1882 354 1941 soeculari
368 1899 386 1940 o
399 1881 510 1942 monela
523 1885 782 1944 exterminandam
793 1903 851 1964 per
864 1895 998 1952 inertem.
1017 1911 1032 1948 o
1054 1893 1174 1957 Memo-

75 2001 136 2057 mnt
145 2003 257 2076 postea
268 1992 473 2058 Bollandistae
486 1995 641 2075 plurimos
651 2005 789 2074 sanctos,
804 2001 859 2081 qui
873 2001 1084 2085 inquisitionis
1101 2027 1172 2074 mu-

74 2125 140 2173 nere
153 2110 338 2192 iungentes
360 2110 526 2174 convictas
542 2109 740 2194 judicialiter
759 2121 793 2178 et
811 2115 988 2184 obstinatos
1003 2120 1173 2189 hereticos

73 2221 192 2291 brachio
207 2227 355 2290 saeculari
370 2234 475 2290 morte
488 2225 671 2292 afficiendos
686 2227 865 2294 tradidero.

108 2346 139 2407 3⁰
162 2345 319 2407 Diseussis
341 2342 548 2417 testimoniis,
568 2342 767 2406 concludunt
789 2345 996 2412 Bollaudistae
1020 2361 1166 2418 satiatum

70 2459 272 2537 Dominicum‚
292 2461 317 2524 si
329 2459 372 2523 de
387 2480 420 2522 re
438 2465 641 2540 insanguine,
659 2460 758 2525 foisse
776 2481 854 2526 vere
875 2464 1096 2548 inquisitorem
1117 2490 1124 2532 :
1143 2475 1169 2538 si

69 2593 136 2641 vero
146 2577 279 2662 quaestio
293 2577 334 2640 sit
348 2581 384 2639 de
402 2582 535 2655 nomine,
551 2595 611 2639 nec
625 2577 740 2658 ipsum,
757 2597 817 2644 nee
829 2577 961 2646 beatum
978 2584 1112 2650 Petrum
1125 2586 1167 2652 de

68 2691 275 2758 Castra-Novo
288 2692 526 2775 inquisitionem
545 2693 745 2774 exercuisse3
762 2694 836 2776 quia
857 2695 1001 2762 nandum
1026 2700 1086 2764 sub
1107 2701 1168 2766 hoe

67 2811 206 2886 nomine,
236 2817 269 2873 et
298 2807 396 2873 modo
421 2807 547 2884 stabili,
575 2807 787 2890 inquisitionis
812 2809 966 2893 delegata
996 2817 1167 2884 tribunalia

68 2926 230 2989 calamitate
263 2926 404 3000 fuerant,
431 2947 445 2982 ιι
469 2923 559 2988 Licet
582 2943 651 2998 ιιοε,
677 2925 883 3024 inquiunt‚..7
909 2947 1025 2994 reuma
1054 2935 1169 2998 sentia-

71 3061 177 3118 nmus
193 3059 298 3124 neque
323 3047 470 3106 sanctum
494 3041 627 3104 Petrum
645 3037 686 3104 de
702 3041 933 3121 Castro-Nove,
963 3066 1070 3132 neque
1097 3069 1168 3116 sun-

70 3167 180 3222 cottum
198 3157 403 3224 Domiuieum
428 3175 568 3240 uuquam
594 3163 712 3220 numnine
742 3158 795 3243 (de
818 3179 854 3224 re
883 3161 975 3226 facile
1003 3167 1088 3232 niter
1111 3190 1169 3236 iios

69 3277 276 3349 «conveniet,
307 3279 345 3336 ut
373 3292 471 3355 supra
499 3271 726 3356 indicavimus)
757 3280 968 3354 inquisitorem
1003 3280 1170 3365 insignitos

70 3389 200 3466 ciuisse,
217 3397 326 3454 tumen
344 3389 385 3452 ab
404 3387 638 3464 eruditisviciS,
659 3395 693 3452 et
711 3387 819 3452 studio
836 3393 976 3488 partium
994 3395 1116 3475 aliosne,
1136 3401 1170 3465 ii·

68 3527 83 3564 «
98 3505 212 3570 beuter
227 3505 403 3580 discemus,
421 3525 460 3568 au
473 3506 505 3567 iu
517 3503 578 3567 hoc
586 3502 712 3586 judicio
724 3493 889 3570 averitate
906 3508 1165 3580 aberravimus.»

69 3617 156 3706 (Loco
169 3625 238 3700 cit,
253 3643 286 3686 n.
304 3619 394 3704 319.)

107 3739 139 3801 4⁰
154 3739 222 3803 Non
237 3757 316 3821 ergo
332 3737 550 3820 peremptoria
564 3735 770 3800 Bollaudistis
786 3738 852 3802 visa
867 3748 941 3804 sunt
958 3740 1165 3827 documenta,

65 3866 131 3930 quae
147 3851 264 3916 adduci
277 3851 383 3918 solent
401 3849 444 3913 ad
456 3847 660 3931 probandum
676 3856 822 3914 sanctum
836 3851 1037 3920 Domiuieum
1052 3878 1070 3920 n
1084 3859 1167 3926 Sede

67 3965 238 4047 Apostolica
263 3968 446 4032 institutum
474 3965 572 4033 fuisse
594 3972 726 4046 prienam
752 3972 967 4046 inquisitorem.
988 3973 1059 4039 Duo
1084 3975 1169 4060 ejus-

66 4081 146 4146 modi
161 4084 355 4150 documenta
374 4083 514 4163 allegant
526 4083 694 4146 contrarie
711 4082 880 4146 sementim
894 4090 1020 4166 patroni
1040 4112 1047 4154 :
1066 4095 1169 4173 primo

67 4199 180 4264 seilicet
194 4199 374 4266 Innocentii
386 4200 432 4265 1ss
445 4205 479 4262 et.
496 4199 629 4263 Honorii
649 4200 696 4262 ill
709 4200 845 4274 litteras
862 4201 980 4284 quibus
993 4204 1170 4289 inquisitio-

67 4313 235 4381 nismnnns
251 4324 361 4380 sancto
377 4315 543 4378 Dominicis
564 4313 831 4379 demandabotur.
855 4316 919 4381 Sed
940 4319 1035 4386 fateri
1050 4344 1170 4409 cogun-

68 4436 119 4492 tur
141 4453 192 4497 eas
212 4435 339 4497 litteras
358 4430 422 4515 jam
449 4451 510 4494 nou
534 4432 681 4495 inveniri.
701 4432 845 4496 Alterum
868 4434 1098 4520 documentum
1121 4453 1172 4510 est
