2848 5118
248 369 312 432 212
589 377 776 426 micturus
799 379 842 426 nn
864 377 1013 426 sumens.

248 508 285 574 Iu
300 504 415 572 dandis
428 523 510 572 vero
524 510 636 590 postea
655 504 721 570 suis
739 484 882 569 articulis
904 499 1106 579 defensariis,
1122 500 1245 584 poterit
1260 500 1349 584 inqui·

248 623 330 690 situs
344 623 404 689 hae
416 623 470 688 vel
484 620 578 686 simili
589 621 728 687 formula
740 621 789 684 uti
805 641 812 685 :
833 624 943 698 Titios,
957 625 1126 699 protensus
1139 636 1220 694 rens,
1235 616 1350 697 proban

247 743 398 803 intendit:
417 743 491 817 i...‚
511 741 587 817 2...,
606 746 676 815 ete,
701 744 730 800 et
744 738 901 820 producet,
924 737 1023 816 quood
1048 736 1107 798 1...
1126 741 1156 796 et
1171 735 1234 798 2...
1254 737 1351 801 artne-
1413 739 1414 774 i

249 857 322 934 inm,
341 860 429 917 testes
451 857 491 919 N.
512 860 542 916 et
557 857 597 918 N.
602 876 617 934 ;
633 855 742 936 quood,
763 859 818 914 ete.
1413 835 1414 924 i

290 971 488 1036 Pnoeosmo
499 969 569 1033 Iva.
582 971 682 1032 -Jns
691 969 880 1050 proponendi
886 969 1051 1048 positiones
1063 973 1093 1028 et
1108 966 1255 1046 capitulo,
1269 981 1352 1026 seonn
1413 925 1414 992 i

249 1088 355 1164 trahit,
383 1089 481 1170 quood
499 1092 618 1168 portem
639 1087 816 1164 odoersorn,
845 1085 1054 1164 obiipotionem
1080 1083 1289 1163 respondendi.
1317 1117 1353 1128 -

249 1201 382 1268 Constat
400 1221 441 1266 ex
457 1199 613 1266 decretali
638 1205 836 1264 Proesentinm
851 1199 893 1284 (2,
914 1201 951 1262 ete
971 1200 1117 1274 i'estr'bns,
1130 1197 1164 1260 in
1182 1194 1228 1281 6),
1248 1195 1354 1261 ubisit

249 1317 432 1402 disponitur
448 1339 455 1382 ε
472 1323 623 1382 Pretereo
641 1319 822 1398 sinpiitotirn
836 1335 925 1397 snper
936 1304 1064 1396 quolibet
1078 1317 1208 1378 articulo
1223 1320 1256 1376 in
1268 1314 1354 1395 quoii·

250 1437 296 1498 bet
321 1439 473 1516 positione
500 1441 636 1498 contento
655 1436 752 1513 foetos
775 1453 795 1494 o
814 1434 957 1514 portibus
978 1431 1159 1509 sufficienter
1178 1433 1221 1492 ud
1243 1435 1356 1492 invicem

250 1553 432 1632 responderi.
449 1551 554 1634 Atque
573 1548 660 1614 idem
681 1555 862 1615 constater
878 1546 944 1610 fine
959 1545 1029 1629 ipso
1044 1545 1086 1609 ob
1105 1562 1204 1628 quem
1219 1542 1357 1611 introdu-

251 1671 324 1730 ctus
339 1665 403 1729 fuit
418 1665 614 1747 positionum
626 1681 714 1762 usus3
733 1660 776 1727 ad
796 1659 979 1726 habendam
994 1679 1114 1744 nempe
1133 1661 1235 1746 partis
1252 1658 1358 1724 adrer-

250 1797 293 1843 se
309 1779 544 1845 confessionem
561 1778 614 1843 vel
629 1779 835 1860 negationem
848 1797 855 1860 ;
875 1777 931 1860 qui
947 1776 1018 1840 iinis
1033 1795 1097 1840 non
1114 1776 1327 1852 obtineretur,
1338 1774 1358 1838 si

252 1912 328 1976 pars
339 1892 477 1959 adversa
492 1891 535 1958 ad
549 1893 742 1976 positionem
753 1891 956 1976 respondere
971 1910 1035 1956 non
1050 1899 1234 1957 teneretur.

297 2015 376 2076 Noto
394 2013 423 2074 l.
445 2009 558 2075 Tradit
576 2009 778 2093 Peliegrinus
795 2008 1049 2091 respondentem
1064 2008 1136 2091 cogi
1149 2027 1243 2092 posse
1257 2014 1295 2072 ut
1316 2024 1358 2071 re·

253 2125 414 2212 spondeat
425 2144 508 2208 pure
526 2145 562 2190 ac
577 2124 767 2209 simpliciter
784 2143 845 2208 per
863 2123 1001 2190 verbum
1025 2127 1132 2201 eredit,
1154 2124 1209 2188 vel
1227 2145 1287 2188 non
1309 2142 1361 2186 ore·

254 2245 326 2321 dit‚·
346 2248 413 2320 aut,
431 2241 458 2304 si
477 2240 594 2324 positio
609 2240 652 2304 sit
669 2237 788 2324 partim
809 2259 889 2306 vera
912 2236 1033 2322 partim
1056 2258 1132 2316 non,
1151 2258 1213 2323 per
1236 2237 1360 2305 rerhum

262 2361 427 2423 noncredit
438 2365 473 2420 nt
487 2363 626 2439 ponitur.

300 2477 332 2540 2.
358 2473 472 2538 Tradit
493 2473 628 2556 insuper
644 2471 864 2557 prestandum
883 2491 953 2538 esse
968 2471 1202 2557 juramentum,
1222 2481 1256 2538 et
1280 2493 1298 2538 a
1318 2491 1362 2557 po

257 2598 357 2656 nente
374 2587 473 2676 (quod
486 2606 604 2672 nempe
621 2586 737 2654 credat
751 2607 862 2678 veram
877 2607 946 2652 esse
962 2589 1154 2672 positionem
1174 2587 1290 2673 suam),
1307 2594 1362 2654 eta

258 2706 493 2792 respondente.
515 2708 661 2771 «Etnon
672 2705 787 2782 solum,
805 2707 860 2783 ait,
879 2704 960 2771 dans
973 2706 1148 2788 positiones
1159 2714 1293 2772 tenetur
1305 2706 1364 2772 illas

268 2854 280 2879 ι
300 2823 378 2889 dare
397 2821 505 2888 medio
526 2821 722 2908 juramento,
737 2841 852 2888 verum
874 2821 972 2887 etiam
987 2799 1189 2906 respondens
1204 2823 1268 2890 illis
1281 2804 1363 2888 etiam

266 2968 279 2996 e
298 2937 398 3006 debet
417 2937 527 3024 jurare
543 2942 637 3003 tactis
658 2938 846 3020 evangeliis.
862 2967 875 2992 a
895 2936 995 3018 Addit
1011 2945 1121 3004 tamen
1131 2941 1182 3016 „si
1196 2941 1364 3023 prestitum

261 3055 327 3141 jam
340 3055 443 3120 fuerit
455 3052 675 3138 juramentum
691 3054 870 3134 calumniae,
893 3055 1112 3119 necessarium
1137 3076 1202 3121 non
1230 3075 1299 3124 esse
1320 3074 1364 3120 no

265 3190 342 3236 vum
355 3169 587 3255 juramentum,
605 3169 666 3232 nisi
682 3188 757 3252 pars
773 3167 910 3234 adversa
929 3167 1012 3234 iilud
1035 3170 1145 3253 exigat
1157 3169 1200 3256 (1)
1225 3171 1326 3256 (parte
1337 3171 1362 3244 i,

262 3291 345 3352 sect.
363 3289 395 3364 2,
413 3285 556 3352 subseat.
579 3282 626 3369 4).
641 3283 706 3349 Sed
721 3283 959 3351 advertendum
983 3293 1032 3352 est
1057 3285 1140 3351 iilud
1155 3286 1365 3369 juramentum

265 3421 330 3468 non
357 3401 478 3484 exigis
497 3407 685 3484 promotore
709 3398 827 3478 fiscali,
855 3399 933 3466 dum
957 3400 1091 3466 exhibet
1115 3403 1272 3486 capitula;
1302 3401 1366 3487 quia

267 3535 384 3600 nempe
402 3515 489 3600 gerit
503 3533 674 3598 personam
694 3514 872 3598 publicam,
895 3525 929 3585 et
950 3517 1065 3584 sufficit
1089 3516 1311 3603 juramentum
1334 3517 1366 3580 ab

268 3654 308 3700 eo
321 3632 423 3698 semel
438 3633 621 3716 praestitum
641 3627 682 3699 de
698 3629 843 3698 fideliter
861 3634 1024 3719 explendo
1039 3635 1142 3703 officio
1158 3656 1227 3703 suo.

785 3853 800 3928 5
816 3849 873 3914 ΙΙΙ.

398 4053 432 4103 De
440 4052 545 4102 terminis
558 4049 588 4102 ad
601 4051 743 4115 ponendum,
756 4051 786 4101 nd
795 4051 977 4115 attitulandum,
992 4061 1015 4102 et
1029 4052 1060 4102 ad
1073 4052 1253 4118 capitulandum.

321 4251 350 4314 l.
375 4245 407 4310 si
421 4242 498 4310 itant
511 4244 684 4326 separatim
693 4244 871 4327 positiones
887 4251 921 4313 et
939 4248 1076 4329 articuli,
1093 4245 1370 4334 judexpostiitem

307 4480 343 4542 (t)
361 4479 395 4526 Ex
409 4476 522 4526 hodierna
536 4477 602 4536 praxi
611 4477 658 4540 jem
672 4489 716 4526 uon
731 4476 780 4526 ieri
794 4479 908 4539 eiusnodi
918 4481 1141 4542 jurnmeunsuprn
1152 4477 1319 4528 mansimus.
