2878 5114
238 311 307 390 fair
582 338 770 389 mortuus
792 339 836 388 uu
857 341 1007 391 runicus.

235 467 332 547 natio,
353 467 380 532 si
395 469 440 532 itu
451 464 556 553 judici
572 459 803 562 visum'iuerit,
822 465 916 532 verbi
927 468 1040 551 gratio,
1059 471 1113 534 soil
1126 491 1214 553 pano
1229 492 1327 537 arcam

213 601 216 607 ’
235 589 458 664 manicatiouis,
479 585 533 649 vel
549 585 653 649 sisini
669 584 789 661 clerici,
807 587 862 647 sub
872 604 961 666 pana
972 593 1173 669 suspensionis
1187 592 1247 670 ipso
1262 593 1329 670 torto

234 697 445 786 incurrendae),
461 708 496 764 ut
515 704 605 765 elie...
618 703 707 785 liujus
714 705 825 768 mensis
836 711 1028 784 compareant
1034 708 1231 786 personaliter
1243 711 1273 769 iu
1280 714 1332 788 epi·

234 819 347 900 soopali
365 821 461 894 utria,
478 835 578 881 ooram
586 835 637 880 me
657 821 778 881 Vioaria
797 821 943 900 peperoli,
957 824 1110 901 juraturi,
1133 840 1169 883 ao
1186 823 1332 903 deposituri

231 955 289 1017 pro
303 937 496 1016 insarnmudo
510 939 607 1015 ouria,
621 940 654 998 iu
666 955 757 998 eausa
767 937 909 1018 quatiam,
923 955 1003 1000 nuuc
1017 941 1099 1020 apud
1114 941 1226 1002 ollulam
1235 945 1332 1002 aunam

235 1059 381 1133 vertente·
397 1063 427 1117 et
444 1057 623 1118 mandamus
640 1060 747 1117 nuntio
766 1061 867 1118 nostro
880 1058 1003 1138 publico
1018 1060 1049 1120 N
1052 1105 1074 1135 .‚
1093 1061 1130 1122 ut
1147 1059 1257 1120 dietam
1270 1062 1333 1120 cita·

233 1175 342 1232 tiartem
361 1173 489 1251 siupulis
513 1189 607 1252 supro
630 1175 792 1234 nominatis
815 1173 938 1233 testibus
955 1174 1159 1253 personaliter
1179 1175 1329 1236 autentici.

233 1287 357 1364 Datum,
376 1293 433 1350 eto.
452 1321 496 1332 -
512 1287 567 1365 Ν.,
591 1289 730 1349 Vieartus
747 1289 908 1368 peueralis.
928 1321 973 1334 -
991 1289 1031 1352 Ν.
1036 1335 1046 1366 ,
1069 1291 1236 1352 actuarius.
1256 1309 1271 1348 o

742 1549 757 1622 §
782 1545 840 1608 ΙΙΙ.

443 1769 554 1818 Fortuulu
568 1767 655 1817 citandi
671 1773 752 1830 testes,
764 1770 813 1830 jun
828 1769 898 1818 citato
914 1777 937 1818 et
951 1771 1078 1821 constituta
1088 1785 1140 1820 reo,

280 1998 393 2064 Potest
417 2017 487 2064 esse
510 1996 627 2064 eudem
648 2017 685 2064 uc
705 1999 896 2085 praeocdens
922 2019 1024 2085 usquc
1043 2001 1085 2067 ud
1101 2001 1331 2084 verbujurotort

234 2135 326 2195 acm,
349 2131 409 2198 pro
424 2115 542 2200 quibus
555 2115 718 2180 scribatur
732 2115 795 2179 hoc
815 2122 872 2180 aut
884 2115 979 2181 simili
1000 2116 1099 2184 modo
1118 2138 1124 2182 :

282 2235 462 2312 «iuraturi,
488 2253 524 2295 ao
546 2235 713 2314 deposituri
729 2233 794 2318 (vel
818 2233 845 2296 si
869 2231 936 2316 J'um
956 2231 1182 2319 deposuerint,
1209 2253 1330 2313 suanum

234 2353 446 2431 depositionem
464 2346 634 2432 repetituri)
652 2356 685 2412 in
698 2367 788 2412 eausa
805 2353 970 2429 criminali,
993 2371 1058 2431 quoe
1075 2354 1159 2433 apud
1173 2355 1279 2415 dictam
1293 2370 1330 2410 ou

237 2470 315 2528 riam
336 2469 466 2528 uertitur
485 2472 589 2529 eontra
607 2469 772 2530 Andream'
784 2471 839 2546 Ν.,
856 2475 948 2548 prout
961 2471 994 2530 iu
1007 2472 1096 2530 artis.
1114 2471 1156 2532 Et
1173 2469 1330 2530 mutonis

236 2588 341 2645 nuntio
355 2589 457 2646 nostro
468 2584 588 2664 publico
607 2587 638 2648 N
640 2632 662 2662 .,
682 2589 718 2646 ut
730 2587 841 2648 iliatam
859 2588 1032 2647 citationem
1045 2587 1176 2666 siupulis
1191 2601 1329 2666 caprano

235 2705 359 2762 ruinalis
372 2702 569 2781 personaliter
581 2703 747 2764 denuntiet.
767 2704 892 2780 Datum,
913 2706 1005 2762 etos»

748 2964 763 3036 5
776 2959 836 3023 iv.

237 3182 345 3230 Forinula
359 3181 486 3244 citationis,
501 3195 552 3244 quie
569 3179 656 3243 triplici
673 3181 798 3230 monitorio
818 3181 963 3244 sequiminit,
977 3179 1006 3228 ud
1021 3181 1126 3230 effectum
1144 3187 1224 3231 testem
1238 3175 1328 3242 pauenti

542 3282 568 3326 ut
582 3277 785 3338 corturiacensi
799 3287 935 3338 comparere
947 3263 1047 3326 recussi

281 3529 298 3565 a
314 3511 375 3572 Nos
401 3511 537 3570 Vicarius
557 3508 745 3588 pererratis...
773 3506 818 3594 (et
833 3507 960 3592 reliqua
982 3513 1019 3570 ut
1041 3507 1074 3570 in
1098 3508 1255 3590 superiori
1275 3504 1329 3568 tor·

234 3623 332 3699 mula,
354 3640 456 3708 usque
471 3621 513 3690 ud
528 3641 625 3689 voces
640 3627 722 3706 apul
737 3627 851 3687 dictam
863 3629 980 3686 auriam
993 3630 1142 3704 pertenta·
1156 3623 1268 3709 quihus
1283 3619 1328 3684 ud·

234 3736 356 3823 datur).
377 3742 512 3804 Voleuies
522 3747 622 3804 autem
633 3748 668 3804 ut
679 3742 767 3823 liujus
781 3748 892 3804 nostroe
910 3745 1065 3804 citationis
1082 3743 1204 3804 libellus
1217 3746 1273 3803 aim
1288 3757 1327 3800 oo-

233 3861 333 3920 nauiai
346 3861 499 3935 monitarii
520 3857 663 3936 obtineat,
679 3860 807 3940 proirulo
828 3860 992 3933 nominatis
1014 3859 1139 3920 testibus
1159 3862 1329 3938 ossipmnos

233 3992 287 4034 seu
299 3977 375 4052 oties,
395 3993 521 4054 quorum
535 3977 609 4037 eluas
617 3995 676 4056 pra
690 3979 803 4057 primo,
821 3977 897 4037 duos
911 3995 969 4055 pro
990 3975 1128 4050 secundo,
1153 3982 1182 4037 el
1200 3976 1269 4036 duos
1282 3989 1328 4052 pro

234 4096 321 4154 tertio
339 4098 368 4154 et
376 4097 577 4173 peremptorio
594 4099 720 4155 termino
731 4097 902 4171 statuimus,
922 4095 1004 4155 aelle
1012 4095 1255 4174 praesentationis
1265 4105 1328 4171 pra·

232 4211 360 4271 sontium
371 4212 446 4290 ipsis
456 4211 654 4288 personaliter
670 4212 760 4289 sactae
775 4211 1002 4292 computandos·
1016 4213 1100 4271 iutra
1118 4228 1190 4289 quos
1202 4212 1229 4269 si
1248 4205 1327 4292 (nulla

232 4328 367 4406 lepitima
385 4345 474 4390 causa
487 4323 659 4410 praepediti)
672 4345 732 4390 nou
742 4333 963 4409 comparuerint
978 4347 1077 4390 aarum
1095 4327 1191 4405 uobis,
1209 4325 1326 4390 uaoenol

232 4446 293 4505 Nos
311 4447 415 4504 eontra
426 4448 506 4526 ipsos
521 4449 557 4506 ut
570 4450 765 4523 contumaces,
786 4446 828 4507 acl
850 4447 979 4528 soranam
985 4449 1080 4528 juris,
1101 4445 1188 4507 arella
1204 4439 1325 4506 attineri
