<?xml version="1.0" encoding="UTF-8"?>
<!DOCTYPE html PUBLIC "-//W3C//DTD XHTML 1.0 Transitional//EN"
    "http://www.w3.org/TR/xhtml1/DTD/xhtml1-transitional.dtd">
<html xmlns="http://www.w3.org/1999/xhtml" xml:lang="en" lang="en">
 <head>
  <title>
</title>
<meta http-equiv="Content-Type" content="text/html;charset=utf-8" />
  <meta name='ocr-system' content='tesseract 3.04.00' />
  <meta name='ocr-capabilities' content='ocr_page ocr_carea ocr_par ocr_line ocrx_word'/>
</head>
<body>
  <div class='ocr_page' id='page_1' title='image "./tractatusdejudi01bouigoog_0620.png"; bbox 0 0 2930 5114; ppageno 0'>
   <div class='ocr_carea' id='block_1_1' title="bbox 529 553 808 691">
    <p class='ocr_par' dir='ltr' id='par_1_1' title="bbox 529 553 808 691">
     <span class='ocr_line' id='line_1_1' title="bbox 529 553 808 691; baseline 0 -3"><span class='ocrx_word' id='word_1_1' title='bbox 529 553 808 691; x_wconf 84' lang='lat' dir='ltr'>INDEX</span> 
     </span>
    </p>
   </div>
   <div class='ocr_carea' id='block_1_2' title="bbox 511 859 824 930">
    <p class='ocr_par' dir='ltr' id='par_1_2' title="bbox 511 859 824 930">
     <span class='ocr_line' id='line_1_2' title="bbox 511 859 824 930; baseline -0.013 -2"><span class='ocrx_word' id='word_1_2' title='bbox 511 861 613 930; x_wconf 81' lang='lat' dir='ltr'>TOMI</span> <span class='ocrx_word' id='word_1_3' title='bbox 645 859 824 928; x_wconf 77' lang='lat' dir='ltr'>suebum</span> 
     </span>
    </p>
   </div>
   <div class='ocr_carea' id='block_1_3' title="bbox 215 1062 1172 1192">
    <p class='ocr_par' dir='ltr' id='par_1_3' title="bbox 215 1062 1172 1192">
     <span class='ocr_line' id='line_1_3' title="bbox 215 1062 1172 1192; baseline -0.008 -6"><span class='ocrx_word' id='word_1_4' title='bbox 215 1102 387 1188; x_wconf 77' lang='lat' dir='ltr'>turus</span> <span class='ocrx_word' id='word_1_5' title='bbox 423 1062 798 1192; x_wconf 76' lang='lat' dir='ltr'>uurnuriauu</span> <span class='ocrx_word' id='word_1_6' title='bbox 836 1083 1103 1184; x_wconf 79' lang='lat' dir='ltr'>cantuari.</span> <span class='ocrx_word' id='word_1_7' title='bbox 1170 1065 1172 1068; x_wconf 78' lang='grc'><strong>’</strong></span> 
     </span>
    </p>
   </div>
   <div class='ocr_carea' id='block_1_4' title="bbox 590 1371 749 1400">
    <p class='ocr_par' dir='ltr' id='par_1_4' title="bbox 590 1371 749 1400">
     <span class='ocr_line' id='line_1_4' title="bbox 590 1371 749 1400; baseline 0.006 -1"><span class='ocrx_word' id='word_1_8' title='bbox 590 1371 749 1400; x_wconf 55' lang='lat'>*⁴0*-</span> 
     </span>
    </p>
   </div>
   <div class='ocr_carea' id='block_1_5' title="bbox 97 1630 1275 4426">
    <p class='ocr_par' dir='ltr' id='par_1_5' title="bbox 97 1630 1275 4426">
     <span class='ocr_line' id='line_1_5' title="bbox 1167 1630 1218 1684; baseline -0.118 0"><span class='ocrx_word' id='word_1_9' title='bbox 1167 1630 1218 1684; x_wconf 70' lang='lat' dir='ltr'>auc,</span> 
     </span>
     <span class='ocr_line' id='line_1_6' title="bbox 98 1695 1214 1780; baseline -0.009 -16"><span class='ocrx_word' id='word_1_10' title='bbox 98 1708 204 1778; x_wconf 66' lang='lat' dir='ltr'>PARS</span> <span class='ocrx_word' id='word_1_11' title='bbox 221 1705 410 1762; x_wconf 78' lang='lat' dir='ltr'><strong>SECUNDA.</strong></span> <span class='ocrx_word' id='word_1_12' title='bbox 425 1711 458 1758; x_wconf 85' lang='lat' dir='ltr'>ita</span> <span class='ocrx_word' id='word_1_13' title='bbox 466 1707 563 1771; x_wconf 86' lang='lat' dir='ltr'>judiciis</span> <span class='ocrx_word' id='word_1_14' title='bbox 574 1707 737 1780; x_wconf 78' lang='lat' dir='ltr'>ecciesiasticis</span> <span class='ocrx_word' id='word_1_15' title='bbox 749 1708 772 1757; x_wconf 90' lang='lat' dir='ltr'>in</span> <span class='ocrx_word' id='word_1_16' title='bbox 785 1708 862 1770; x_wconf 85' lang='lat' dir='ltr'>specie</span> <span class='ocrx_word' id='word_1_17' title='bbox 875 1705 1103 1774; x_wconf 53' lang='lat' dir='ltr'>(Gomiuuutioin</span> <span class='ocrx_word' id='word_1_18' title='bbox 1129 1741 1136 1757; x_wconf 92' lang='lat'><strong>.</strong></span> <span class='ocrx_word' id='word_1_19' title='bbox 1178 1695 1179 1702; x_wconf 65' lang='grc'>’</span> <span class='ocrx_word' id='word_1_20' title='bbox 1201 1709 1214 1754; x_wconf 88' lang='grc'><strong>1</strong></span> 
     </span>
     <span class='ocr_line' id='line_1_7' title="bbox 99 1793 1214 1858; baseline 0 -15"><span class='ocrx_word' id='word_1_21' title='bbox 99 1793 225 1845; x_wconf 79' lang='lat' dir='ltr'><em>SECTIO</em></span> <span class='ocrx_word' id='word_1_22' title='bbox 240 1794 290 1844; x_wconf 89' lang='lat'><em>111.</em></span> <span class='ocrx_word' id='word_1_23' title='bbox 306 1795 340 1844; x_wconf 79' lang='lat' dir='ltr'>lie</span> <span class='ocrx_word' id='word_1_24' title='bbox 351 1808 464 1858; x_wconf 87' lang='lat' dir='ltr'>processu</span> <span class='ocrx_word' id='word_1_25' title='bbox 476 1794 589 1844; x_wconf 87' lang='lat' dir='ltr'>criminali</span> <span class='ocrx_word' id='word_1_26' title='bbox 604 1793 722 1843; x_wconf 84' lang='lat' dir='ltr'>ordinario</span> <span class='ocrx_word' id='word_1_27' title='bbox 734 1826 1138 1846; x_wconf 84' lang='lat'><strong>.............</strong></span> <span class='ocrx_word' id='word_1_28' title='bbox 1203 1793 1214 1838; x_wconf 83' lang='grc'><strong>1</strong></span> 
     </span>
     <span class='ocr_line' id='line_1_8' title="bbox 97 1877 1219 1942; baseline -0.004 -10"><span class='ocrx_word' id='word_1_29' title='bbox 97 1877 241 1932; x_wconf 67' lang='lat' dir='ltr'>Subseotio</span> <span class='ocrx_word' id='word_1_30' title='bbox 260 1881 279 1926; x_wconf 94' lang='lat'>1.</span> <span class='ocrx_word' id='word_1_31' title='bbox 298 1879 332 1926; x_wconf 81' lang='lat' dir='ltr'>De</span> <span class='ocrx_word' id='word_1_32' title='bbox 345 1879 417 1927; x_wconf 81' lang='lat' dir='ltr'>uariis</span> <span class='ocrx_word' id='word_1_33' title='bbox 428 1891 554 1942; x_wconf 78' lang='lat' dir='ltr'>processus</span> <span class='ocrx_word' id='word_1_34' title='bbox 566 1877 694 1926; x_wconf 87' lang='lat' dir='ltr'>criminalis</span> <span class='ocrx_word' id='word_1_35' title='bbox 705 1877 820 1928; x_wconf 81' lang='lat' dir='ltr'>ordinarii</span> <span class='ocrx_word' id='word_1_36' title='bbox 831 1877 913 1928; x_wconf 90' lang='lat' dir='ltr'>iormis</span> <span class='ocrx_word' id='word_1_37' title='bbox 927 1911 1134 1930; x_wconf 88' lang='grc'><strong>.......</strong></span> <span class='ocrx_word' id='word_1_38' title='bbox 1203 1887 1219 1938; x_wconf 72' lang='lat'>2</span> 
     </span>
     <span class='ocr_line' id='line_1_9' title="bbox 97 1945 1275 2026; baseline 0.003 -15"><span class='ocrx_word' id='word_1_39' title='bbox 97 1965 206 2016; x_wconf 72' lang='lat' dir='ltr'>CAPUT.</span> <span class='ocrx_word' id='word_1_40' title='bbox 222 1961 242 2012; x_wconf 92' lang='lat'>1.</span> <span class='ocrx_word' id='word_1_41' title='bbox 257 1959 344 2012; x_wconf 88' lang='lat' dir='ltr'>Norma</span> <span class='ocrx_word' id='word_1_42' title='bbox 356 1962 498 2026; x_wconf 86' lang='lat' dir='ltr'>procedendi</span> <span class='ocrx_word' id='word_1_43' title='bbox 512 1977 554 2026; x_wconf 91' lang='lat' dir='ltr'>per</span> <span class='ocrx_word' id='word_1_44' title='bbox 570 1963 725 2016; x_wconf 76' lang='lat' dir='ltr'>accusationis</span> <span class='ocrx_word' id='word_1_45' title='bbox 741 1963 815 2015; x_wconf 84' lang='lat' dir='ltr'>riam.</span> <span class='ocrx_word' id='word_1_46' title='bbox 832 1945 856 2014; x_wconf 45' lang='lat'>,¹</span> <span class='ocrx_word' id='word_1_47' title='bbox 865 1997 1139 2018; x_wconf 87' lang='grc'><strong>.........</strong></span> <span class='ocrx_word' id='word_1_48' title='bbox 1201 1963 1219 2010; x_wconf 75' lang='lat' dir='ltr'>ii</span> <span class='ocrx_word' id='word_1_49' title='bbox 1274 1979 1275 1984; x_wconf 49' lang='lat'>¹</span> 
     </span>
     <span class='ocr_line' id='line_1_10' title="bbox 132 2047 1149 2112; baseline 0.002 -16"><span class='ocrx_word' id='word_1_50' title='bbox 132 2047 145 2112; x_wconf 65' lang='lat'><strong>5</strong></span> <span class='ocrx_word' id='word_1_51' title='bbox 158 2049 274 2098; x_wconf 79' lang='lat' dir='ltr'>l.i·&#39;orma</span> <span class='ocrx_word' id='word_1_52' title='bbox 286 2062 329 2111; x_wconf 92' lang='lat' dir='ltr'>per</span> <span class='ocrx_word' id='word_1_53' title='bbox 337 2050 399 2098; x_wconf 87' lang='lat' dir='ltr'>rium</span> <span class='ocrx_word' id='word_1_54' title='bbox 412 2047 566 2098; x_wconf 80' lang='lat' dir='ltr'>accusationis</span> <span class='ocrx_word' id='word_1_55' title='bbox 579 2047 729 2112; x_wconf 70' lang='lat' dir='ltr'>procedendi.</span> <span class='ocrx_word' id='word_1_56' title='bbox 744 2055 814 2110; x_wconf 87' lang='lat' dir='ltr'>prout</span> <span class='ocrx_word' id='word_1_57' title='bbox 827 2047 980 2098; x_wconf 79' lang='lat' dir='ltr'>determinata</span> <span class='ocrx_word' id='word_1_58' title='bbox 990 2048 1107 2112; x_wconf 87' lang='lat' dir='ltr'>reperitur</span> <span class='ocrx_word' id='word_1_59' title='bbox 1122 2061 1149 2098; x_wconf 87' lang='lat' dir='ltr'>ex</span> 
     </span>
     <span class='ocr_line' id='line_1_11' title="bbox 163 2133 1216 2194; baseline 0.002 -12"><span class='ocrx_word' id='word_1_60' title='bbox 163 2133 216 2194; x_wconf 86' lang='lat' dir='ltr'>jure</span> <span class='ocrx_word' id='word_1_61' title='bbox 229 2134 346 2184; x_wconf 90' lang='lat' dir='ltr'>communi</span> <span class='ocrx_word' id='word_1_62' title='bbox 361 2134 472 2184; x_wconf 88' lang='lat' dir='ltr'>canonico</span> <span class='ocrx_word' id='word_1_63' title='bbox 493 2165 1135 2186; x_wconf 87' lang='grc'><strong>....................</strong></span> <span class='ocrx_word' id='word_1_64' title='bbox 1199 2134 1216 2181; x_wconf 72' lang='lat' dir='ltr'>b</span> 
     </span>
     <span class='ocr_line' id='line_1_12' title="bbox 166 2217 1216 2271; baseline 0.003 -4"><span class='ocrx_word' id='word_1_65' title='bbox 166 2220 185 2269; x_wconf 91' lang='grc'>1.</span> <span class='ocrx_word' id='word_1_66' title='bbox 201 2221 234 2268; x_wconf 84' lang='lat' dir='ltr'>ita</span> <span class='ocrx_word' id='word_1_67' title='bbox 249 2226 312 2270; x_wconf 86' lang='lat' dir='ltr'>reeta</span> <span class='ocrx_word' id='word_1_68' title='bbox 329 2219 483 2270; x_wconf 70' lang='lat' dir='ltr'>accusationis</span> <span class='ocrx_word' id='word_1_69' title='bbox 495 2218 588 2268; x_wconf 83' lang='lat' dir='ltr'>notione</span> <span class='ocrx_word' id='word_1_70' title='bbox 599 2217 782 2269; x_wconf 85' lang='lat' dir='ltr'>soudefinitioue</span> <span class='ocrx_word' id='word_1_71' title='bbox 795 2249 1137 2271; x_wconf 86' lang='grc'><strong>...........</strong></span> <span class='ocrx_word' id='word_1_72' title='bbox 1199 2223 1216 2270; x_wconf 73' lang='lat'><strong>3</strong></span> 
     </span>
     <span class='ocr_line' id='line_1_13' title="bbox 165 2302 1216 2368; baseline 0 -16"><span class='ocrx_word' id='word_1_73' title='bbox 165 2305 196 2354; x_wconf 93' lang='grc'>11.</span> <span class='ocrx_word' id='word_1_74' title='bbox 208 2305 357 2356; x_wconf 87' lang='lat' dir='ltr'>Conditiones</span> <span class='ocrx_word' id='word_1_75' title='bbox 371 2305 450 2368; x_wconf 78' lang='lat' dir='ltr'>eiuro</span> <span class='ocrx_word' id='word_1_76' title='bbox 463 2304 580 2367; x_wconf 81' lang='lat' dir='ltr'>requisita</span> <span class='ocrx_word' id='word_1_77' title='bbox 593 2303 619 2354; x_wconf 91' lang='lat' dir='ltr'>in</span> <span class='ocrx_word' id='word_1_78' title='bbox 629 2303 699 2354; x_wconf 86' lang='lat' dir='ltr'>modo</span> <span class='ocrx_word' id='word_1_79' title='bbox 712 2305 764 2366; x_wconf 91' lang='lat' dir='ltr'>ipsc</span> <span class='ocrx_word' id='word_1_80' title='bbox 779 2303 951 2354; x_wconf 89' lang='lat' dir='ltr'>accusationem</span> <span class='ocrx_word' id='word_1_81' title='bbox 962 2302 1107 2366; x_wconf 85' lang='lat' dir='ltr'>proponendi</span> <span class='ocrx_word' id='word_1_82' title='bbox 1128 2339 1134 2352; x_wconf 94' lang='lat'><strong>.</strong></span> <span class='ocrx_word' id='word_1_83' title='bbox 1200 2305 1216 2352; x_wconf 80' lang='lat'><strong>5</strong></span> 
     </span>
     <span class='ocr_line' id='line_1_14' title="bbox 179 2386 1213 2458; baseline -0.005 -18"><span class='ocrx_word' id='word_1_84' title='bbox 179 2449 182 2458; x_wconf 86' lang='lat'><em>.</em></span> <span class='ocrx_word' id='word_1_85' title='bbox 197 2395 225 2440; x_wconf 84' lang='lat'>1·</span> <span class='ocrx_word' id='word_1_86' title='bbox 239 2392 340 2442; x_wconf 87' lang='lat' dir='ltr'>conditio</span> <span class='ocrx_word' id='word_1_87' title='bbox 360 2407 365 2440; x_wconf 90' lang='lat'><strong>:</strong></span> <span class='ocrx_word' id='word_1_88' title='bbox 382 2388 450 2440; x_wconf 85' lang='lat' dir='ltr'>debet</span> <span class='ocrx_word' id='word_1_89' title='bbox 463 2392 581 2440; x_wconf 73' lang='lat' dir='ltr'>accusatio</span> <span class='ocrx_word' id='word_1_90' title='bbox 599 2390 697 2452; x_wconf 89' lang='lat' dir='ltr'>proponi</span> <span class='ocrx_word' id='word_1_91' title='bbox 718 2390 742 2438; x_wconf 93' lang='lat' dir='ltr'>in</span> <span class='ocrx_word' id='word_1_92' title='bbox 763 2389 857 2452; x_wconf 85' lang='lat' dir='ltr'>scriptis</span> <span class='ocrx_word' id='word_1_93' title='bbox 871 2402 913 2438; x_wconf 89' lang='lat' dir='ltr'>seu</span> <span class='ocrx_word' id='word_1_94' title='bbox 933 2401 975 2450; x_wconf 89' lang='lat' dir='ltr'>per</span> <span class='ocrx_word' id='word_1_95' title='bbox 992 2386 1105 2436; x_wconf 91' lang='lat' dir='ltr'>libellum.</span> <span class='ocrx_word' id='word_1_96' title='bbox 1126 2422 1133 2437; x_wconf 94' lang='lat'><strong>.</strong></span> <span class='ocrx_word' id='word_1_97' title='bbox 1197 2389 1213 2435; x_wconf 78' lang='lat'><strong>5</strong></span> 
     </span>
     <span class='ocr_line' id='line_1_15' title="bbox 196 2475 1213 2528; baseline -0.002 -2"><span class='ocrx_word' id='word_1_98' title='bbox 196 2479 224 2526; x_wconf 68' lang='grc'>1·</span> <span class='ocrx_word' id='word_1_99' title='bbox 236 2477 353 2527; x_wconf 88' lang='lat' dir='ltr'>corditio:</span> <span class='ocrx_word' id='word_1_100' title='bbox 366 2477 460 2528; x_wconf 90' lang='lat' dir='ltr'>libellus</span> <span class='ocrx_word' id='word_1_101' title='bbox 472 2475 541 2526; x_wconf 83' lang='lat' dir='ltr'>debet</span> <span class='ocrx_word' id='word_1_102' title='bbox 555 2489 607 2524; x_wconf 89' lang='lat' dir='ltr'>csse</span> <span class='ocrx_word' id='word_1_103' title='bbox 624 2475 668 2524; x_wconf 85' lang='lat' dir='ltr'>rite</span> <span class='ocrx_word' id='word_1_104' title='bbox 681 2475 794 2526; x_wconf 81' lang='lat' dir='ltr'>formatus</span> <span class='ocrx_word' id='word_1_105' title='bbox 804 2507 1133 2525; x_wconf 86' lang='grc'><strong>...........</strong></span> <span class='ocrx_word' id='word_1_106' title='bbox 1197 2477 1213 2524; x_wconf 78' lang='lat' dir='ltr'>b</span> 
     </span>
     <span class='ocr_line' id='line_1_16' title="bbox 195 2560 1144 2626; baseline -0.001 -14"><span class='ocrx_word' id='word_1_107' title='bbox 195 2565 224 2612; x_wconf 74' lang='lat'>5¹</span> <span class='ocrx_word' id='word_1_108' title='bbox 235 2563 355 2614; x_wconf 85' lang='lat' dir='ltr'>conditio:</span> <span class='ocrx_word' id='word_1_109' title='bbox 377 2563 462 2626; x_wconf 86' lang='lat' dir='ltr'>apponi</span> <span class='ocrx_word' id='word_1_110' title='bbox 480 2563 505 2613; x_wconf 91' lang='lat' dir='ltr'>in</span> <span class='ocrx_word' id='word_1_111' title='bbox 519 2561 600 2612; x_wconf 88' lang='lat' dir='ltr'>libello</span> <span class='ocrx_word' id='word_1_112' title='bbox 613 2560 683 2612; x_wconf 87' lang='lat' dir='ltr'>debet</span> <span class='ocrx_word' id='word_1_113' title='bbox 695 2560 845 2624; x_wconf 79' lang='lat' dir='ltr'>subscriptio,</span> <span class='ocrx_word' id='word_1_114' title='bbox 861 2575 907 2626; x_wconf 84' lang='lat' dir='ltr'>qua</span> <span class='ocrx_word' id='word_1_115' title='bbox 925 2574 951 2610; x_wconf 93' lang='lat' dir='ltr'>se</span> <span class='ocrx_word' id='word_1_116' title='bbox 972 2567 1093 2612; x_wconf 86' lang='lat' dir='ltr'>accusator</span> <span class='ocrx_word' id='word_1_117' title='bbox 1114 2562 1144 2611; x_wconf 85' lang='lat' dir='ltr'>ad</span> 
     </span>
     <span class='ocr_line' id='line_1_17' title="bbox 228 2645 1211 2710; baseline -0.005 -11"><span class='ocrx_word' id='word_1_118' title='bbox 228 2648 373 2699; x_wconf 81' lang='lat' dir='ltr'>subeundam</span> <span class='ocrx_word' id='word_1_119' title='bbox 382 2648 475 2699; x_wconf 53' lang='lat' dir='ltr'>monis</span> <span class='ocrx_word' id='word_1_120' title='bbox 484 2661 575 2710; x_wconf 87' lang='lat' dir='ltr'>poeuam</span> <span class='ocrx_word' id='word_1_121' title='bbox 588 2647 683 2710; x_wconf 74' lang='lat' dir='ltr'>obliget,</span> <span class='ocrx_word' id='word_1_122' title='bbox 694 2646 715 2694; x_wconf 93' lang='lat' dir='ltr'>si</span> <span class='ocrx_word' id='word_1_123' title='bbox 729 2645 788 2696; x_wconf 87' lang='lat' dir='ltr'>ialso</span> <span class='ocrx_word' id='word_1_124' title='bbox 802 2660 925 2696; x_wconf 88' lang='lat' dir='ltr'>accusasse</span> <span class='ocrx_word' id='word_1_125' title='bbox 938 2645 1133 2710; x_wconf 85' lang='lat' dir='ltr'>deprehendatur.</span> <span class='ocrx_word' id='word_1_126' title='bbox 1195 2649 1211 2694; x_wconf 87' lang='lat' dir='ltr'>&#39;t</span> 
     </span>
     <span class='ocr_line' id='line_1_18' title="bbox 162 2733 1210 2795; baseline -0.003 -12"><span class='ocrx_word' id='word_1_127' title='bbox 162 2735 205 2784; x_wconf 94' lang='grc'><strong>111.</strong></span> <span class='ocrx_word' id='word_1_128' title='bbox 219 2735 318 2793; x_wconf 84' lang='lat' dir='ltr'>Quinam</span> <span class='ocrx_word' id='word_1_129' title='bbox 330 2747 440 2784; x_wconf 87' lang='lat' dir='ltr'>accusare</span> <span class='ocrx_word' id='word_1_130' title='bbox 455 2733 566 2795; x_wconf 73' lang='lat' dir='ltr'>possint?</span> <span class='ocrx_word' id='word_1_131' title='bbox 587 2763 1129 2783; x_wconf 86' lang='grc'><strong>.................</strong></span> <span class='ocrx_word' id='word_1_132' title='bbox 1194 2733 1210 2780; x_wconf 91' lang='grc'><strong>8</strong></span> 
     </span>
     <span class='ocr_line' id='line_1_19' title="bbox 160 2819 1207 2878; baseline 0 -10"><span class='ocrx_word' id='word_1_133' title='bbox 160 2820 201 2868; x_wconf 81' lang='lat' dir='ltr'>[V.</span> <span class='ocrx_word' id='word_1_134' title='bbox 216 2819 314 2878; x_wconf 80' lang='lat' dir='ltr'>Quinam</span> <span class='ocrx_word' id='word_1_135' title='bbox 326 2819 448 2868; x_wconf 76' lang='lat' dir='ltr'>accusari?</span> <span class='ocrx_word' id='word_1_136' title='bbox 458 2846 1129 2869; x_wconf 81' lang='lat'><strong>......................</strong></span> <span class='ocrx_word' id='word_1_137' title='bbox 1177 2819 1207 2866; x_wconf 87' lang='grc'>11</span> 
     </span>
     <span class='ocr_line' id='line_1_20' title="bbox 158 2901 1207 2966; baseline 0 -14"><span class='ocrx_word' id='word_1_138' title='bbox 158 2905 187 2952; x_wconf 87' lang='lat' dir='ltr'>V.</span> <span class='ocrx_word' id='word_1_139' title='bbox 201 2903 302 2954; x_wconf 84' lang='lat' dir='ltr'>Eiicctus</span> <span class='ocrx_word' id='word_1_140' title='bbox 314 2903 468 2954; x_wconf 87' lang='lat' dir='ltr'>accusationis</span> <span class='ocrx_word' id='word_1_141' title='bbox 481 2902 558 2966; x_wconf 68' lang='lat' dir='ltr'>moad</span> <span class='ocrx_word' id='word_1_142' title='bbox 568 2901 672 2966; x_wconf 85' lang='lat' dir='ltr'>judicem</span> <span class='ocrx_word' id='word_1_143' title='bbox 685 2933 1127 2954; x_wconf 85' lang='grc'><strong>..............</strong></span> <span class='ocrx_word' id='word_1_144' title='bbox 1174 2905 1207 2950; x_wconf 83' lang='grc'>11</span> 
     </span>
     <span class='ocr_line' id='line_1_21' title="bbox 158 2987 1207 3052; baseline 0 -14"><span class='ocrx_word' id='word_1_145' title='bbox 158 2988 198 3038; x_wconf 81' lang='lat' dir='ltr'>vt.</span> <span class='ocrx_word' id='word_1_146' title='bbox 214 2987 315 3040; x_wconf 80' lang='lat' dir='ltr'>Effectus</span> <span class='ocrx_word' id='word_1_147' title='bbox 324 2989 479 3038; x_wconf 84' lang='lat' dir='ltr'>accusationis</span> <span class='ocrx_word' id='word_1_148' title='bbox 490 2988 567 3052; x_wconf 87' lang='lat' dir='ltr'>quoad</span> <span class='ocrx_word' id='word_1_149' title='bbox 581 2995 739 3038; x_wconf 82' lang='lat' dir='ltr'>accusatorem</span> <span class='ocrx_word' id='word_1_150' title='bbox 753 3020 1126 3038; x_wconf 83' lang='grc'><strong>............</strong></span> <span class='ocrx_word' id='word_1_151' title='bbox 1175 2989 1207 3036; x_wconf 82' lang='lat' dir='ltr'>ib</span> 
     </span>
     <span class='ocr_line' id='line_1_22' title="bbox 157 3073 1205 3137; baseline -0.002 -14"><span class='ocrx_word' id='word_1_152' title='bbox 157 3074 209 3122; x_wconf 84' lang='lat' dir='ltr'>vll.</span> <span class='ocrx_word' id='word_1_153' title='bbox 224 3073 324 3124; x_wconf 80' lang='lat' dir='ltr'>Effectus</span> <span class='ocrx_word' id='word_1_154' title='bbox 344 3074 498 3136; x_wconf 83' lang='lat' dir='ltr'>accusationis</span> <span class='ocrx_word' id='word_1_155' title='bbox 512 3073 588 3137; x_wconf 86' lang='lat' dir='ltr'>quoad</span> <span class='ocrx_word' id='word_1_156' title='bbox 604 3079 738 3124; x_wconf 91' lang='lat' dir='ltr'>accusatum</span> <span class='ocrx_word' id='word_1_157' title='bbox 751 3105 1126 3124; x_wconf 87' lang='lat'><strong>............</strong></span> <span class='ocrx_word' id='word_1_158' title='bbox 1174 3074 1205 3120; x_wconf 84' lang='lat' dir='ltr'>i&#39;i</span> 
     </span>
     <span class='ocr_line' id='line_1_23' title="bbox 158 3156 1204 3222; baseline -0.003 -15"><span class='ocrx_word' id='word_1_159' title='bbox 158 3161 222 3208; x_wconf 86' lang='lat' dir='ltr'>vili.</span> <span class='ocrx_word' id='word_1_160' title='bbox 237 3159 328 3217; x_wconf 88' lang='lat' dir='ltr'>Quibus</span> <span class='ocrx_word' id='word_1_161' title='bbox 336 3159 413 3208; x_wconf 89' lang='lat' dir='ltr'>modis</span> <span class='ocrx_word' id='word_1_162' title='bbox 423 3160 518 3209; x_wconf 86' lang='lat' dir='ltr'>tollatur</span> <span class='ocrx_word' id='word_1_163' title='bbox 528 3173 569 3208; x_wconf 90' lang='lat' dir='ltr'>seu</span> <span class='ocrx_word' id='word_1_164' title='bbox 583 3160 731 3222; x_wconf 76' lang='lat' dir='ltr'>extinguatur</span> <span class='ocrx_word' id='word_1_165' title='bbox 744 3157 861 3208; x_wconf 83' lang='lat' dir='ltr'>accusatio</span> <span class='ocrx_word' id='word_1_166' title='bbox 875 3156 1024 3208; x_wconf 82' lang='lat' dir='ltr'>criminalis.</span> <span class='ocrx_word' id='word_1_167' title='bbox 1049 3190 1057 3206; x_wconf 90' lang='lat'><em>.</em></span> <span class='ocrx_word' id='word_1_168' title='bbox 1083 3191 1090 3204; x_wconf 92' lang='lat'>.</span> <span class='ocrx_word' id='word_1_169' title='bbox 1116 3192 1124 3207; x_wconf 91' lang='lat'><strong><em>.</em></strong></span> <span class='ocrx_word' id='word_1_170' title='bbox 1172 3157 1204 3205; x_wconf 80' lang='grc'>19</span> 
     </span>
     <span class='ocr_line' id='line_1_24' title="bbox 124 3242 1137 3309; baseline 0 -17"><span class='ocrx_word' id='word_1_171' title='bbox 124 3245 183 3309; x_wconf 67' lang='grc'><strong>511.</strong></span> <span class='ocrx_word' id='word_1_172' title='bbox 199 3243 259 3304; x_wconf 84' lang='lat' dir='ltr'>Quid</span> <span class='ocrx_word' id='word_1_173' title='bbox 273 3244 303 3294; x_wconf 87' lang='lat' dir='ltr'>de</span> <span class='ocrx_word' id='word_1_174' title='bbox 314 3257 382 3308; x_wconf 77' lang='lat' dir='ltr'>poena</span> <span class='ocrx_word' id='word_1_175' title='bbox 395 3245 489 3296; x_wconf 80' lang='lat' dir='ltr'>abonis</span> <span class='ocrx_word' id='word_1_176' title='bbox 503 3245 645 3298; x_wconf 85' lang='lat' dir='ltr'>censendum</span> <span class='ocrx_word' id='word_1_177' title='bbox 656 3245 696 3308; x_wconf 87' lang='lat' dir='ltr'>sit,</span> <span class='ocrx_word' id='word_1_178' title='bbox 712 3252 735 3294; x_wconf 86' lang='lat' dir='ltr'>ct</span> <span class='ocrx_word' id='word_1_179' title='bbox 753 3258 783 3294; x_wconf 87' lang='lat' dir='ltr'>au</span> <span class='ocrx_word' id='word_1_180' title='bbox 804 3243 889 3306; x_wconf 82' lang='lat' dir='ltr'>injuste</span> <span class='ocrx_word' id='word_1_181' title='bbox 909 3242 980 3292; x_wconf 78' lang='lat' dir='ltr'>tuerit</span> <span class='ocrx_word' id='word_1_182' title='bbox 998 3250 1079 3292; x_wconf 85' lang='lat' dir='ltr'>contra</span> <span class='ocrx_word' id='word_1_183' title='bbox 1097 3255 1137 3292; x_wconf 88' lang='lat' dir='ltr'>ca-</span> 
     </span>
     <span class='ocr_line' id='line_1_25' title="bbox 158 3330 1202 3396; baseline 0.003 -17"><span class='ocrx_word' id='word_1_184' title='bbox 158 3331 308 3380; x_wconf 84' lang='lat' dir='ltr'>lumniatores</span> <span class='ocrx_word' id='word_1_185' title='bbox 320 3330 396 3396; x_wconf 82' lang='lat' dir='ltr'>ajuro</span> <span class='ocrx_word' id='word_1_186' title='bbox 409 3332 519 3382; x_wconf 90' lang='lat' dir='ltr'>cauouico</span> <span class='ocrx_word' id='word_1_187' title='bbox 533 3333 639 3382; x_wconf 77' lang='lat' dir='ltr'>sancita!</span> <span class='ocrx_word' id='word_1_188' title='bbox 651 3363 1122 3382; x_wconf 87' lang='grc'><strong>...............</strong></span> <span class='ocrx_word' id='word_1_189' title='bbox 1170 3331 1202 3380; x_wconf 76' lang='lat'>20</span> 
     </span>
     <span class='ocr_line' id='line_1_26' title="bbox 157 3415 1134 3480; baseline 0 -16"><span class='ocrx_word' id='word_1_190' title='bbox 157 3416 178 3464; x_wconf 94' lang='grc'>1.</span> <span class='ocrx_word' id='word_1_191' title='bbox 194 3417 241 3466; x_wconf 83' lang='lat' dir='ltr'>Lex</span> <span class='ocrx_word' id='word_1_192' title='bbox 257 3415 350 3466; x_wconf 83' lang='lat' dir='ltr'>talionis</span> <span class='ocrx_word' id='word_1_193' title='bbox 369 3415 432 3478; x_wconf 91' lang='lat' dir='ltr'>apud</span> <span class='ocrx_word' id='word_1_194' title='bbox 452 3417 557 3466; x_wconf 84' lang='lat' dir='ltr'>haebreos</span> <span class='ocrx_word' id='word_1_195' title='bbox 571 3417 676 3480; x_wconf 85' lang='lat' dir='ltr'>aliosque</span> <span class='ocrx_word' id='word_1_196' title='bbox 689 3423 778 3466; x_wconf 72' lang='lat' dir='ltr'>vetem</span> <span class='ocrx_word' id='word_1_197' title='bbox 789 3415 889 3479; x_wconf 90' lang='lat' dir='ltr'>populos</span> <span class='ocrx_word' id='word_1_198' title='bbox 907 3427 953 3466; x_wconf 90' lang='lat' dir='ltr'>non</span> <span class='ocrx_word' id='word_1_199' title='bbox 966 3415 1134 3478; x_wconf 72' lang='lat' dir='ltr'>proscribebat</span> 
     </span>
     <span class='ocr_line' id='line_1_27' title="bbox 190 3501 1126 3565; baseline 0.002 -15"><span class='ocrx_word' id='word_1_200' title='bbox 190 3514 282 3564; x_wconf 85' lang='lat' dir='ltr'>semper</span> <span class='ocrx_word' id='word_1_201' title='bbox 294 3501 408 3564; x_wconf 84' lang='lat' dir='ltr'>applicari</span> <span class='ocrx_word' id='word_1_202' title='bbox 420 3501 530 3550; x_wconf 80' lang='lat' dir='ltr'>eundem</span> <span class='ocrx_word' id='word_1_203' title='bbox 541 3515 642 3565; x_wconf 80' lang='lat' dir='ltr'>punam,</span> <span class='ocrx_word' id='word_1_204' title='bbox 655 3501 697 3550; x_wconf 87' lang='lat' dir='ltr'>sed</span> <span class='ocrx_word' id='word_1_205' title='bbox 710 3502 747 3551; x_wconf 84' lang='lat' dir='ltr'>uel</span> <span class='ocrx_word' id='word_1_206' title='bbox 761 3501 858 3552; x_wconf 85' lang='lat' dir='ltr'>eandem</span> <span class='ocrx_word' id='word_1_207' title='bbox 868 3503 906 3552; x_wconf 84' lang='lat' dir='ltr'>rel</span> <span class='ocrx_word' id='word_1_208' title='bbox 919 3503 1038 3564; x_wconf 79' lang='lat' dir='ltr'>similem,</span> <span class='ocrx_word' id='word_1_209' title='bbox 1054 3503 1126 3564; x_wconf 79' lang='lat' dir='ltr'>idest,</span> 
     </span>
     <span class='ocr_line' id='line_1_28' title="bbox 188 3586 1198 3649; baseline 0.004 -15"><span class='ocrx_word' id='word_1_210' title='bbox 188 3586 361 3649; x_wconf 73' lang='lat' dir='ltr'>equivalentem</span> <span class='ocrx_word' id='word_1_211' title='bbox 379 3619 1119 3638; x_wconf 87' lang='grc'><strong>.......................</strong></span> <span class='ocrx_word' id='word_1_212' title='bbox 1168 3591 1198 3638; x_wconf 67' lang='grc'>11</span> 
     </span>
     <span class='ocr_line' id='line_1_29' title="bbox 156 3670 1200 3734; baseline 0.003 -15"><span class='ocrx_word' id='word_1_213' title='bbox 156 3671 188 3722; x_wconf 89' lang='grc'>11.</span> <span class='ocrx_word' id='word_1_214' title='bbox 202 3670 347 3734; x_wconf 76' lang='lat' dir='ltr'>Expenditnr</span> <span class='ocrx_word' id='word_1_215' title='bbox 360 3671 454 3722; x_wconf 85' lang='lat' dir='ltr'>talionis</span> <span class='ocrx_word' id='word_1_216' title='bbox 470 3671 507 3722; x_wconf 86' lang='lat' dir='ltr'>lex</span> <span class='ocrx_word' id='word_1_217' title='bbox 520 3678 591 3734; x_wconf 89' lang='lat' dir='ltr'>prout</span> <span class='ocrx_word' id='word_1_218' title='bbox 603 3672 627 3722; x_wconf 91' lang='lat' dir='ltr'>in</span> <span class='ocrx_word' id='word_1_219' title='bbox 642 3672 696 3734; x_wconf 83' lang='lat' dir='ltr'>jure</span> <span class='ocrx_word' id='word_1_220' title='bbox 708 3673 812 3722; x_wconf 78' lang='lat' dir='ltr'>Romano</span> <span class='ocrx_word' id='word_1_221' title='bbox 827 3671 900 3734; x_wconf 76' lang='lat' dir='ltr'>uiguit</span> <span class='ocrx_word' id='word_1_222' title='bbox 913 3705 1121 3724; x_wconf 87' lang='grc'><strong>.......</strong></span> <span class='ocrx_word' id='word_1_223' title='bbox 1167 3675 1200 3722; x_wconf 72' lang='grc'>11</span> 
     </span>
     <span class='ocr_line' id='line_1_30' title="bbox 188 3756 1199 3819; baseline 0.005 -15"><span class='ocrx_word' id='word_1_224' title='bbox 188 3759 212 3805; x_wconf 89' lang='grc'>1.</span> <span class='ocrx_word' id='word_1_225' title='bbox 223 3756 303 3818; x_wconf 71' lang='lat' dir='ltr'>Viguit</span> <span class='ocrx_word' id='word_1_226' title='bbox 315 3769 343 3804; x_wconf 85' lang='lat' dir='ltr'>aa</span> <span class='ocrx_word' id='word_1_227' title='bbox 354 3757 393 3806; x_wconf 81' lang='lat' dir='ltr'>lex</span> <span class='ocrx_word' id='word_1_228' title='bbox 407 3756 469 3819; x_wconf 86' lang='lat' dir='ltr'>apud</span> <span class='ocrx_word' id='word_1_229' title='bbox 481 3759 599 3808; x_wconf 79' lang='lat' dir='ltr'>Romanos</span> <span class='ocrx_word' id='word_1_230' title='bbox 612 3789 1120 3809; x_wconf 37' lang='lat'><strong>.................</strong></span> <span class='ocrx_word' id='word_1_231' title='bbox 1167 3760 1199 3807; x_wconf 64' lang='grc' dir='ltr'>ΞΩ</span> 
     </span>
     <span class='ocr_line' id='line_1_31' title="bbox 187 3841 1132 3906; baseline 0.004 -18"><span class='ocrx_word' id='word_1_232' title='bbox 187 3843 211 3888; x_wconf 76' lang='lat'>2.</span> <span class='ocrx_word' id='word_1_233' title='bbox 227 3841 301 3889; x_wconf 77' lang='lat' dir='ltr'>Pana</span> <span class='ocrx_word' id='word_1_234' title='bbox 312 3841 406 3891; x_wconf 88' lang='lat' dir='ltr'>talionis</span> <span class='ocrx_word' id='word_1_235' title='bbox 414 3855 461 3890; x_wconf 91' lang='lat' dir='ltr'>non</span> <span class='ocrx_word' id='word_1_236' title='bbox 472 3842 638 3905; x_wconf 80' lang='lat' dir='ltr'>subjiciebatur</span> <span class='ocrx_word' id='word_1_237' title='bbox 647 3841 694 3890; x_wconf 92' lang='lat' dir='ltr'>nisi</span> <span class='ocrx_word' id='word_1_238' title='bbox 703 3841 742 3906; x_wconf 85' lang='lat' dir='ltr'>qui</span> <span class='ocrx_word' id='word_1_239' title='bbox 751 3842 833 3891; x_wconf 65' lang='lat' dir='ltr'>sum</span> <span class='ocrx_word' id='word_1_240' title='bbox 842 3848 864 3891; x_wconf 90' lang='lat' dir='ltr'>ot</span> <span class='ocrx_word' id='word_1_241' title='bbox 872 3842 959 3893; x_wconf 79' lang='lat' dir='ltr'>uolent</span> <span class='ocrx_word' id='word_1_242' title='bbox 967 3842 1050 3892; x_wconf 78' lang='lat' dir='ltr'>falsam</span> <span class='ocrx_word' id='word_1_243' title='bbox 1061 3856 1132 3893; x_wconf 88' lang='lat' dir='ltr'>occu·</span> 
     </span>
     <span class='ocr_line' id='line_1_32' title="bbox 218 3927 1197 3981; baseline 0.005 -7"><span class='ocrx_word' id='word_1_244' title='bbox 218 3927 330 3974; x_wconf 80' lang='lat' dir='ltr'>satiamur</span> <span class='ocrx_word' id='word_1_245' title='bbox 352 3927 461 3978; x_wconf 89' lang='lat' dir='ltr'>intulerat</span> <span class='ocrx_word' id='word_1_246' title='bbox 475 3959 1119 3981; x_wconf 87' lang='grc'><strong>....................</strong></span> <span class='ocrx_word' id='word_1_247' title='bbox 1165 3927 1197 3978; x_wconf 73' lang='lat'>22</span> 
     </span>
     <span class='ocr_line' id='line_1_33' title="bbox 184 4010 1197 4076; baseline 0.004 -16"><span class='ocrx_word' id='word_1_248' title='bbox 184 4013 210 4060; x_wconf 77' lang='lat'>3.</span> <span class='ocrx_word' id='word_1_249' title='bbox 226 4013 297 4061; x_wconf 77' lang='lat' dir='ltr'>Pecus</span> <span class='ocrx_word' id='word_1_250' title='bbox 309 4013 358 4062; x_wconf 85' lang='lat' dir='ltr'>haec</span> <span class='ocrx_word' id='word_1_251' title='bbox 366 4012 453 4076; x_wconf 71' lang='lat' dir='ltr'>iniusta</span> <span class='ocrx_word' id='word_1_252' title='bbox 460 4023 507 4060; x_wconf 91' lang='lat' dir='ltr'>uon</span> <span class='ocrx_word' id='word_1_253' title='bbox 519 4010 563 4060; x_wconf 82' lang='lat' dir='ltr'>tuit</span> <span class='ocrx_word' id='word_1_254' title='bbox 575 4046 749 4064; x_wconf 90' lang='grc'><strong>......</strong></span> <span class='ocrx_word' id='word_1_255' title='bbox 768 4029 770 4033; x_wconf 96' lang='grc'><strong><em>·</em></strong></span> <span class='ocrx_word' id='word_1_256' title='bbox 776 4045 1116 4065; x_wconf 83' lang='grc'><strong>...........</strong></span> <span class='ocrx_word' id='word_1_257' title='bbox 1163 4016 1197 4064; x_wconf 74' lang='lat'>23</span> 
     </span>
     <span class='ocr_line' id='line_1_34' title="bbox 184 4094 1194 4162; baseline 0.003 -16"><span class='ocrx_word' id='word_1_258' title='bbox 184 4100 210 4146; x_wconf 83' lang='grc'>1.</span> <span class='ocrx_word' id='word_1_259' title='bbox 226 4097 357 4160; x_wconf 85' lang='lat' dir='ltr'>Sapientior</span> <span class='ocrx_word' id='word_1_260' title='bbox 370 4104 446 4147; x_wconf 90' lang='lat' dir='ltr'>tamen</span> <span class='ocrx_word' id='word_1_261' title='bbox 459 4102 540 4158; x_wconf 89' lang='lat' dir='ltr'>postea</span> <span class='ocrx_word' id='word_1_262' title='bbox 552 4094 674 4158; x_wconf 82' lang='lat' dir='ltr'>dispositio</span> <span class='ocrx_word' id='word_1_263' title='bbox 689 4095 779 4146; x_wconf 84' lang='lat' dir='ltr'>inuecta</span> <span class='ocrx_word' id='word_1_264' title='bbox 792 4103 849 4148; x_wconf 91' lang='lat' dir='ltr'>est.</span> <span class='ocrx_word' id='word_1_265' title='bbox 874 4134 881 4148; x_wconf 93' lang='lat'><strong><em>.</em></strong></span> <span class='ocrx_word' id='word_1_266' title='bbox 908 4133 914 4148; x_wconf 94' lang='lat'><em>.</em></span> <span class='ocrx_word' id='word_1_267' title='bbox 941 4131 948 4148; x_wconf 90' lang='lat'>.</span> <span class='ocrx_word' id='word_1_268' title='bbox 974 4133 982 4162; x_wconf 77' lang='grc'>,</span> <span class='ocrx_word' id='word_1_269' title='bbox 1007 4131 1014 4148; x_wconf 91' lang='grc'><strong>.</strong></span> <span class='ocrx_word' id='word_1_270' title='bbox 1040 4134 1048 4149; x_wconf 94' lang='grc'><strong><em>.</em></strong></span> <span class='ocrx_word' id='word_1_271' title='bbox 1074 4134 1080 4149; x_wconf 93' lang='grc'><em>.</em></span> <span class='ocrx_word' id='word_1_272' title='bbox 1107 4133 1114 4150; x_wconf 93' lang='grc'><strong>.</strong></span> <span class='ocrx_word' id='word_1_273' title='bbox 1161 4101 1194 4150; x_wconf 75' lang='lat'>25</span> 
     </span>
     <span class='ocr_line' id='line_1_35' title="bbox 99 4183 1195 4248; baseline 0.002 -15"><span class='ocrx_word' id='word_1_274' title='bbox 99 4235 102 4242; x_wconf 63' lang='grc'><strong>,</strong></span> <span class='ocrx_word' id='word_1_275' title='bbox 152 4184 195 4248; x_wconf 86' lang='grc'><strong>111.</strong></span> <span class='ocrx_word' id='word_1_276' title='bbox 209 4183 355 4246; x_wconf 85' lang='lat' dir='ltr'>Expenditur</span> <span class='ocrx_word' id='word_1_277' title='bbox 367 4183 461 4232; x_wconf 84' lang='lat' dir='ltr'>talionis</span> <span class='ocrx_word' id='word_1_278' title='bbox 471 4185 509 4234; x_wconf 82' lang='lat' dir='ltr'>lex</span> <span class='ocrx_word' id='word_1_279' title='bbox 522 4190 593 4248; x_wconf 90' lang='lat' dir='ltr'>prout</span> <span class='ocrx_word' id='word_1_280' title='bbox 605 4184 693 4248; x_wconf 83' lang='lat' dir='ltr'>injure</span> <span class='ocrx_word' id='word_1_281' title='bbox 707 4184 816 4234; x_wconf 85' lang='lat' dir='ltr'>canonico</span> <span class='ocrx_word' id='word_1_282' title='bbox 829 4185 929 4234; x_wconf 85' lang='lat' dir='ltr'>habetur</span> <span class='ocrx_word' id='word_1_283' title='bbox 942 4216 1115 4236; x_wconf 88' lang='grc'><strong>......</strong></span> <span class='ocrx_word' id='word_1_284' title='bbox 1162 4184 1195 4236; x_wconf 74' lang='lat'>26</span> 
     </span>
     <span class='ocr_line' id='line_1_36' title="bbox 185 4268 1128 4334; baseline 0 -14"><span class='ocrx_word' id='word_1_285' title='bbox 185 4268 330 4332; x_wconf 66' lang='lat' dir='ltr'>Proposito</span> <span class='ocrx_word' id='word_1_286' title='bbox 348 4271 384 4318; x_wconf 75' lang='lat'>1¹.</span> <span class='ocrx_word' id='word_1_287' title='bbox 399 4272 484 4320; x_wconf 76' lang='lat' dir='ltr'>Forma</span> <span class='ocrx_word' id='word_1_288' title='bbox 497 4283 539 4334; x_wconf 85' lang='lat' dir='ltr'>per</span> <span class='ocrx_word' id='word_1_289' title='bbox 551 4270 613 4320; x_wconf 85' lang='lat' dir='ltr'>riam</span> <span class='ocrx_word' id='word_1_290' title='bbox 625 4269 781 4320; x_wconf 84' lang='lat' dir='ltr'>accusationis</span> <span class='ocrx_word' id='word_1_291' title='bbox 798 4269 948 4334; x_wconf 83' lang='lat' dir='ltr'>procedendi,</span> <span class='ocrx_word' id='word_1_292' title='bbox 965 4283 1017 4320; x_wconf 88' lang='lat' dir='ltr'>cum</span> <span class='ocrx_word' id='word_1_293' title='bbox 1036 4269 1128 4322; x_wconf 85' lang='lat' dir='ltr'>talionis</span> 
     </span>
     <span class='ocr_line' id='line_1_37' title="bbox 174 4353 1194 4426; baseline 0.005 -23"><span class='ocrx_word' id='word_1_294' title='bbox 174 4389 176 4393; x_wconf 87' lang='lat'>-</span> <span class='ocrx_word' id='word_1_295' title='bbox 218 4368 295 4418; x_wconf 83' lang='lat' dir='ltr'>poena,</span> <span class='ocrx_word' id='word_1_296' title='bbox 307 4354 397 4425; x_wconf 74' lang='lat' dir='ltr'>injure</span> <span class='ocrx_word' id='word_1_297' title='bbox 411 4355 520 4426; x_wconf 69' lang='lat' dir='ltr'>muortico</span> <span class='ocrx_word' id='word_1_298' title='bbox 533 4361 625 4422; x_wconf 80' lang='lat' dir='ltr'>recepta</span> <span class='ocrx_word' id='word_1_299' title='bbox 637 4353 680 4405; x_wconf 85' lang='lat' dir='ltr'>tuit</span> <span class='ocrx_word' id='word_1_300' title='bbox 686 4390 819 4406; x_wconf 87' lang='lat'>.....</span> <span class='ocrx_word' id='word_1_301' title='bbox 839 4394 842 4398; x_wconf 87' lang='lat'>.</span> <span class='ocrx_word' id='word_1_302' title='bbox 844 4390 1116 4410; x_wconf 88' lang='grc'><strong>.........</strong></span> <span class='ocrx_word' id='word_1_303' title='bbox 1161 4356 1194 4406; x_wconf 75' lang='grc'>16</span> 
     </span>
    </p>
   </div>
   <div class='ocr_carea' id='block_1_6' title="bbox 0 0 1470 5114">
    <p class='ocr_par' dir='ltr' id='par_1_6' title="bbox 0 0 1470 5114">
     <span class='ocr_line' id='line_1_38' title="bbox 0 0 1470 5114; baseline 0 13"><span class='ocrx_word' id='word_1_304' title='bbox 0 0 1470 5114; x_wconf 95' lang='lat' dir='ltr'> </span> 
     </span>
    </p>
   </div>
  </div>
 </body>
</html>
