<?xml version="1.0" encoding="UTF-8"?>
<!DOCTYPE html PUBLIC "-//W3C//DTD XHTML 1.0 Transitional//EN"
    "http://www.w3.org/TR/xhtml1/DTD/xhtml1-transitional.dtd">
<html xmlns="http://www.w3.org/1999/xhtml" xml:lang="en" lang="en">
 <head>
  <title>
</title>
<meta http-equiv="Content-Type" content="text/html;charset=utf-8" />
  <meta name='ocr-system' content='tesseract 3.04.00' />
  <meta name='ocr-capabilities' content='ocr_page ocr_carea ocr_par ocr_line ocrx_word'/>
</head>
<body>
  <div class='ocr_page' id='page_1' title='image "./tractatusdejudi01bouigoog_0238.png"; bbox 0 0 2848 5118; ppageno 0'>
   <div class='ocr_carea' id='block_1_1' title="bbox 79 332 1260 3788">
    <p class='ocr_par' dir='ltr' id='par_1_1' title="bbox 79 332 1260 3788">
     <span class='ocr_line' id='line_1_1' title="bbox 505 332 1194 402; baseline 0.003 -4"><span class='ocrx_word' id='word_1_1' title='bbox 505 347 585 398; x_wconf 77' lang='lat' dir='ltr'><strong>runs</strong></span> <span class='ocrx_word' id='word_1_2' title='bbox 606 347 766 402; x_wconf 77' lang='lat' dir='ltr'><strong>sueonos.</strong></span> <span class='ocrx_word' id='word_1_3' title='bbox 1129 332 1194 400; x_wconf 73' lang='lat'><strong>²29</strong></span> 
     </span>
     <span class='ocr_line' id='line_1_2' title="bbox 132 471 1197 557; baseline 0 -19"><span class='ocrx_word' id='word_1_4' title='bbox 132 476 161 540; x_wconf 82' lang='lat' dir='ltr'><strong>t.</strong></span> <span class='ocrx_word' id='word_1_5' title='bbox 176 471 226 540; x_wconf 77' lang='lat' dir='ltr'><strong>Ad</strong></span> <span class='ocrx_word' id='word_1_6' title='bbox 239 471 387 550; x_wconf 87' lang='lat' dir='ltr'><strong>dubium,</strong></span> <span class='ocrx_word' id='word_1_7' title='bbox 402 475 503 556; x_wconf 75' lang='lat' dir='ltr'><strong>quoto</strong></span> <span class='ocrx_word' id='word_1_8' title='bbox 516 476 648 540; x_wconf 71' lang='lat' dir='ltr'><strong>conditio</strong></span> <span class='ocrx_word' id='word_1_9' title='bbox 662 479 818 538; x_wconf 70' lang='lat' dir='ltr'><strong>memoro</strong></span> <span class='ocrx_word' id='word_1_10' title='bbox 829 471 929 536; x_wconf 84' lang='lat' dir='ltr'><strong>oolort</strong></span> <span class='ocrx_word' id='word_1_11' title='bbox 944 471 1040 550; x_wconf 85' lang='lat' dir='ltr'><strong>obsit.</strong></span> <span class='ocrx_word' id='word_1_12' title='bbox 1060 489 1197 557; x_wconf 84' lang='lat' dir='ltr'><strong>respon·</strong></span> 
     </span>
     <span class='ocr_line' id='line_1_3' title="bbox 93 585 1194 675; baseline 0.002 -21"><span class='ocrx_word' id='word_1_13' title='bbox 93 586 259 675; x_wconf 71' lang='lat' dir='ltr'><strong>detlibid.‚</strong></span> <span class='ocrx_word' id='word_1_14' title='bbox 272 608 306 652; x_wconf 90' lang='lat' dir='ltr'><strong>n.</strong></span> <span class='ocrx_word' id='word_1_15' title='bbox 320 585 506 672; x_wconf 70' lang='lat' dir='ltr'><strong>scisitatus</strong></span> <span class='ocrx_word' id='word_1_16' title='bbox 520 596 652 656; x_wconf 77' lang='lat' dir='ltr'><strong>auctor:</strong></span> <span class='ocrx_word' id='word_1_17' title='bbox 674 617 689 645; x_wconf 82' lang='grc' dir='ltr'>ι</span> <span class='ocrx_word' id='word_1_18' title='bbox 701 590 838 656; x_wconf 80' lang='lat' dir='ltr'><strong>Tantum</strong></span> <span class='ocrx_word' id='word_1_19' title='bbox 848 588 915 668; x_wconf 85' lang='lat' dir='ltr'><strong>illu,</strong></span> <span class='ocrx_word' id='word_1_20' title='bbox 930 603 1002 674; x_wconf 75' lang='lat' dir='ltr'><strong>qum</strong></span> <span class='ocrx_word' id='word_1_21' title='bbox 1017 596 1068 656; x_wconf 90' lang='lat' dir='ltr'><strong>est</strong></span> <span class='ocrx_word' id='word_1_22' title='bbox 1083 586 1194 656; x_wconf 89' lang='lat' dir='ltr'><strong>condi·</strong></span> 
     </span>
     <span class='ocr_line' id='line_1_4' title="bbox 97 701 1196 788; baseline -0.001 -18"><span class='ocrx_word' id='word_1_23' title='bbox 97 704 164 770; x_wconf 72' lang='lat' dir='ltr'><strong>etio</strong></span> <span class='ocrx_word' id='word_1_24' title='bbox 175 705 309 788; x_wconf 86' lang='lat' dir='ltr'><strong>proprie</strong></span> <span class='ocrx_word' id='word_1_25' title='bbox 323 703 422 782; x_wconf 84' lang='lat' dir='ltr'><strong>dioto,</strong></span> <span class='ocrx_word' id='word_1_26' title='bbox 440 703 556 772; x_wconf 89' lang='lat' dir='ltr'><strong>sende</strong></span> <span class='ocrx_word' id='word_1_27' title='bbox 570 704 695 784; x_wconf 82' lang='lat' dir='ltr'><strong>futuro,</strong></span> <span class='ocrx_word' id='word_1_28' title='bbox 713 712 748 772; x_wconf 87' lang='lat' dir='ltr'><strong>et</strong></span> <span class='ocrx_word' id='word_1_29' title='bbox 769 712 879 771; x_wconf 83' lang='lat' dir='ltr'><strong>sctum</strong></span> <span class='ocrx_word' id='word_1_30' title='bbox 891 701 1063 788; x_wconf 81' lang='lat' dir='ltr'>suspendit</span> <span class='ocrx_word' id='word_1_31' title='bbox 1081 702 1124 771; x_wconf 84' lang='lat' dir='ltr'><strong>od</strong></span> <span class='ocrx_word' id='word_1_32' title='bbox 1143 703 1196 770; x_wconf 84' lang='lat' dir='ltr'><strong>lu·</strong></span> 
     </span>
     <span class='ocr_line' id='line_1_5' title="bbox 97 817 1196 904; baseline -0.002 -18"><span class='ocrx_word' id='word_1_33' title='bbox 97 829 227 886; x_wconf 77' lang='lat' dir='ltr'><strong>«turum</strong></span> <span class='ocrx_word' id='word_1_34' title='bbox 243 828 420 904; x_wconf 69' lang='lat' dir='ltr'><strong>eventum</strong></span> <span class='ocrx_word' id='word_1_35' title='bbox 436 839 503 888; x_wconf 90' lang='lat' dir='ltr'><strong>non</strong></span> <span class='ocrx_word' id='word_1_36' title='bbox 525 829 636 888; x_wconf 81' lang='lat' dir='ltr'><strong>eutem</strong></span> <span class='ocrx_word' id='word_1_37' title='bbox 654 819 797 888; x_wconf 91' lang='lat' dir='ltr'><strong>conditio</strong></span> <span class='ocrx_word' id='word_1_38' title='bbox 816 818 859 887; x_wconf 90' lang='lat' dir='ltr'><strong>de</strong></span> <span class='ocrx_word' id='word_1_39' title='bbox 880 819 1062 902; x_wconf 75' lang='lat' dir='ltr'><strong>procerus,</strong></span> <span class='ocrx_word' id='word_1_40' title='bbox 1083 817 1196 886; x_wconf 86' lang='lat' dir='ltr'><strong>uelde</strong></span> 
     </span>
     <span class='ocr_line' id='line_1_6' title="bbox 96 934 1196 1022; baseline 0 -22"><span class='ocrx_word' id='word_1_41' title='bbox 96 937 278 1018; x_wconf 76' lang='lat' dir='ltr'><strong>«promoti.</strong></span> <span class='ocrx_word' id='word_1_42' title='bbox 296 937 366 1002; x_wconf 88' lang='lat' dir='ltr'><strong>Imo</strong></span> <span class='ocrx_word' id='word_1_43' title='bbox 391 955 453 1002; x_wconf 89' lang='lat' dir='ltr'><strong>nec</strong></span> <span class='ocrx_word' id='word_1_44' title='bbox 466 936 588 1022; x_wconf 77' lang='lat' dir='ltr'><strong>qumvis</strong></span> <span class='ocrx_word' id='word_1_45' title='bbox 615 934 758 1004; x_wconf 88' lang='lat' dir='ltr'><strong>conditio</strong></span> <span class='ocrx_word' id='word_1_46' title='bbox 778 934 822 1003; x_wconf 94' lang='lat' dir='ltr'><strong>de</strong></span> <span class='ocrx_word' id='word_1_47' title='bbox 845 934 960 1002; x_wconf 82' lang='lat' dir='ltr'><strong>futuro</strong></span> <span class='ocrx_word' id='word_1_48' title='bbox 975 934 1070 1002; x_wconf 89' lang='lat' dir='ltr'><strong>obest</strong></span> <span class='ocrx_word' id='word_1_49' title='bbox 1092 934 1196 1002; x_wconf 78' lang='lat' dir='ltr'><strong>soloni</strong></span> 
     </span>
     <span class='ocr_line' id='line_1_7' title="bbox 95 1049 1194 1130; baseline -0.002 -12"><span class='ocrx_word' id='word_1_50' title='bbox 95 1051 297 1130; x_wconf 78' lang='lat' dir='ltr'><strong>«sententie,</strong></span> <span class='ocrx_word' id='word_1_51' title='bbox 315 1051 376 1118; x_wconf 85' lang='lat' dir='ltr'><strong>sed</strong></span> <span class='ocrx_word' id='word_1_52' title='bbox 387 1056 516 1117; x_wconf 84' lang='lat' dir='ltr'><strong>tontum</strong></span> <span class='ocrx_word' id='word_1_53' title='bbox 531 1052 714 1118; x_wconf 80' lang='lat' dir='ltr'><strong>extrinseco</strong></span> <span class='ocrx_word' id='word_1_54' title='bbox 732 1072 739 1116; x_wconf 91' lang='lat'><strong>:</strong></span> <span class='ocrx_word' id='word_1_55' title='bbox 765 1069 840 1116; x_wconf 87' lang='lat' dir='ltr'><strong>nom</strong></span> <span class='ocrx_word' id='word_1_56' title='bbox 858 1050 920 1117; x_wconf 87' lang='lat' dir='ltr'><strong>sub</strong></span> <span class='ocrx_word' id='word_1_57' title='bbox 940 1049 1127 1118; x_wconf 89' lang='lat' dir='ltr'><strong>conditione</strong></span> <span class='ocrx_word' id='word_1_58' title='bbox 1144 1051 1194 1116; x_wconf 91' lang='lat' dir='ltr'><strong>in·</strong></span> 
     </span>
     <span class='ocr_line' id='line_1_8' title="bbox 94 1163 1192 1258; baseline 0.003 -29"><span class='ocrx_word' id='word_1_59' title='bbox 94 1165 253 1232; x_wconf 66' lang='lat' dir='ltr'><strong>atrinseca</strong></span> <span class='ocrx_word' id='word_1_60' title='bbox 282 1172 327 1258; x_wconf 90' lang='lat' dir='ltr'><strong>et</strong></span> <span class='ocrx_word' id='word_1_61' title='bbox 341 1167 522 1232; x_wconf 84' lang='lat' dir='ltr'><strong>necessoris</strong></span> <span class='ocrx_word' id='word_1_62' title='bbox 543 1166 625 1232; x_wconf 88' lang='lat' dir='ltr'><strong>ferri</strong></span> <span class='ocrx_word' id='word_1_63' title='bbox 649 1171 759 1250; x_wconf 85' lang='lat' dir='ltr'><strong>potest</strong></span> <span class='ocrx_word' id='word_1_64' title='bbox 782 1166 954 1244; x_wconf 82' lang='lat' dir='ltr'><strong>sententia.</strong></span> <span class='ocrx_word' id='word_1_65' title='bbox 979 1171 1018 1232; x_wconf 90' lang='lat' dir='ltr'><strong>ut</strong></span> <span class='ocrx_word' id='word_1_66' title='bbox 1040 1165 1068 1232; x_wconf 87' lang='lat' dir='ltr'><strong>si</strong></span> <span class='ocrx_word' id='word_1_67' title='bbox 1089 1163 1192 1250; x_wconf 86' lang='lat' dir='ltr'><strong>judex</strong></span> 
     </span>
     <span class='ocr_line' id='line_1_9' title="bbox 92 1281 1189 1365; baseline 0 -19"><span class='ocrx_word' id='word_1_68' title='bbox 92 1281 201 1348; x_wconf 80' lang='lat' dir='ltr'><strong>«dicat</strong></span> <span class='ocrx_word' id='word_1_69' title='bbox 218 1301 225 1348; x_wconf 94' lang='lat'><strong>:</strong></span> <span class='ocrx_word' id='word_1_70' title='bbox 243 1285 351 1363; x_wconf 74' lang='lat' dir='ltr'><strong>Desero</strong></span> <span class='ocrx_word' id='word_1_71' title='bbox 364 1285 428 1348; x_wconf 74' lang='lat' dir='ltr'><strong>tibi</strong></span> <span class='ocrx_word' id='word_1_72' title='bbox 437 1288 657 1364; x_wconf 78' lang='lat' dir='ltr'><strong>jurameutum,</strong></span> <span class='ocrx_word' id='word_1_73' title='bbox 676 1290 716 1362; x_wconf 83' lang='lat' dir='ltr'><strong>et,</strong></span> <span class='ocrx_word' id='word_1_74' title='bbox 734 1289 763 1348; x_wconf 80' lang='lat' dir='ltr'><strong>ss·</strong></span> <span class='ocrx_word' id='word_1_75' title='bbox 774 1287 968 1365; x_wconf 64' lang='lat' dir='ltr'><strong>proellum,</strong></span> <span class='ocrx_word' id='word_1_76' title='bbox 982 1283 1136 1346; x_wconf 73' lang='lat' dir='ltr'><strong>absolvam</strong></span> <span class='ocrx_word' id='word_1_77' title='bbox 1149 1287 1189 1358; x_wconf 84' lang='lat' dir='ltr'><strong>le,</strong></span> 
     </span>
     <span class='ocr_line' id='line_1_10' title="bbox 93 1399 306 1462; baseline 0 0"><span class='ocrx_word' id='word_1_78' title='bbox 93 1399 160 1462; x_wconf 77' lang='lat' dir='ltr'><strong>«ool</strong></span> <span class='ocrx_word' id='word_1_79' title='bbox 173 1399 306 1462; x_wconf 80' lang='lat' dir='ltr'><strong>obsoleo.</strong></span> 
     </span>
     <span class='ocr_line' id='line_1_11' title="bbox 125 1508 1194 1588; baseline -0.001 -11"><span class='ocrx_word' id='word_1_80' title='bbox 125 1513 155 1577; x_wconf 81' lang='lat'><strong>³.</strong></span> <span class='ocrx_word' id='word_1_81' title='bbox 177 1539 192 1566; x_wconf 68' lang='lat' dir='ltr'><strong>s</strong></span> <span class='ocrx_word' id='word_1_82' title='bbox 209 1510 311 1578; x_wconf 86' lang='lat' dir='ltr'><strong>Obest</strong></span> <span class='ocrx_word' id='word_1_83' title='bbox 329 1509 472 1578; x_wconf 88' lang='lat' dir='ltr'><strong>conditio</strong></span> <span class='ocrx_word' id='word_1_84' title='bbox 489 1512 593 1580; x_wconf 89' lang='lat' dir='ltr'><strong>solum</strong></span> <span class='ocrx_word' id='word_1_85' title='bbox 612 1512 646 1576; x_wconf 98' lang='lat' dir='ltr'><strong>in</strong></span> <span class='ocrx_word' id='word_1_86' title='bbox 661 1510 823 1578; x_wconf 78' lang='lat' dir='ltr'><strong>sententis</strong></span> <span class='ocrx_word' id='word_1_87' title='bbox 838 1508 1020 1588; x_wconf 81' lang='lat' dir='ltr'><strong>definitivo,</strong></span> <span class='ocrx_word' id='word_1_88' title='bbox 1049 1529 1115 1576; x_wconf 90' lang='lat' dir='ltr'><strong>non</strong></span> <span class='ocrx_word' id='word_1_89' title='bbox 1136 1527 1194 1578; x_wconf 83' lang='lat' dir='ltr'><strong>uu·</strong></span> 
     </span>
     <span class='ocr_line' id='line_1_12' title="bbox 90 1609 1225 1694; baseline 0.002 -5"><span class='ocrx_word' id='word_1_90' title='bbox 90 1631 176 1692; x_wconf 78' lang='lat' dir='ltr'><strong>«tem</strong></span> <span class='ocrx_word' id='word_1_91' title='bbox 191 1626 226 1691; x_wconf 91' lang='lat' dir='ltr'><strong>in</strong></span> <span class='ocrx_word' id='word_1_92' title='bbox 240 1609 528 1694; x_wconf 59' lang='lat' dir='ltr'><strong>interlocutorio).</strong></span> <span class='ocrx_word' id='word_1_93' title='bbox 549 1628 619 1694; x_wconf 91' lang='lat' dir='ltr'><strong>Imo</strong></span> <span class='ocrx_word' id='word_1_94' title='bbox 633 1627 731 1693; x_wconf 85' lang='lat' dir='ltr'><strong>etiem</strong></span> <span class='ocrx_word' id='word_1_95' title='bbox 748 1625 782 1692; x_wconf 90' lang='lat' dir='ltr'><strong>in</strong></span> <span class='ocrx_word' id='word_1_96' title='bbox 804 1623 972 1691; x_wconf 83' lang='lat' dir='ltr'><strong>definitive</strong></span> <span class='ocrx_word' id='word_1_97' title='bbox 989 1623 1044 1690; x_wconf 85' lang='lat' dir='ltr'><strong>illo</strong></span> <span class='ocrx_word' id='word_1_98' title='bbox 1065 1629 1193 1692; x_wconf 81' lang='lat' dir='ltr'><strong>tontum</strong></span> <span class='ocrx_word' id='word_1_99' title='bbox 1221 1651 1225 1658; x_wconf 62' lang='lat'><strong><em>¹</em></strong></span> 
     </span>
     <span class='ocr_line' id='line_1_13' title="bbox 86 1737 1192 1824; baseline -0.002 -18"><span class='ocrx_word' id='word_1_100' title='bbox 86 1763 98 1796; x_wconf 71' lang='lat' dir='ltr'><strong>e</strong></span> <span class='ocrx_word' id='word_1_101' title='bbox 114 1739 253 1808; x_wconf 89' lang='lat' dir='ltr'><strong>conditio</strong></span> <span class='ocrx_word' id='word_1_102' title='bbox 271 1741 416 1808; x_wconf 82' lang='lat' dir='ltr'><strong>valorem</strong></span> <span class='ocrx_word' id='word_1_103' title='bbox 430 1742 599 1808; x_wconf 80' lang='lat' dir='ltr'><strong>senmntic</strong></span> <span class='ocrx_word' id='word_1_104' title='bbox 609 1741 792 1824; x_wconf 74' lang='lat' dir='ltr'><strong>tollitque</strong></span> <span class='ocrx_word' id='word_1_105' title='bbox 807 1737 1073 1806; x_wconf 83' lang='lat' dir='ltr'><strong>incertitudinem</strong></span> <span class='ocrx_word' id='word_1_106' title='bbox 1088 1745 1123 1804; x_wconf 90' lang='lat' dir='ltr'><strong>et</strong></span> <span class='ocrx_word' id='word_1_107' title='bbox 1137 1737 1192 1804; x_wconf 80' lang='lat' dir='ltr'><strong>ob</strong></span> 
     </span>
     <span class='ocr_line' id='line_1_14' title="bbox 88 1851 1192 1934; baseline -0.003 -13"><span class='ocrx_word' id='word_1_108' title='bbox 88 1858 297 1924; x_wconf 80' lang='lat' dir='ltr'><strong>«scuritctem</strong></span> <span class='ocrx_word' id='word_1_109' title='bbox 325 1855 476 1924; x_wconf 77' lang='lat' dir='ltr'><strong>inducit:</strong></span> <span class='ocrx_word' id='word_1_110' title='bbox 499 1857 527 1922; x_wconf 90' lang='lat' dir='ltr'><strong>si</strong></span> <span class='ocrx_word' id='word_1_111' title='bbox 542 1856 602 1924; x_wconf 94' lang='lat' dir='ltr'><strong>hoc</strong></span> <span class='ocrx_word' id='word_1_112' title='bbox 624 1875 690 1922; x_wconf 92' lang='lat' dir='ltr'><strong>non</strong></span> <span class='ocrx_word' id='word_1_113' title='bbox 715 1853 783 1934; x_wconf 82' lang='lat' dir='ltr'><strong>bac,</strong></span> <span class='ocrx_word' id='word_1_114' title='bbox 811 1854 909 1922; x_wconf 82' lang='lat' dir='ltr'><strong>etium</strong></span> <span class='ocrx_word' id='word_1_115' title='bbox 927 1852 988 1920; x_wconf 88' lang='lat' dir='ltr'><strong>sub</strong></span> <span class='ocrx_word' id='word_1_116' title='bbox 1007 1851 1192 1919; x_wconf 83' lang='lat' dir='ltr'><strong>conditione</strong></span> 
     </span>
     <span class='ocr_line' id='line_1_15' title="bbox 88 1965 1192 2054; baseline -0.003 -19"><span class='ocrx_word' id='word_1_117' title='bbox 88 1969 339 2038; x_wconf 79' lang='lat' dir='ltr'><strong>«extrinseceet</strong></span> <span class='ocrx_word' id='word_1_118' title='bbox 356 1968 527 2037; x_wconf 84' lang='lat' dir='ltr'><strong>defuturo</strong></span> <span class='ocrx_word' id='word_1_119' title='bbox 549 1970 613 2036; x_wconf 82' lang='lat' dir='ltr'><strong>luta</strong></span> <span class='ocrx_word' id='word_1_120' title='bbox 632 1969 730 2048; x_wconf 86' lang='lat' dir='ltr'><strong>volet,</strong></span> <span class='ocrx_word' id='word_1_121' title='bbox 749 1968 896 2054; x_wconf 78' lang='lat' dir='ltr'><strong>quumvis</strong></span> <span class='ocrx_word' id='word_1_122' title='bbox 912 1965 954 2032; x_wconf 83' lang='lat' dir='ltr'><strong>ub</strong></span> <span class='ocrx_word' id='word_1_123' title='bbox 975 1985 1013 2034; x_wconf 86' lang='lat' dir='ltr'><strong>es</strong></span> <span class='ocrx_word' id='word_1_124' title='bbox 1033 1965 1192 2052; x_wconf 75' lang='lat' dir='ltr'><strong>appellari</strong></span> 
     </span>
     <span class='ocr_line' id='line_1_16' title="bbox 88 2084 253 2168; baseline 0.018 -30"><span class='ocrx_word' id='word_1_125' title='bbox 88 2112 98 2138; x_wconf 78' lang='lat' dir='ltr'><strong>s</strong></span> <span class='ocrx_word' id='word_1_126' title='bbox 114 2084 221 2168; x_wconf 72' lang='lat' dir='ltr'><strong>possit,</strong></span> <span class='ocrx_word' id='word_1_127' title='bbox 238 2113 253 2141; x_wconf 70' lang='lat' dir='ltr'><strong>s</strong></span> 
     </span>
     <span class='ocr_line' id='line_1_17' title="bbox 119 2200 1192 2285; baseline -0.004 -17"><span class='ocrx_word' id='word_1_128' title='bbox 119 2201 267 2282; x_wconf 76' lang='lat' dir='ltr'><strong>Qunsrro</strong></span> <span class='ocrx_word' id='word_1_129' title='bbox 281 2204 324 2267; x_wconf 72' lang='lat'><strong>5¹.</strong></span> <span class='ocrx_word' id='word_1_130' title='bbox 342 2237 388 2252; x_wconf 84' lang='lat'><strong>-·</strong></span> <span class='ocrx_word' id='word_1_131' title='bbox 404 2205 490 2268; x_wconf 85' lang='lat' dir='ltr'><strong>Aoct</strong></span> <span class='ocrx_word' id='word_1_132' title='bbox 500 2222 558 2285; x_wconf 83' lang='lat' dir='ltr'><strong>quo</strong></span> <span class='ocrx_word' id='word_1_133' title='bbox 569 2221 657 2266; x_wconf 77' lang='lat' dir='ltr'><strong>seusu</strong></span> <span class='ocrx_word' id='word_1_134' title='bbox 670 2205 818 2266; x_wconf 77' lang='lat' dir='ltr'><strong>sententio</strong></span> <span class='ocrx_word' id='word_1_135' title='bbox 834 2201 935 2264; x_wconf 81' lang='lat' dir='ltr'><strong>libello</strong></span> <span class='ocrx_word' id='word_1_136' title='bbox 951 2200 1115 2279; x_wconf 69' lang='lat' dir='ltr'><strong>conformis</strong></span> <span class='ocrx_word' id='word_1_137' title='bbox 1129 2215 1192 2264; x_wconf 78' lang='lat' dir='ltr'><strong>ests</strong></span> 
     </span>
     <span class='ocr_line' id='line_1_18' title="bbox 82 2311 1188 2404; baseline -0.002 -26"><span class='ocrx_word' id='word_1_138' title='bbox 82 2316 256 2404; x_wconf 81' lang='lat' dir='ltr'><strong>bcbcot?···</strong></span> <span class='ocrx_word' id='word_1_139' title='bbox 271 2319 302 2382; x_wconf 88' lang='lat'><strong>1.</strong></span> <span class='ocrx_word' id='word_1_140' title='bbox 327 2316 468 2384; x_wconf 82' lang='lat' dir='ltr'><strong>«Debet</strong></span> <span class='ocrx_word' id='word_1_141' title='bbox 488 2333 558 2384; x_wconf 86' lang='lat' dir='ltr'><strong>esse</strong></span> <span class='ocrx_word' id='word_1_142' title='bbox 578 2315 753 2382; x_wconf 85' lang='lat' dir='ltr'><strong>conformis</strong></span> <span class='ocrx_word' id='word_1_143' title='bbox 765 2313 887 2391; x_wconf 82' lang='lat' dir='ltr'><strong>libello,</strong></span> <span class='ocrx_word' id='word_1_144' title='bbox 909 2319 948 2378; x_wconf 94' lang='lat' dir='ltr'><strong>ut</strong></span> <span class='ocrx_word' id='word_1_145' title='bbox 969 2311 1133 2395; x_wconf 78' lang='lat' dir='ltr'><strong>colligitur</strong></span> <span class='ocrx_word' id='word_1_146' title='bbox 1146 2329 1188 2378; x_wconf 82' lang='lat' dir='ltr'><strong>ex</strong></span> 
     </span>
     <span class='ocr_line' id='line_1_19' title="bbox 86 2427 1260 2518; baseline -0.002 -22"><span class='ocrx_word' id='word_1_147' title='bbox 86 2432 212 2515; x_wconf 81' lang='lat' dir='ltr'><strong>-cspite</strong></span> <span class='ocrx_word' id='word_1_148' title='bbox 228 2435 369 2513; x_wconf 74' lang='lat' dir='ltr'><strong>Qcmliter</strong></span> <span class='ocrx_word' id='word_1_149' title='bbox 382 2432 447 2518; x_wconf 78' lang='lat' dir='ltr'><strong>(nl,</strong></span> <span class='ocrx_word' id='word_1_150' title='bbox 463 2433 547 2500; x_wconf 85' lang='lat' dir='ltr'><strong>circo</strong></span> <span class='ocrx_word' id='word_1_151' title='bbox 559 2432 670 2511; x_wconf 83' lang='lat' dir='ltr'><strong>tinem,</strong></span> <span class='ocrx_word' id='word_1_152' title='bbox 687 2435 725 2498; x_wconf 83' lang='lat' dir='ltr'><strong>de</strong></span> <span class='ocrx_word' id='word_1_153' title='bbox 738 2427 873 2513; x_wconf 80' lang='lat' dir='ltr'><strong>Accos.);</strong></span> <span class='ocrx_word' id='word_1_154' title='bbox 891 2447 933 2494; x_wconf 86' lang='lat' dir='ltr'><strong>ex</strong></span> <span class='ocrx_word' id='word_1_155' title='bbox 949 2427 1188 2494; x_wconf 71' lang='lat' dir='ltr'><strong>clementissi</strong></span> <span class='ocrx_word' id='word_1_156' title='bbox 1255 2431 1260 2440; x_wconf 93' lang='lat'>&#39;</span> 
     </span>
     <span class='ocr_line' id='line_1_20' title="bbox 85 2542 1185 2631; baseline -0.002 -20"><span class='ocrx_word' id='word_1_157' title='bbox 85 2573 96 2596; x_wconf 86' lang='lat'><strong>·</strong></span> <span class='ocrx_word' id='word_1_158' title='bbox 113 2546 144 2630; x_wconf 68' lang='lat' dir='ltr'><strong>(S</strong></span> <span class='ocrx_word' id='word_1_159' title='bbox 162 2551 280 2624; x_wconf 79' lang='lat' dir='ltr'><strong>Verum,</strong></span> <span class='ocrx_word' id='word_1_160' title='bbox 298 2549 336 2612; x_wconf 83' lang='lat' dir='ltr'><strong>de</strong></span> <span class='ocrx_word' id='word_1_161' title='bbox 352 2551 514 2612; x_wconf 74' lang='lat' dir='ltr'><strong>Verborum</strong></span> <span class='ocrx_word' id='word_1_162' title='bbox 528 2544 774 2631; x_wconf 65' lang='lat' dir='ltr'><strong>myoifioolmoc);</strong></span> <span class='ocrx_word' id='word_1_163' title='bbox 794 2545 923 2626; x_wconf 79' lang='lat' dir='ltr'><strong>exlege</strong></span> <span class='ocrx_word' id='word_1_164' title='bbox 938 2545 1101 2624; x_wconf 72' lang='lat' dir='ltr'><strong>Utsuodus</strong></span> <span class='ocrx_word' id='word_1_165' title='bbox 1117 2542 1144 2628; x_wconf 87' lang='lat'><strong>(1</strong></span> <span class='ocrx_word' id='word_1_166' title='bbox 1152 2545 1185 2622; x_wconf 84' lang='grc'><strong>8,</strong></span> 
     </span>
     <span class='ocr_line' id='line_1_21' title="bbox 85 2657 1186 2748; baseline -0.002 -22"><span class='ocrx_word' id='word_1_167' title='bbox 85 2660 143 2726; x_wconf 83' lang='lat' dir='ltr'><strong>·o.</strong></span> <span class='ocrx_word' id='word_1_168' title='bbox 166 2665 321 2728; x_wconf 82' lang='lat' dir='ltr'><strong>Commuo.</strong></span> <span class='ocrx_word' id='word_1_169' title='bbox 351 2661 527 2748; x_wconf 72' lang='lat' dir='ltr'><strong>dividend.)</strong></span> <span class='ocrx_word' id='word_1_170' title='bbox 540 2692 555 2718; x_wconf 72' lang='grc' dir='ltr'><strong>ι</strong></span> <span class='ocrx_word' id='word_1_171' title='bbox 588 2664 638 2729; x_wconf 84' lang='lat' dir='ltr'><strong>Its</strong></span> <span class='ocrx_word' id='word_1_172' title='bbox 662 2659 951 2746; x_wconf 78' lang='lat' dir='ltr'><strong>Schmulsgrueber</strong></span> <span class='ocrx_word' id='word_1_173' title='bbox 980 2657 1027 2743; x_wconf 84' lang='lat' dir='ltr'><strong>(in</strong></span> <span class='ocrx_word' id='word_1_174' title='bbox 1049 2659 1102 2723; x_wconf 86' lang='lat' dir='ltr'><strong>tit.</strong></span> <span class='ocrx_word' id='word_1_175' title='bbox 1130 2659 1186 2735; x_wconf 80' lang='lat'><strong>27,</strong></span> 
     </span>
     <span class='ocr_line' id='line_1_22' title="bbox 79 2774 1166 2862; baseline 0.002 -20"><span class='ocrx_word' id='word_1_176' title='bbox 79 2774 148 2842; x_wconf 89' lang='lat' dir='ltr'><strong>libri</strong></span> <span class='ocrx_word' id='word_1_177' title='bbox 162 2780 181 2844; x_wconf 81' lang='lat'><strong>2</strong></span> <span class='ocrx_word' id='word_1_178' title='bbox 197 2777 304 2857; x_wconf 64' lang='lat' dir='ltr'><strong>deor„</strong></span> <span class='ocrx_word' id='word_1_179' title='bbox 322 2797 356 2842; x_wconf 88' lang='lat' dir='ltr'><strong>n.</strong></span> <span class='ocrx_word' id='word_1_180' title='bbox 376 2776 445 2862; x_wconf 80' lang='grc'>37).</span> <span class='ocrx_word' id='word_1_181' title='bbox 1162 2785 1166 2794; x_wconf 92' lang='grc'><strong>’</strong></span> 
     </span>
     <span class='ocr_line' id='line_1_23' title="bbox 118 2890 1184 2979; baseline 0.008 -23"><span class='ocrx_word' id='word_1_182' title='bbox 118 2892 148 2956; x_wconf 81' lang='lat'><strong>2.</strong></span> <span class='ocrx_word' id='word_1_183' title='bbox 165 2890 214 2960; x_wconf 80' lang='lat' dir='ltr'><strong>dd</strong></span> <span class='ocrx_word' id='word_1_184' title='bbox 228 2895 456 2979; x_wconf 72' lang='lat' dir='ltr'><strong>questionem,</strong></span> <span class='ocrx_word' id='word_1_185' title='bbox 484 2896 636 2976; x_wconf 81' lang='lat' dir='ltr'><strong>Quomodo</strong></span> <span class='ocrx_word' id='word_1_186' title='bbox 649 2899 797 2959; x_wconf 69' lang='lat' dir='ltr'><strong>commota</strong></span> <span class='ocrx_word' id='word_1_187' title='bbox 820 2895 926 2958; x_wconf 83' lang='lat' dir='ltr'><strong>debool</strong></span> <span class='ocrx_word' id='word_1_188' title='bbox 941 2913 1004 2959; x_wconf 79' lang='lat' dir='ltr'><strong>esso</strong></span> <span class='ocrx_word' id='word_1_189' title='bbox 1022 2900 1184 2979; x_wconf 77' lang='lat' dir='ltr'><strong>conformis</strong></span> 
     </span>
     <span class='ocr_line' id='line_1_24' title="bbox 79 3007 1180 3098; baseline 0.009 -28"><span class='ocrx_word' id='word_1_190' title='bbox 79 3007 178 3086; x_wconf 75' lang='lat' dir='ltr'><strong>libello,</strong></span> <span class='ocrx_word' id='word_1_191' title='bbox 197 3009 376 3094; x_wconf 83' lang='lat' dir='ltr'><strong>respondet</strong></span> <span class='ocrx_word' id='word_1_192' title='bbox 391 3009 497 3098; x_wconf 84' lang='lat' dir='ltr'><strong>(ibid,</strong></span> <span class='ocrx_word' id='word_1_193' title='bbox 515 3030 549 3077; x_wconf 88' lang='lat' dir='ltr'><strong>n.</strong></span> <span class='ocrx_word' id='word_1_194' title='bbox 565 3009 619 3095; x_wconf 81' lang='lat' dir='ltr'><strong>to)</strong></span> <span class='ocrx_word' id='word_1_195' title='bbox 640 3011 758 3076; x_wconf 77' lang='lat' dir='ltr'><strong>citatus</strong></span> <span class='ocrx_word' id='word_1_196' title='bbox 770 3018 886 3076; x_wconf 80' lang='lat' dir='ltr'><strong>auctor</strong></span> <span class='ocrx_word' id='word_1_197' title='bbox 907 3033 915 3077; x_wconf 75' lang='grc' dir='ltr'><strong><em>ε</em></strong></span> <span class='ocrx_word' id='word_1_198' title='bbox 941 3012 1103 3082; x_wconf 77' lang='lat' dir='ltr'><strong>«Certum</strong></span> <span class='ocrx_word' id='word_1_199' title='bbox 1118 3022 1180 3095; x_wconf 85' lang='lat' dir='ltr'><strong>esc,</strong></span> 
     </span>
     <span class='ocr_line' id='line_1_25' title="bbox 83 3124 1185 3214; baseline 0.007 -24"><span class='ocrx_word' id='word_1_200' title='bbox 83 3149 94 3174; x_wconf 86' lang='lat'>·</span> <span class='ocrx_word' id='word_1_201' title='bbox 112 3124 195 3208; x_wconf 88' lang='lat' dir='ltr'><strong>quod</strong></span> <span class='ocrx_word' id='word_1_202' title='bbox 209 3145 275 3193; x_wconf 94' lang='lat' dir='ltr'><strong>non</strong></span> <span class='ocrx_word' id='word_1_203' title='bbox 285 3143 416 3209; x_wconf 87' lang='lat' dir='ltr'><strong>semper</strong></span> <span class='ocrx_word' id='word_1_204' title='bbox 431 3125 553 3193; x_wconf 85' lang='lat' dir='ltr'><strong>debeat</strong></span> <span class='ocrx_word' id='word_1_205' title='bbox 564 3145 634 3192; x_wconf 87' lang='lat' dir='ltr'><strong>esse</strong></span> <span class='ocrx_word' id='word_1_206' title='bbox 649 3125 823 3193; x_wconf 80' lang='lat' dir='ltr'><strong>conformis</strong></span> <span class='ocrx_word' id='word_1_207' title='bbox 842 3127 1041 3194; x_wconf 87' lang='lat' dir='ltr'><strong>conclusioni</strong></span> <span class='ocrx_word' id='word_1_208' title='bbox 1051 3137 1086 3196; x_wconf 88' lang='lat' dir='ltr'><strong>et</strong></span> <span class='ocrx_word' id='word_1_209' title='bbox 1104 3132 1185 3214; x_wconf 90' lang='lat' dir='ltr'><strong>peti·</strong></span> 
     </span>
     <span class='ocr_line' id='line_1_26' title="bbox 82 3238 1184 3327; baseline 0.009 -25"><span class='ocrx_word' id='word_1_210' title='bbox 82 3263 93 3288; x_wconf 78' lang='grc' dir='ltr'>ι</span> <span class='ocrx_word' id='word_1_211' title='bbox 108 3238 182 3304; x_wconf 89' lang='lat' dir='ltr'><strong>tioni</strong></span> <span class='ocrx_word' id='word_1_212' title='bbox 195 3243 329 3325; x_wconf 62' lang='lat' dir='ltr'><strong>scierim</strong></span> <span class='ocrx_word' id='word_1_213' title='bbox 348 3242 490 3327; x_wconf 81' lang='lat' dir='ltr'><strong>sboqnin</strong></span> <span class='ocrx_word' id='word_1_214' title='bbox 507 3242 612 3306; x_wconf 87' lang='lat' dir='ltr'><strong>omnis</strong></span> <span class='ocrx_word' id='word_1_215' title='bbox 626 3241 786 3308; x_wconf 84' lang='lat' dir='ltr'><strong>sententis</strong></span> <span class='ocrx_word' id='word_1_216' title='bbox 801 3240 941 3308; x_wconf 86' lang='lat' dir='ltr'><strong>deberet</strong></span> <span class='ocrx_word' id='word_1_217' title='bbox 956 3242 1184 3312; x_wconf 81' lang='lat' dir='ltr'><strong>condemnato·</strong></span> 
     </span>
     <span class='ocr_line' id='line_1_27' title="bbox 83 3355 1183 3444; baseline 0.008 -24"><span class='ocrx_word' id='word_1_218' title='bbox 83 3355 150 3420; x_wconf 77' lang='lat' dir='ltr'><strong>-rio</strong></span> <span class='ocrx_word' id='word_1_219' title='bbox 163 3375 246 3435; x_wconf 87' lang='lat' dir='ltr'><strong>esse,</strong></span> <span class='ocrx_word' id='word_1_220' title='bbox 264 3376 325 3423; x_wconf 87' lang='lat' dir='ltr'><strong>nec</strong></span> <span class='ocrx_word' id='word_1_221' title='bbox 341 3377 482 3444; x_wconf 78' lang='lat' dir='ltr'><strong>unquam</strong></span> <span class='ocrx_word' id='word_1_222' title='bbox 492 3356 702 3424; x_wconf 88' lang='lat' dir='ltr'><strong>reusubsolvi</strong></span> <span class='ocrx_word' id='word_1_223' title='bbox 715 3364 835 3440; x_wconf 86' lang='lat' dir='ltr'><strong>posset,</strong></span> <span class='ocrx_word' id='word_1_224' title='bbox 848 3376 922 3423; x_wconf 92' lang='lat' dir='ltr'><strong>oum</strong></span> <span class='ocrx_word' id='word_1_225' title='bbox 932 3377 1063 3442; x_wconf 88' lang='lat' dir='ltr'><strong>semper</strong></span> <span class='ocrx_word' id='word_1_226' title='bbox 1074 3362 1108 3426; x_wconf 93' lang='lat' dir='ltr'><strong>in</strong></span> <span class='ocrx_word' id='word_1_227' title='bbox 1124 3379 1183 3428; x_wconf 88' lang='lat' dir='ltr'><strong>suo</strong></span> 
     </span>
     <span class='ocr_line' id='line_1_28' title="bbox 82 3466 1181 3558; baseline 0.012 -28"><span class='ocrx_word' id='word_1_228' title='bbox 82 3466 210 3536; x_wconf 82' lang='lat' dir='ltr'><strong>«libello</strong></span> <span class='ocrx_word' id='word_1_229' title='bbox 223 3476 418 3555; x_wconf 84' lang='lat' dir='ltr'><strong>octorpetut</strong></span> <span class='ocrx_word' id='word_1_230' title='bbox 432 3469 642 3538; x_wconf 81' lang='lat' dir='ltr'><strong>condemnari</strong></span> <span class='ocrx_word' id='word_1_231' title='bbox 663 3489 769 3536; x_wconf 87' lang='lat' dir='ltr'><strong>neum.</strong></span> <span class='ocrx_word' id='word_1_232' title='bbox 789 3471 926 3552; x_wconf 85' lang='lat' dir='ltr'><strong>Quando</strong></span> <span class='ocrx_word' id='word_1_233' title='bbox 945 3491 1025 3558; x_wconf 86' lang='lat' dir='ltr'><strong>ergo</strong></span> <span class='ocrx_word' id='word_1_234' title='bbox 1047 3474 1181 3556; x_wconf 85' lang='lat' dir='ltr'><strong>dicitur,</strong></span> 
     </span>
     <span class='ocr_line' id='line_1_29' title="bbox 83 3585 1182 3677; baseline 0.009 -26"><span class='ocrx_word' id='word_1_235' title='bbox 83 3609 94 3634; x_wconf 62' lang='grc' dir='ltr'><strong><em>κ</em></strong></span> <span class='ocrx_word' id='word_1_236' title='bbox 112 3585 193 3668; x_wconf 88' lang='lat' dir='ltr'><strong>qnod</strong></span> <span class='ocrx_word' id='word_1_237' title='bbox 211 3588 374 3654; x_wconf 85' lang='lat' dir='ltr'><strong>sententio</strong></span> <span class='ocrx_word' id='word_1_238' title='bbox 390 3586 511 3654; x_wconf 82' lang='lat' dir='ltr'><strong>debeat</strong></span> <span class='ocrx_word' id='word_1_239' title='bbox 525 3606 595 3654; x_wconf 89' lang='lat' dir='ltr'><strong>esse</strong></span> <span class='ocrx_word' id='word_1_240' title='bbox 609 3587 784 3654; x_wconf 82' lang='lat' dir='ltr'><strong>conformis</strong></span> <span class='ocrx_word' id='word_1_241' title='bbox 797 3589 920 3668; x_wconf 87' lang='lat' dir='ltr'><strong>libello,</strong></span> <span class='ocrx_word' id='word_1_242' title='bbox 938 3590 1182 3677; x_wconf 80' lang='lat' dir='ltr'><strong>intelligendum</strong></span> 
     </span>
     <span class='ocr_line' id='line_1_30' title="bbox 82 3702 1182 3788; baseline 0.012 -24"><span class='ocrx_word' id='word_1_243' title='bbox 82 3707 165 3780; x_wconf 81' lang='lat' dir='ltr'><strong>«est,</strong></span> <span class='ocrx_word' id='word_1_244' title='bbox 179 3702 270 3788; x_wconf 90' lang='lat' dir='ltr'><strong>quod</strong></span> <span class='ocrx_word' id='word_1_245' title='bbox 281 3702 400 3771; x_wconf 82' lang='lat' dir='ltr'><strong>debent</strong></span> <span class='ocrx_word' id='word_1_246' title='bbox 411 3721 482 3770; x_wconf 90' lang='lat' dir='ltr'><strong>esse</strong></span> <span class='ocrx_word' id='word_1_247' title='bbox 489 3703 663 3770; x_wconf 78' lang='lat' dir='ltr'><strong>conformis</strong></span> <span class='ocrx_word' id='word_1_248' title='bbox 676 3707 776 3786; x_wconf 79' lang='lat' dir='ltr'><strong>quood</strong></span> <span class='ocrx_word' id='word_1_249' title='bbox 786 3707 907 3768; x_wconf 83' lang='lat' dir='ltr'><strong>modum</strong></span> <span class='ocrx_word' id='word_1_250' title='bbox 924 3708 1056 3772; x_wconf 69' lang='lat' dir='ltr'><strong>clmenti.</strong></span> <span class='ocrx_word' id='word_1_251' title='bbox 1072 3710 1182 3778; x_wconf 82' lang='lat' dir='ltr'><strong>Debet</strong></span> 
     </span>
    </p>
   </div>
   <div class='ocr_carea' id='block_1_2' title="bbox 83 3799 1305 3904">
    <p class='ocr_par' dir='ltr' id='par_1_2' title="bbox 83 3799 1305 3904">
     <span class='ocr_line' id='line_1_31' title="bbox 83 3799 1305 3904; baseline 0.014 -26"><span class='ocrx_word' id='word_1_252' title='bbox 83 3823 210 3884; x_wconf 76' lang='lat' dir='ltr'><strong>«autem</strong></span> <span class='ocrx_word' id='word_1_253' title='bbox 227 3799 405 3885; x_wconf 45' lang='lat' dir='ltr'><strong>&#39;conformis</strong></span> <span class='ocrx_word' id='word_1_254' title='bbox 422 3838 493 3886; x_wconf 87' lang='lat' dir='ltr'><strong>csse</strong></span> <span class='ocrx_word' id='word_1_255' title='bbox 505 3820 543 3884; x_wconf 87' lang='lat' dir='ltr'><strong>in</strong></span> <span class='ocrx_word' id='word_1_256' title='bbox 557 3818 685 3885; x_wconf 88' lang='lat' dir='ltr'><strong>trihus:</strong></span> <span class='ocrx_word' id='word_1_257' title='bbox 706 3824 738 3884; x_wconf 84' lang='lat'><strong>1⁰</strong></span> <span class='ocrx_word' id='word_1_258' title='bbox 754 3825 787 3884; x_wconf 81' lang='lat' dir='ltr'><strong>io</strong></span> <span class='ocrx_word' id='word_1_259' title='bbox 807 3839 841 3884; x_wconf 86' lang='lat' dir='ltr'><strong>re</strong></span> <span class='ocrx_word' id='word_1_260' title='bbox 857 3841 923 3903; x_wconf 73' lang='lat' dir='ltr'><strong>quse</strong></span> <span class='ocrx_word' id='word_1_261' title='bbox 938 3829 1068 3904; x_wconf 77' lang='lat' dir='ltr'><strong>petitur.</strong></span> <span class='ocrx_word' id='word_1_262' title='bbox 1087 3826 1182 3894; x_wconf 86' lang='lat' dir='ltr'><strong>Unde</strong></span> <span class='ocrx_word' id='word_1_263' title='bbox 1302 3866 1305 3872; x_wconf 93' lang='lat'><em>·</em></span> 
     </span>
    </p>
   </div>
   <div class='ocr_carea' id='block_1_3' title="bbox 84 3929 1183 4483">
    <p class='ocr_par' dir='ltr' id='par_1_3' title="bbox 84 3929 1183 4483">
     <span class='ocr_line' id='line_1_32' title="bbox 84 3929 1181 4021; baseline 0.011 -25"><span class='ocrx_word' id='word_1_264' title='bbox 84 3929 282 4015; x_wconf 75' lang='lat' dir='ltr'><strong>«inperator</strong></span> <span class='ocrx_word' id='word_1_265' title='bbox 300 3933 387 4020; x_wconf 86' lang='lat' dir='ltr'><strong>(lege</strong></span> <span class='ocrx_word' id='word_1_266' title='bbox 406 3934 513 4013; x_wconf 78' lang='lat' dir='ltr'><strong>finali,</strong></span> <span class='ocrx_word' id='word_1_267' title='bbox 536 3955 565 4001; x_wconf 89' lang='lat' dir='ltr'><strong>c.</strong></span> <span class='ocrx_word' id='word_1_268' title='bbox 592 3939 630 4002; x_wconf 81' lang='lat' dir='ltr'><strong>de</strong></span> <span class='ocrx_word' id='word_1_269' title='bbox 647 3939 881 4002; x_wconf 75' lang='lat' dir='ltr'><strong>Fidetcommlss.</strong></span> <span class='ocrx_word' id='word_1_270' title='bbox 905 3935 1020 4021; x_wconf 79' lang='lat' dir='ltr'><strong>libert.)</strong></span> <span class='ocrx_word' id='word_1_271' title='bbox 1044 3941 1181 4008; x_wconf 88' lang='lat' dir='ltr'><strong>stultum</strong></span> 
     </span>
     <span class='ocr_line' id='line_1_33' title="bbox 84 4048 1183 4137; baseline 0.011 -28"><span class='ocrx_word' id='word_1_272' title='bbox 84 4069 96 4096; x_wconf 66' lang='grc' dir='ltr'>ι</span> <span class='ocrx_word' id='word_1_273' title='bbox 113 4049 248 4130; x_wconf 78' lang='lat' dir='ltr'><strong>appellet</strong></span> <span class='ocrx_word' id='word_1_274' title='bbox 257 4048 403 4135; x_wconf 87' lang='lat' dir='ltr'><strong>judicem</strong></span> <span class='ocrx_word' id='word_1_275' title='bbox 415 4050 482 4136; x_wconf 91' lang='lat' dir='ltr'><strong>qui,</strong></span> <span class='ocrx_word' id='word_1_276' title='bbox 501 4069 577 4116; x_wconf 90' lang='lat' dir='ltr'><strong>cum</strong></span> <span class='ocrx_word' id='word_1_277' title='bbox 594 4069 647 4115; x_wconf 89' lang='lat' dir='ltr'><strong>res</strong></span> <span class='ocrx_word' id='word_1_278' title='bbox 669 4051 703 4114; x_wconf 98' lang='lat' dir='ltr'><strong>in</strong></span> <span class='ocrx_word' id='word_1_279' title='bbox 715 4050 828 4116; x_wconf 86' lang='lat' dir='ltr'><strong>libello</strong></span> <span class='ocrx_word' id='word_1_280' title='bbox 844 4051 970 4134; x_wconf 85' lang='lat' dir='ltr'><strong>petitur</strong></span> <span class='ocrx_word' id='word_1_281' title='bbox 987 4059 1022 4118; x_wconf 89' lang='lat' dir='ltr'><strong>et</strong></span> <span class='ocrx_word' id='word_1_282' title='bbox 1036 4054 1183 4137; x_wconf 75' lang='lat' dir='ltr'><strong>prestari</strong></span> 
     </span>
     <span class='ocr_line' id='line_1_34' title="bbox 86 4165 1183 4243; baseline 0.002 -13"><span class='ocrx_word' id='word_1_283' title='bbox 86 4169 221 4243; x_wconf 58' lang='lat' dir='ltr'><strong>motem,</strong></span> <span class='ocrx_word' id='word_1_284' title='bbox 241 4183 336 4232; x_wconf 87' lang='lat' dir='ltr'><strong>reum</strong></span> <span class='ocrx_word' id='word_1_285' title='bbox 356 4165 550 4232; x_wconf 79' lang='lat' dir='ltr'><strong>condemnat</strong></span> <span class='ocrx_word' id='word_1_286' title='bbox 574 4166 606 4230; x_wconf 85' lang='lat' dir='ltr'><strong>i&#39;n</strong></span> <span class='ocrx_word' id='word_1_287' title='bbox 626 4165 870 4232; x_wconf 74' lang='lat' dir='ltr'><strong>estimationem</strong></span> <span class='ocrx_word' id='word_1_288' title='bbox 897 4168 958 4233; x_wconf 89' lang='lat' dir='ltr'><strong>rei.</strong></span> <span class='ocrx_word' id='word_1_289' title='bbox 983 4169 1018 4232; x_wconf 74' lang='lat'><strong>2⁰</strong></span> <span class='ocrx_word' id='word_1_290' title='bbox 1035 4171 1074 4234; x_wconf 81' lang='lat' dir='ltr'><strong>Io</strong></span> <span class='ocrx_word' id='word_1_291' title='bbox 1092 4187 1183 4233; x_wconf 83' lang='lat' dir='ltr'><strong>causa</strong></span> 
     </span>
     <span class='ocr_line' id='line_1_35' title="bbox 86 4279 1181 4367; baseline 0.007 -24"><span class='ocrx_word' id='word_1_292' title='bbox 86 4280 334 4357; x_wconf 67' lang='lat' dir='ltr'><strong>«occucurri</strong></span> <span class='ocrx_word' id='word_1_293' title='bbox 349 4299 456 4348; x_wconf 75' lang='lat' dir='ltr'><strong>resen</strong></span> <span class='ocrx_word' id='word_1_294' title='bbox 474 4298 569 4346; x_wconf 82' lang='lat' dir='ltr'><strong>conso</strong></span> <span class='ocrx_word' id='word_1_295' title='bbox 584 4279 778 4360; x_wconf 78' lang='lat' dir='ltr'><strong>donationis,</strong></span> <span class='ocrx_word' id='word_1_296' title='bbox 795 4279 1001 4361; x_wconf 87' lang='lat' dir='ltr'><strong>venditionis,</strong></span> <span class='ocrx_word' id='word_1_297' title='bbox 1023 4287 1105 4361; x_wconf 78' lang='lat' dir='ltr'><strong>etc,</strong></span> <span class='ocrx_word' id='word_1_298' title='bbox 1124 4300 1181 4367; x_wconf 87' lang='lat' dir='ltr'><strong>pe·</strong></span> 
     </span>
     <span class='ocr_line' id='line_1_36' title="bbox 87 4393 1180 4483; baseline 0.011 -27"><span class='ocrx_word' id='word_1_299' title='bbox 87 4397 204 4470; x_wconf 80' lang='lat' dir='ltr'><strong>«tetur,</strong></span> <span class='ocrx_word' id='word_1_300' title='bbox 222 4414 287 4461; x_wconf 92' lang='lat' dir='ltr'><strong>non</strong></span> <span class='ocrx_word' id='word_1_301' title='bbox 298 4415 340 4462; x_wconf 85' lang='lat' dir='ltr'><strong>ex</strong></span> <span class='ocrx_word' id='word_1_302' title='bbox 353 4396 414 4464; x_wconf 84' lang='lat' dir='ltr'><strong>sliu</strong></span> <span class='ocrx_word' id='word_1_303' title='bbox 430 4393 648 4480; x_wconf 73' lang='lat' dir='ltr'><strong>adjudicetur.</strong></span> <span class='ocrx_word' id='word_1_304' title='bbox 661 4400 697 4462; x_wconf 75' lang='grc' dir='ltr'><strong>3ο</strong></span> <span class='ocrx_word' id='word_1_305' title='bbox 709 4395 858 4483; x_wconf 82' lang='lat' dir='ltr'><strong>Denique</strong></span> <span class='ocrx_word' id='word_1_306' title='bbox 871 4404 906 4464; x_wconf 79' lang='lat' dir='ltr'><strong>to</strong></span> <span class='ocrx_word' id='word_1_307' title='bbox 915 4403 1180 4480; x_wconf 67' lang='lat' dir='ltr'><strong>mecumtecum</strong></span> 
     </span>
    </p>
   </div>
   <div class='ocr_carea' id='block_1_4' title="bbox 0 0 1428 5118">
    <p class='ocr_par' dir='ltr' id='par_1_4' title="bbox 0 0 1428 5118">
     <span class='ocr_line' id='line_1_37' title="bbox 0 0 1428 5118; baseline 0 1"><span class='ocrx_word' id='word_1_308' title='bbox 0 0 1428 5118; x_wconf 95' lang='lat' dir='ltr'><strong> </strong></span> 
     </span>
    </p>
   </div>
  </div>
 </body>
</html>
