2948 5126
202 290 243 354 to
546 293 732 353 raacrsros
753 305 799 353 ox
819 303 968 354 ruamus.

199 415 313 496 saltem
327 429 470 514 vigente,
487 426 626 511 probant
638 413 736 511 sopra
743 428 831 530 allati
839 435 960 496 textos.
976 409 1250 500 Addimas'autem
1265 435 1314 499 vet

198 549 327 612 similia:
344 543 526 630 saepeenim
536 544 751 612 eveniebatut
764 563 828 612 non
837 553 945 630 posset
953 546 1070 652 eadem
1079 549 1208 618 omniuo
1216 567 1313 635 poena

200 661 333 730 decerni
346 683 354 728 :
367 669 447 728 tunc
464 669 574 729 autem
583 680 678 746 poeaa
689 662 816 728 talionis
827 663 1071 748 intelligebatur
1080 663 1123 731 de
1137 685 1233 751 poena
1242 686 1312 752 quae

199 797 219 847 a
226 779 337 866 judice
348 779 567 846 estimabatur
577 796 674 864 quam
683 779 821 845 maxime
835 778 908 845 fieri
917 788 1047 864 poterat
1058 782 1208 849 similiset
1220 785 1315 869 equi·

199 895 322 963 valens.
343 893 438 979 Quod
451 903 565 979 aperte
576 893 703 960 constat
719 913 760 960 ex
776 895 882 978 capite
902 901 976 961 Cam
986 900 1098 979 sertim
1114 898 1159 985 (1,
1175 899 1265 964 tituli
1279 901 1310 979 i,

198 1012 275 1080 libri
291 1015 310 1077 5
323 1008 559 1095 decretalium),
582 1009 640 1076 ubi
655 1010 764 1092 agitur
778 1009 821 1077 de
838 1009 1106 1097 subdiaconoqui
1119 1013 1313 1082 calumniose

200 1127 373 1195 diaconum
384 1134 595 1194 accusaverat
610 1124 652 1192 de
672 1127 808 1193 crimine
822 1125 1061 1213 depositionem
1073 1128 1115 1195 ab
1130 1129 1235 1197 officio
1248 1139 1315 1197 tra·
1365 1127 1367 1130 ’

200 1245 310 1312 hante.
324 1246 356 1311 Is
366 1262 465 1328 porro
478 1249 649 1309 accusator
660 1262 725 1309 non
736 1251 866 1328 poterat
876 1243 1026 1329 deponis
1043 1244 1225 1326 diaconatu,
1239 1265 1315 1314 cum

201 1360 417 1428 subdiaconus
434 1359 606 1426 dumtaxat
627 1359 715 1426 foret
733 1381 740 1426 :
758 1367 959 1445 quapropter
985 1370 1116 1428 sanctus
1139 1363 1316 1448 Gregorius

199 1475 294 1564 jubet
308 1495 383 1542 eum
397 1477 501 1560 primo
513 1475 659 1559 deponia
672 1474 924 1543 subdiaconatu:
940 1485 1058 1544 etcum
1071 1479 1140 1544 haec
1150 1497 1247 1564 poena
1262 1479 1317 1546 de-

200 1592 351 1680 positioni
368 1589 572 1659 adiaconotu
589 1599 702 1658 exacte
720 1611 786 1658 non
801 1594 1022 1679 aequivaleret,
1043 1595 1086 1661 ad
1101 1597 1317 1681 complemen-

201 1717 273 1776 tum
284 1708 382 1800 addit
387 1709 549 1792 publicam
559 1709 860 1775 verberationemet
870 1711 1014 1778 exilium.
1031 1716 1171 1778 Iubmus
1184 1717 1316 1779 camdem

198 1833 287 1910 priua
302 1829 531 1891 subdiaconatus
534 1831 658 1909 privari
664 1826 772 1907 officio,
787 1835 817 1891 et
828 1829 997 1893 verberibus
1006 1832 1126 1912 publice
1137 1837 1316 1913 corticellam

202 1950 236 2008 tc
246 1922 373 2007 esitium
384 1945 539 2025 deportari
542 1991 549 2006 .

247 2061 283 2125 4⁰
295 2059 471 2125 Accusator
484 2076 579 2143 quem
593 2065 718 2126 constat
733 2076 774 2124 ex
786 2059 905 2126 malitia
921 2062 1133 2130 calumniasse
1148 2062 1260 2131 evadit
1272 2063 1315 2132 de

200 2175 275 2262 jure
290 2178 436 2257 infamia·
455 2172 657 2261 proindeque
674 2177 869 2256 trrepcloris,
888 2177 934 2242 ita
951 2185 989 2243 ut
1003 2197 1111 2264 neque
1130 2181 1319 2263 promoveri

204 2292 247 2360 ad
265 2289 406 2369 ordines,
424 2308 531 2374 neque
559 2268 742 2356 ministrare
769 2291 804 2356 in
815 2291 973 2378 susceptis
985 2292 1111 2380 valeat3
1132 2303 1167 2362 et
1184 2296 1319 2380 iusuper

203 2409 347 2474 tabobtts
371 2403 414 2471 ad
437 2401 610 2488 dignitates
625 2411 660 2470 et
676 2403 833 2470 beneficia
849 2406 1077 2473 ecclesiastiea.
1097 2405 1162 2476 Sed
1172 2407 1215 2475 ad
1231 2409 1319 2475 bunc

204 2524 357 2592 ellectum
370 2537 501 2588 necesse
520 2529 571 2588 est
582 2518 778 2588 declaratam
798 2522 898 2590 fuisse
917 2525 1110 2592 calumniam
1127 2545 1185 2609 per
1202 2535 1320 2593 secten-

205 2647 280 2706 tiam
288 2638 417 2726 judicis.
433 2635 643 2736 Attendenda
657 2646 769 2704 autem
783 2646 859 2705 sunt
874 2636 975 2705 verba
986 2642 1154 2707 sententiaa
1171 2664 1179 2709 :
1195 2643 1318 2710 sienim

205 2756 326 2824 dixerit
340 2754 444 2842 jadex
457 2775 517 2820 coc
533 2757 679 2837 praemi,
699 2775 765 2822 non
787 2755 864 2823 ideo
881 2765 1103 2825 accusatorem
1127 2758 1258 2826 damnat
1275 2759 1318 2828 de

205 2873 385 2941 calumnia:
406 2889 499 2938 secus
509 2872 537 2936 si
551 2868 672 2937 dixerit
681 2875 884 2936 calumniatos
898 2893 939 2953 es,
952 2873 1095 2960 autquid
1109 2877 1316 2961 aequivalens,

205 2985 289 3056 lide
301 2987 370 3053 baeo
382 2985 528 3054 textibus
542 2985 679 3070 probata
693 2985 782 3070 apud
797 2987 1087 3074 schmalzgrueber
1101 2990 1145 3079 (in
1159 2991 1213 3058 tit.
1231 2993 1263 3070 2,
1280 2992 1320 3058 li-

205 3105 257 3174 bri
272 3108 290 3170 5
307 3103 447 3180 decret,
465 3121 498 3167 n.
523 3101 589 3186 lt).

252 3225 286 3288 5⁰
299 3221 348 3287 An
359 3219 538 3286 accusatori
552 3218 649 3287 liceat
665 3220 706 3286 ab
728 3219 877 3287 inchoata
900 3223 1103 3290 accusatione
1130 3222 1320 3293 desistere?

205 3341 375 3417 -Pataaa
389 3355 455 3402 non
469 3335 547 3402 licet
559 3333 690 3420 quando
701 3343 870 3401 accusator
883 3335 925 3402 ad
933 3337 1152 3405 accusandum
1162 3347 1316 3408 tenetur:

207 3462 258 3521 ast
275 3453 329 3520 ille
354 3471 447 3517 casus
465 3459 515 3518 est
537 3449 608 3518 iere
625 3451 820 3518 chimericua
838 3473 844 3518 :
863 3454 1009 3537 quamtis
1025 3454 1110 3520 enim
1124 3455 1319 3544 quandoque

206 3574 359 3638 teneatur
370 3567 441 3654 quis
455 3565 590 3653 alicujus
604 3565 716 3634 delicti
725 3568 1123 3657 coercitionempersequi,
1138 3581 1320 3639 nontamen

205 3689 339 3750 tenetur
355 3680 391 3748 id
413 3700 473 3768 per
492 3681 578 3747 mam
594 3682 803 3747 accusationis
815 3680 955 3762 efficere,
972 3684 1032 3749 nisi
1050 3682 1135 3751 desit
1157 3687 1219 3753 alia
1233 3687 1320 3754 suffl-

208 3803 296 3867 ciens
324 3799 388 3866 ria.
418 3797 522 3865 Hodie
560 3804 689 3878 autem,
719 3817 795 3864 oum
827 3800 928 3884 possit
956 3798 1058 3886 judex
1087 3821 1129 3868 ex
1154 3803 1257 3870 officia
1284 3811 1320 3870 et

208 3917 298 3982 nullo
325 3914 563 3981 interveniente
594 3922 784 3979 accusatore
818 3913 1020 3999 procedere,
1050 3925 1144 4001 patet
1165 3919 1227 3984 alia
1248 3921 1318 4001 via,

208 4031 360 4116 simplicia
376 4047 494 4114 nempe
523 4028 564 4094 ad
585 4031 787 4112 superiorem
804 4027 975 4096 delationis
995 4053 1004 4117 ;
1031 4050 1128 4117 quam
1144 4033 1323 4120 inquisitio-

207 4149 258 4215 nis
271 4168 312 4214 ex
327 4145 430 4214 officio
448 4147 544 4224 riam,
562 4144 774 4212 sufficientem
796 4165 862 4212 non
889 4167 959 4214 esse
987 4147 1029 4214 ad
1049 4150 1189 4220 criminis
1204 4152 1324 4218 coerci-

207 4267 341 4343 tionem,
362 4263 522 4330 rarissime
551 4263 726 4345 continget.
745 4262 968 4346 Expendenda
985 4283 1063 4348 ergo
1093 4273 1144 4332 est
1159 4267 1323 4351 precipue
1377 4309 1380 4320 ι

209 4382 343 4468 questio
364 4379 397 4444 in
417 4395 493 4444 casu
507 4397 572 4462 quo
590 4384 759 4444 accusator
775 4376 817 4444 ad
834 4379 1048 4447 accusandum
1066 4401 1130 4447 noo
1146 4382 1319 4466 obligatur.
