2876 5114
502 349 581 400 PARS
605 349 765 400 secundis.

594 651 679 728 siv.
713 627 727 662 ’·

89 874 111 924 st
124 873 303 922 denuntiationis
320 872 413 920 libellus
434 887 474 934 pen
493 873 614 933 epistotam
629 887 643 920 a
656 871 805 924 denuntiante
821 877 908 925 missus
928 875 1007 937 tuerit,
1023 883 1045 925 at
1057 875 1194 926 uietnuntiuns

226 967 303 1029 possit
311 965 341 1014 ad
355 965 445 1014 cuniam
457 966 577 1026 accersiri,
589 967 665 1027 poteri
689 975 782 1016 actuum
794 967 889 1030 scriptio
900 969 934 1017 sic
949 967 1020 1029 incipi
1033 982 1039 1016 :

122 1205 357 1265 «innomine...
374 1201 419 1287 (et
435 1201 572 1286 relique,
591 1201 675 1266 utin
693 1203 796 1284 prime
807 1201 1026 1287 huins'cepitis
1035 1201 1188 1277 formula,

80 1337 173 1402 usque
190 1318 347 1384 advoces
366 1322 441 1382 Cum
459 1315 563 1401 enim).
586 1322 661 1382 Cum
676 1325 755 1383 enim
768 1323 810 1384 nd
826 1323 913 1382 ilium
930 1319 1008 1405 (sive
1026 1340 1032 1384 :
1057 1321 1099 1382 od
1110 1337 1192 1380 reoc-

80 1437 282 1498 rertdissirnum
301 1437 525 1498 Amdionenscnt
541 1433 733 1518 Episcopum)
756 1437 855 1498 dictus
882 1439 1060 1498 Frnnciscns
1083 1435 1192 1497 Zetotn

76 1569 123 1630 per
151 1553 272 1614 litteras
287 1556 417 1613 misisset
444 1553 620 1615 iidettunc...
643 1551 688 1637 (et
711 1550 847 1635 reliqua,
869 1555 904 1614 ut
933 1551 966 1613 in
988 1548 1085 1615 modo
1104 1547 1192 1613 dicte

78 1662 219 1742 formula,
241 1663 294 1730 cui
313 1673 426 1748 postea
441 1663 509 1729 haec
524 1663 721 1750 addantur):
747 1689 763 1726 «
783 1669 1000 1747 consequenter
1022 1667 1124 1728 notens
1145 1683 1192 1727 rc·
1237 1713 1238 1718 η

77 1783 214 1844 verendos
241 1785 296 1862 N„
327 1784 463 1846 Viccrins
484 1782 645 1862 poneretis,
680 1782 776 1860 officio
799 1799 851 1843 sno
877 1785 1062 1860 satisfacere,
1086 1797 1191 1842 uocare

75 1893 149 1968 serit,
162 1914 209 1956 mc
224 1897 419 1977 infrascripto
428 1903 586 1977 presente,
606 1901 813 1978 supradictum
827 1901 1019 1960 Francisourn
1035 1895 1186 1975 Zetotorn,

76 2013 120 2088 qni
134 2014 392 2076 denuntiatortom
407 2019 529 2097 scripsit
546 2017 723 2096 epistotam·
742 2023 771 2078 ct
790 2022 818 2078 ei
837 2019 936 2079 deicio
959 2019 1128 2094 strumento
1154 2013 1191 2077 de

78 2130 194 2190 veritate
212 2131 352 2205 dicendo,
370 2132 448 2210 qnod
471 2139 499 2192 et
513 2135 673 2212 prestitit,
693 2137 896 2212 interropotus
917 2133 978 2211 suit
994 2138 1023 2193 et
1037 2131 1191 2212 respondit
1210 2121 1213 2127 ⁵

76 2247 105 2302 ut
119 2249 254 2324 sepuitnr
269 2264 279 2305 :
302 2249 333 2308 1⁰
353 2250 556 2326 interropntus
574 2265 615 2308 nn
633 2252 789 2328 scripserit
804 2249 1049 2310 reverendissimo
1067 2247 1190 2309 Auidio·

77 2364 154 2420 nense·
178 2363 325 2442 Episcopo
353 2360 417 2446 (vei
442 2361 542 2443 ipsius
564 2362 709 2445 generali
730 2359 868 2445 Vionrio)
902 2365 1021 2443 ctipnns
1048 2363 1189 2424 litteras?

77 2473 234 2554 Respondit
260 2495 270 2537 :
296 2481 414 2558 scripsi.
445 2477 480 2540 2⁰
510 2481 719 2559 Interropotns
743 2487 845 2540 utrum
863 2484 992 2560 proprio
1021 2496 1061 2540 on
1087 2479 1189 2540 attend

76 2591 208 2656 addidito
236 2612 338 2671 monn,
364 2613 414 2656 eos
437 2598 617 2676 scripserit?
644 2595 829 2676 Respondit:
844 2599 972 2675 propriu
994 2613 1059 2656 rnen
1081 2613 1185 2659 monn.

76 2707 106 2770 3ο
119 2709 339 2791 Interropotn'e,
357 2714 430 2791 quid
449 2731 490 2773 ete
505 2712 616 2774 titterc
636 2715 846 2774 continerent?
865 2712 1053 2792 Respondit:
1073 2713 1188 2773 denun-

77 2827 225 2888 tiationem
249 2830 409 2906 quomdam
428 2835 531 2890 contro
550 2829 700 2890 Andrean
720 2831 751 2891 Ν
754 2876 775 2905 .,
802 2829 1019 2908 presbyterum.
1037 2827 1072 2890 4⁰
1088 2828 1189 2890 Inter-

74 2947 191 3019 ropotus
217 2961 258 3004 on
291 2962 340 3005 eos
369 2950 557 3024 npnoscerct‚
589 2947 698 3024 stipsi
729 2943 978 3004 ostenderentur?
1001 2943 1186 3023 Respondit:

74 3057 172 3138 odspne
200 3057 381 3136 difficultate
395 3061 461 3120 utto
477 3077 674 3137 opnosccrern.
697 3063 777 3121 Titne
795 3063 823 3119 ei
834 3064 951 3118 ostenso
968 3063 1012 3118 est
1026 3058 1188 3118 denuntio-

75 3178 146 3236 torio
159 3178 296 3257 epistota,
314 3195 402 3257 quom
416 3181 521 3237 stetini
533 3195 590 3256 pro
614 3195 669 3237 sno
683 3183 712 3237 et
732 3195 786 3236 sun
802 3193 894 3237 mnnn
911 3178 1025 3254 scriptu
1048 3179 1183 3254 npnooit.

74 3289 142 3352 dcto
166 3298 238 3354 sunt
265 3293 326 3354 dno
353 3294 443 3356 die...
471 3295 620 3355 mensis...
646 3311 766 3356 enno...
793 3325 835 3338 —
852 3293 915 3372 Epo
943 3293 997 3367 tt,
1012 3292 1123 3372 judee.
1141 3323 1186 3338 —

78 3407 135 3485 Epo
148 3411 178 3472 tt
182 3456 205 3486 .‚
223 3415 389 3472 actuarius.
412 3433 427 3468 o
1114 3384 1120 3392 ⁸

590 3669 664 3744 ἓν.

76 3883 96 3932 Si
111 3885 252 3936 denuntiatio
275 3889 347 3938 missu
369 3887 439 3936 tuerit
455 3901 496 3950 per
517 3887 617 3947 litteras,
637 3895 659 3935 et
673 3901 718 3935 nou
732 3885 841 3949 expediat
857 3885 1030 3935 denuntiantem
1051 3885 1081 3934 ad
1096 3887 1187 3936 curiam

89 3982 173 4040 tutem,
189 3987 212 4030 et
224 3981 364 4030 denuntians
376 3981 400 4029 in
414 3980 509 4030 dioeeesi
518 3981 611 4040 existat,
623 3979 718 4042 procedi
732 3979 834 4029 etacribi
844 3979 930 4041 poterit
938 3981 962 4028 in
976 3981 1038 4030 dunc
1051 3979 1146 4030 modum
1159 3995 1166 4026 ε

114 4190 138 4252 Ι.
153 4188 328 4272 Eligendus
340 4196 391 4255 est
399 4191 645 4268 commissarius,
660 4190 716 4274 qui
727 4188 974 4256 denuntiantem
986 4185 1125 4254 adnatet
1140 4187 1182 4252 eb

74 4319 110 4368 eo
123 4307 283 4392 exquiret,
296 4327 337 4371 nn
348 4305 628 4374 denuntiationem
638 4324 699 4390 pm
713 4325 770 4372 suu
781 4311 945 4388 agnoscet.
959 4306 1025 4370 Pro
1037 4303 1182 4368 uotunsio

73 4425 186 4498 nutem,
199 4421 308 4511 quoad
319 4421 544 4506 exequendam
560 4420 718 4522 ejusmodi
731 4423 996 4501 commissionem,
1011 4422 1065 4488 vel
1078 4420 1179 4520 depu-
