2930 5128
214 408 217 415 .
253 357 297 422 tto
597 369 784 418 rnacrrrus
808 371 851 418 nn
873 371 1021 421 anninus.
1067 343 1088 384 ³

254 485 459 575 «dinarium,
477 495 543 582 jam
554 496 718 562 transierit
734 497 767 560 iu
784 495 994 563 ordinarium.
1014 493 1036 559 o‘
1056 471 1377 585 (schmuzg‘ruetier,

253 615 286 680 lrr
307 613 358 678 tit.
376 616 405 688 i,
427 611 503 676 libri
521 613 539 675 5
564 597 788 686 decretalium,
804 629 838 673 n.
856 608 946 694 172.)
962 612 1069 676 Immo
1085 610 1152 676 dici
1164 617 1273 694 potest
1287 609 1383 677 adeo

253 728 427 795 invaluisse
438 725 672 811 inquisitoriam
686 723 835 803 formam,
848 733 887 791 ut
900 725 1100 792 accusatoria
1116 727 1249 811 proprie
1269 725 1379 804 dicta,

254 863 312 911 seu
327 861 416 909 mere
432 842 607 910 criminalis
622 863 641 907 a
657 841 729 907 foro
739 843 897 921 saeculari,
913 842 959 909 ita
976 862 1129 928 expresse
1151 825 1385 910 statuentibus

253 959 486 1028 modernorum
512 959 707 1042 populorum
729 953 867 1041 legibus,
887 959 1016 1024 exclusa
1031 961 1165 1056 omnino
1194 957 1310 1042 fuerit;
1338 957 1382 1022 in

252 1079 326 1144 ior'o
341 1085 451 1143 autem
469 1075 687 1141 ecclesiastico
712 1077 745 1140 in
760 1072 1011 1141 desuetudinem
1041 1076 1112 1142 iere
1129 1056 1257 1142 abierit.
1280 1068 1382 1156 'Quae

251 1200 342 1258 tanta
352 1193 491 1277 antiqua
507 1189 682 1274 disciplina
698 1191 891 1269 immutatio,
914 1209 979 1276 quo
997 1176 1299 1276 tempore'inducta
1315 1191 1377 1267 sit,

252 1307 397 1398 etquid
418 1327 438 1371 a
457 1306 616 1372 catholico
642 1314 677 1372 et
692 1305 848 1391 prudenti
876 1309 946 1371 viro
964 1305 1007 1372 de
1026 1327 1064 1372 ea
1087 1305 1295 1372 sentiendum
1314 1305 1376 1380 sit,

252 1423 385 1508 speciali
400 1421 625 1488 dissertatione
639 1422 726 1486 infra
743 1421 964 1506 disquirimus.
983 1423 1042 1488 ilic
1054 1439 1133 1487 vero
1160 1423 1193 1486 in
1218 1420 1253 1486 id
1274 1419 1383 1486 dnm-

251 1545 343 1604 taxat
362 1537 571 1616 intendimus,
593 1543 630 1603 ut
648 1539 718 1621 ipsu
743 1555 804 1622 per
818 1539 903 1604 viam
920 1539 1155 1624 inquisitoriam
1168 1519 1381 1620 procedendi

251 1674 389 1732 norma,
422 1655 543 1722 utiliori
567 1673 631 1740 qua
654 1655 834 1739 poterimus
859 1654 965 1741 quoad
996 1637 1120 1740 pranim
1139 1651 1297 1720 methodo
1315 1653 1381 1718 de-

250 1770 433 1836 acrfflatur.

676 2001 679 2009 ’
783 2004 846 2079 51.

483 2263 488 2270 =
577 2231 638 2290 (itii
661 2239 685 2282 at
711 2232 837 2298 quotenos
865 2235 896 2284 sir
919 2235 1047 2298 inquisitio.
1094 2265 1097 2270 -

297 2467 329 2528 pr
343 2463 511 2548 inquirere
523 2479 586 2528 seu
599 2460 767 2546 indagare,
788 2459 882 2546 juxta
893 2464 1170 2546 grammaticalem
1185 2465 1276 2530 vocis
1296 2481 1374 2531 serr·

248 2597 331 2660 sum,
351 2586 401 2645 est
418 2597 506 2661 apere
520 2582 562 2644 ad
570 2582 766 2661 detepeadcm
776 2581 905 2660 aliquid.
918 2582 961 2645 ‘In
972 2579 1229 2666 jurisprudentia
1241 2585 1370 2659 autem,

247 2713 313 2760 non
328 2693 502 2780 cujuslibet
517 2693 664 2779 persona
675 2692 717 2760 ad
733 2693 856 2778 aliquid
872 2685 1095 2780 detegendum
1107 2705 1197 2764 actus
1211 2703 1374 2780 imarum

247 2818 394 2889 vocatur,
411 2810 471 2876 sed
479 2815 596 2894 judicis
604 2810 786 2876 dumtaxat.
799 2813 868 2877 lmo
883 2832 948 2880 non
963 2813 1118 2897 qualibet
1132 2815 1306 2898 ipsiusmet
1317 2815 1372 2900 ju·
1414 2857 1416 2862 ,

247 2927 330 2993 dicis
342 2926 505 3010 indagatio
513 2927 574 2992 sub
584 2927 800 3012 inquisitionis
808 2917 936 2994 nomine
944 2929 1045 3008 verrit,
1060 2929 1183 2995 sedilla
1194 2929 1372 2996 dumtaxat

247 3044 440 3130 quam-iacit
458 3043 500 3110 ad
513 3039 734 3126 detegendum
757 3053 869 3110 utrum
885 3043 995 3130 aliqua
1009 3045 1064 3110 val
1082 3046 1195 3131 aliquae
1218 3047 1369 3130 persone

246 3159 380 3245 aliquod
389 3161 443 3225 vel
456 3159 563 3245 aliqua
578 3159 699 3224 delicta
717 3160 931 3244 patraverint.
958 3161 1039 3227 Hinc
1053 3168 1145 3228 reate
1168 3161 1299 3228 deliniri
1310 3179 1371 3246 po-

198 3275 200 3279 ”
244 3282 311 3342 test
327 3275 495 3360 inquisitio
508 3296 517 3340 ¹:
536 3278 628 3340 uaros
640 3277 767 3357 judicia,
793 3278 835 3339 cd
847 3279 1044 3358 impendum
1064 3297 1106 3342 ao
1118 3280 1222 3361 aliquo
1234 3297 1369 3362 persona

244 3395 369 3473 aliquod
392 3394 534 3456 delictam
555 3397 740 3473 meaverit.
777 3393 823 3457 Ex
854 3410 920 3477 qua
946 3392 1134 3460 delinitione
1154 3395 1303 3480 sequitur
1319 3395 1368 3460 in-

245 3508 449 3593 dagationem
475 3509 574 3574 solius
603 3508 755 3586 criminis,
774 3529 844 3588 seu,
863 3518 901 3575 ut
934 3510 1048 3576 dicunt
1070 3512 1217 3594 corporis
1236 3509 1364 3588 delicti,

243 3643 308 3690 non
324 3623 395 3690 iore
424 3624 557 3708 proprie
581 3623 700 3690 dictam
718 3625 971 3710 inquisitionem,
988 3626 1049 3691 nisi
1074 3625 1117 3691 ad
1141 3624 1367 3711 detegendum

243 3748 356 3825 postea
374 3739 487 3807 delicti
502 3748 671 3806 auctorem
686 3739 904 3808 ordinaretur.
928 3743 966 3806 In
988 3741 1047 3806 hac
1064 3749 1173 3807 autem
1201 3740 1366 3808 tradenda

242 3855 456 3941 inquisitionis
469 3857 600 3925 notione
617 3856 816 3923 concordant
829 3858 1012 3936 canonistas,
1034 3857 1112 3923 licet
1123 3859 1294 3941 paululum
1316 3858 1363 3924 di·

243 3973 347 4037 versis
361 3992 432 4038 eam
444 3967 553 4040 verbis
569 3975 763 4058 exprimant,
783 3980 820 4038 ut
835 3971 1005 4038 videreest
1018 3975 1052 4039 in
1068 3993 1183 4039 eorum
1196 3991 1365 4041 commen·
1445 4017 1446 4022 .

241 4088 332 4155 tariis
346 4088 388 4154 ad
403 4089 536 4156 titulum
556 4093 585 4168 l,
602 4091 678 4155 libri
699 4093 717 4155 5
732 4088 959 4156 decretalium.

287 4205 331 4271 ll.
353 4207 579 4286 «Notandum,
612 4226 682 4274 esse
710 4207 873 4292 triplicem
892 4207 1141 4292 inquisitionem.
1173 4208 1282 4274 Prima
1311 4217 1363 4275 est

248 4348 262 4378 κ
278 4329 397 4388 omnim
410 4327 569 4405 peroratis,
583 4343 647 4409 qua
665 4324 699 4388 in
711 4341 830 4408 genere
841 4324 1025 4410 inquiritur,
1041 4345 1081 4390 an
1092 4300 1216 4392 subditi
1227 4303 1363 4420 servent

247 4441 377 4524 elegea,
395 4458 436 4506 an
446 4461 510 4506 nou
523 4443 769 4507 committantur
782 4442 927 4520 crimina,
946 4439 1036 4512 ande
1049 4428 1139 4515 nullo
1153 4444 1195 4512 sit
1210 4441 1296 4510 mma
1305 4443 1360 4508 vel
