2836 5118
246 343 309 405 301
590 353 777 402 mauranus
801 355 844 401 ur
868 355 1015 402 suurcus.

244 489 382 565 atergn,
400 477 461 546 sub
477 479 609 544 rubrica
623 484 790 545 Sornicnsis
806 485 1007 562 suspensionis
1020 488 1049 542 et
1065 479 1305 558 irrepulorilatis‚
1319 488 1344 544 et

244 595 305 663 sub
319 595 372 663 die
388 599 432 662 20
445 593 634 662 decembris
653 593 764 679 1687.)
831 642 834 650 ,

288 713 440 797 Quinque
471 711 650 795 premissas
677 708 913 779 declarationes
942 727 1012 777 esse
1045 709 1247 776 authenticas
1273 716 1348 776 certo

248 826 329 893 milti
339 833 481 911 constat3
497 845 552 892 eas
565 827 685 912 quippe
695 827 728 890 in
741 827 960 910 manuscripto
971 825 1172 902 authentico,
1188 826 1239 890 cui
1252 825 1349 890 titulus

253 947 326 1008 libri
340 948 523 1009 dauniorum
543 949 643 1009 Socra
657 947 905 1025 Conprcpntionis
920 945 1059 1019 Consilii,
1075 943 1158 1006 meis
1181 943 1249 1028 ipse
1265 943 1349 1008 acuis

250 1060 330 1138 vidi,
349 1069 447 1146 atque
461 1059 537 1125 inde
554 1060 686 1144 propria
700 1078 797 1124 manu
813 1061 1013 1142 transcripsi.

286 1178 324 1242 Iu
340 1178 462 1242 tom05
481 1177 627 1240 Thesauri
648 1177 878 1254 resolutionem,
898 1176 1014 1258 pagina
1030 1179 1084 1252 81,
1106 1175 1168 1242 sub
1184 1174 1237 1241 die
1256 1179 1294 1240 16
1306 1173 1351 1240 de·

242 1291 382 1357 cembris
400 1293 486 1356 1750
506 1291 551 1356 sic
573 1289 714 1356 habetur
733 1313 739 1356 :
759 1313 776 1352 a
795 1291 971 1374 Episcopus
986 1291 1188 1376 caprimum,
1208 1311 1248 1357 ex
1263 1291 1351 1358 causis

243 1408 338 1473 asibi
355 1409 439 1474 uotis
460 1413 495 1472 et
514 1405 686 1472 informata
706 1408 912 1483 conscientia,
932 1407 1139 1473 Franciscum
1153 1407 1305 1483 vassallo,
1321 1427 1350 1472 aa
1407 1481 1408 1500 χ

247 1545 264 1585 a
279 1521 454 1588 Sabathum
469 1520 511 1587 de
524 1521 698 1605 Stephano,
714 1521 903 1588 sacerdotes
917 1522 978 1588 sibi
991 1522 1151 1599 sabditos,
1165 1522 1218 1590 die
1233 1525 1267 1588 11
1283 1523 1350 1608 juni
1407 1503 1408 1530 i

247 1639 437 1723 «preteriti
460 1657 479 1702 a
502 1636 721 1703 celebratione
739 1638 841 1702 missae
866 1635 1037 1720 suspendit
1056 1656 1159 1722 usquo
1185 1637 1227 1702 ad
1249 1655 1350 1703 novam

245 1753 532 1839 «dispositionem.
557 1753 752 1836 Interposita
767 1771 829 1836 per
842 1755 928 1836 ipsos
944 1752 1162 1837 appellatione
1184 1752 1226 1818 ad
1247 1757 1350 1820 Metro

247 1871 469 1955 «politanum,
487 1867 606 1934 eadem·
627 1869 716 1933 curia
735 1869 998 1952 metropolitana,
1012 1868 1073 1933 sub
1088 1867 1144 1933 die
1160 1871 1204 1938 28
1219 1867 1350 1953 ejasdem

246 1987 405 2062 emensis,
423 1986 550 2051 litteras
575 1983 808 2050 inhibitoriales
831 1983 990 2054 adsersus
1014 1986 1137 2050 curiam
1161 1987 1349 2069 capritanum

248 2099 468 2185 «expedivit,
499 2099 725 2183 commisitque
757 2100 989 2184 appellantium
1024 2098 1263 2165 absolutionem
1290 2117 1350 2164 cnm
1408 2077 1409 2090 ¹

248 2216 490 2282 «reincidentia
516 2233 576 2299 per
602 2232 803 2292 mensem...,
831 2215 972 2299 parocho
1001 2217 1170 2282 irancisco
1195 2216 1347 2280 Arcuccio.

248 2334 439 2417 «Dictaque
468 2330 670 2395 absolutione
700 2331 850 2415 sequenti
874 2329 928 2396 die
955 2331 1107 2416 obtenta,
1137 2332 1199 2397 sub
1225 2331 1284 2396 alia
1307 2329 1349 2394 die

248 2453 323 2516 «30
340 2446 487 2534 ejusdem
508 2447 637 2524 mensis,
655 2444 753 2512 iidem
778 2444 965 2513 sacerdotes
983 2449 1016 2512 in
1032 2449 1169 2514 ecclesia
1189 2444 1350 2513 cathedrali
1409 2441 1410 2448 '

249 2565 477 2648 «Caprearum
493 2562 624 2647 publice
638 2561 904 2628 celebrarunt...
1379 2653 1384 2662 ι

294 2681 395 2745 «Nou
414 2677 640 2762 mutabuntur
664 2677 774 2762 itaque
801 2675 1048 2744 Eminentisslmi
1067 2677 1185 2743 Patres
1207 2677 1250 2744 nd
1268 2677 1348 2742 inira·
1410 2687 1411 2720 1

251 2799 401 2878 ascripta
415 2792 519 2860 dubia
531 2793 766 2876 sapientissime
781 2792 823 2857 de
840 2811 930 2858 more
945 2792 1172 2876 respondere:

244 2941 247 2946 ·
295 2915 360 2976 «1ο
377 2914 424 2975 rin
445 2916 597 2992 suspensio
611 2930 631 2972 o
644 2911 839 2973 celebratione
862 2917 960 2974 inissa
981 2913 1167 2974 sacerdotum
1193 2913 1347 2976 Vassnlliet

251 3027 408 3094 «sumiti
429 3028 467 3090 de
492 3026 658 3107 Stephano,
683 3045 741 3106 pen
763 3029 941 3108 Episcopum
972 3027 1213 3108 Cnpronitanum
1240 3031 1298 3091 lain
1318 3044 1347 3088 en

252 3147 446 3225 «informata
465 3147 656 3220 conscientia,
682 3145 885 3205 substincaiur
907 3149 939 3206 in
952 3161 1034 3206 casn.
1060 3145 1100 3205 El
1118 3152 1264 3223 quotenus
1280 3142 1345 3222 offir-

254 3265 406 3324 amative.

296 3397 312 3436 a
327 3378 363 3439 2⁰
375 3375 424 3438 An
437 3378 467 3434 cl
480 3373 624 3452 pannio
637 3376 699 3434 sint
714 3373 888 3434 absolvendi
901 3376 934 3434 in
948 3391 1029 3436 casu.

300 3512 315 3552 a
331 3493 366 3555 3⁰
391 3491 439 3552 An
465 3489 584 3549 licuerit
607 3491 699 3548 cuum
713 3489 950 3568 metropolitana
973 3489 1128 3550 ooauederc
1144 3489 1342 3561 inlibiiintna,

247 3629 268 3666 a
282 3613 384 3686 oipore
396 3604 608 3684 appellationis
622 3604 660 3663 ab
676 3603 777 3664 cadent
792 3609 992 3684 suspensione,
1006 3610 1110 3665 contra
1125 3610 1242 3666 carium
1253 3607 1345 3684 Capra

251 3727 419 3784 unitoriam
441 3721 675 3798 suffraqoueom,
696 3725 724 3780 el
739 3719 952 3782 absolutionem
977 3735 1044 3782 cum
1069 3723 1267 3784 coincidentia
1287 3735 1345 3779 uu-

253 3840 402 3896 amitiere
420 3830 554 3895 Porccbo
572 3833 711 3893 Arouccio
729 3836 762 3893 in
779 3849 906 3895 cusu...
926 3867 971 3880 -

297 3951 374 4013 add
387 3941 542 4030 pinsum,
564 3947 756 4026 affirmative.

296 4067 374 4130 «Ad
392 4065 572 4141 maeniana,
592 4065 721 4126 arbitrio
740 4067 894 4148 Episcopi.

296 4181 376 4244 add
390 4183 736 4259 tontum...„napottoe.
758 4202 774 4241 n
796 4181 834 4245 16
852 4181 1035 4248 decembris
1054 4182 1150 4248 1730.

294 4298 377 4362 item
393 4295 427 4359 in
447 4295 596 4358 rnesanro
612 4298 835 4378 resolutionem,
853 4306 943 4366 tamo
960 4307 990 4378 7,
1010 4300 1127 4384 pagina
1145 4301 1219 4378 114,
1234 4297 1288 4364 sub
1300 4292 1340 4359 die

249 4415 292 4478 20
305 4411 433 4493 ungoru
448 4413 532 4473 1735
548 4431 555 4472 :
572 4433 586 4466 s
606 4411 781 4496 Episcopus
793 4414 948 4480 (tritonus
959 4433 1000 4480 ex
1013 4415 1196 4492 informata,
1210 4419 1246 4480 ut
1257 4413 1335 4478 aiant.
