2838 5114
439 335 517 409 asna
544 363 702 444 assequor.

540 615 554 688 5
584 611 654 675 XII.

72 839 120 896 Quid
138 841 278 890 sortiendum
293 840 322 890 de
334 842 474 902 exprobrata
486 842 642 890 tribunalibus
656 842 814 904 inquisitionis
825 843 938 905 injustitia
949 851 972 892 at
985 843 1129 896 crudelitate.

92 1070 182 1149 Quam
197 1071 317 1135 acriter
333 1075 366 1135 et
382 1078 502 1153 quanta
516 1069 715 1135 voluminum
734 1072 819 1137 mole
834 1071 865 1137 iu
884 1070 1044 1157 ejusmodi
1058 1073 1148 1136 iusti·

56 1187 194 1252 tutionem
206 1188 383 1270 scriptores
398 1187 628 1271 quamplurimi
650 1188 797 1253 insectati
822 1189 894 1266 sint,
915 1209 1011 1255 nemo
1031 1189 1150 1274 estqui

56 1302 172 1383 ignoret.
197 1303 248 1369 Ad
274 1303 367 1387 cujus
393 1302 593 1386 arguendam
621 1303 809 1387 injustitiam
834 1313 931 1391 atque
950 1306 1146 1382 barbariem,

54 1417 156 1502 ubique
166 1439 321 1485 accensos
342 1437 448 1502 rogae,
467 1419 655 1484 sevientem
673 1425 845 1498 torturam,
865 1423 1094 1504 praetermissas
1110 1438 1151 1487 cx

53 1530 112 1614 jure
136 1535 275 1600 naturali
295 1535 491 1599 necessarias
515 1535 745 1612 formalitates,
766 1546 863 1621 atque
881 1537 957 1602 inde
975 1556 1087 1602 manca
1100 1535 1152 1623 ju·

55 1644 141 1727 dicia,
158 1650 199 1716 ob
220 1650 332 1715 oculos
350 1658 512 1733 perpetuo
531 1651 658 1714 sistunt.

88 1764 274 1832 Phantasma
290 1774 400 1831 tamen
420 1764 565 1848 prudens
583 1767 719 1850 quisque
741 1769 767 1831 si
781 1767 975 1833 intrinsecus
999 1769 1147 1844 rimetur,

53 1880 164 1964 etquid
183 1884 218 1945 iu
246 1900 316 1946 sese
343 1881 444 1946 fuerit
473 1881 542 1964 ipsa
563 1881 711 1946 Ecclesiae
733 1881 893 1947 institutio
914 1881 1089 1966 expendat,
1118 1886 1151 1947 in

51 1993 159 2062 iumum
184 2004 284 2081 atque
310 1998 437 2062 inanem
463 1998 611 2063 ambram
637 2005 817 2064 monstrum
847 1975 1041 2065 evanescere
1066 2018 1152 2065 com·

50 2113 151 2194 periet.

83 2229 187 2314 Neque
208 2231 296 2296 enim
310 2231 371 2295 hoc
389 2232 422 2294 in
437 2250 474 2294 re
494 2229 573 2313 quid
588 2228 770 2294 identidem
788 2229 949 2314 judicesa
974 2237 1067 2298 recto
1082 2239 1149 2298 tra-

47 2343 113 2410 mite
137 2347 260 2412 alioubi
286 2347 544 2412 exorbitaverint
565 2344 814 2410 attendendum.
843 2345 883 2411 Id
899 2365 964 2410 non
981 2349 1049 2431 ipsa
1061 2349 1152 2414 insti-

46 2461 117 2524 tutio
131 2471 189 2540 est,
208 2461 270 2528 sed
280 2463 492 2528 institutionis
511 2461 641 2526 abusus.
661 2462 786 2526 Pronus
797 2468 906 2526 autem
922 2481 992 2527 esse
1005 2462 1150 2529 homines

45 2591 94 2654 pro
107 2577 285 2662 fragilitate
298 2598 356 2642 sua
367 2577 409 2643 ad
421 2577 622 2642 abutendum
642 2576 741 2642 rebus
758 2596 854 2661 quam
870 2577 998 2661 optimis
1013 2580 1149 2662 vulgare

44 2689 161 2758 effatum
176 2699 241 2758 est.
259 2693 500 2759 Institutiouem
511 2711 589 2775 ergo
602 2693 703 2774 ipsam
720 2692 847 2775 qualem
865 2691 1012 2758 decrerit
1028 2700 1062 2758 et
1076 2713 1149 2777 pro

43 2801 120 2869 bavit
142 2809 300 2886 Ecclesia,
322 2826 389 2873 non
411 2809 542 2886 abusus,
565 2811 645 2891 quos
660 2807 782 2872 nedum
798 2809 995 2891 probaverit,
1018 2829 1148 2893 semper

41 2899 197 2987 abhorruit
216 2931 251 2987 et
272 2921 447 3000 damnauit,
473 2923 634 3004 tantisper
658 2901 897 3006 expendamus3
917 2929 951 2986 et
969 2943 1047 2989 num
1064 2924 1148 3009 inju-

43 3038 124 3102 stitiae
138 3039 385 3104 crudelitatisve
400 3037 611 3104 insimulanda
625 3038 667 3104 sit
681 3039 898 3122 exquiramus.

77 3156 298 3222 Tribuualium
309 3176 409 3239 porro
424 3155 638 3240 inquisitionis
651 3155 810 3221 institutio
824 3157 988 3240 praecipue
1000 3161 1089 3243 carpi
1101 3181 1147 3226 so-

38 3267 77 3334 let
88 3289 126 3335 ex
139 3271 355 3356 sequentibus
377 3270 537 3354 capitibus
555 3293 561 3334 :
587 3273 619 3334 1⁰
633 3289 674 3334 ex
691 3290 730 3335 eo
753 3271 842 3354 quod
856 3273 966 3337 multae
982 3274 1146 3342 'ordinarii

37 3382 137 3465 judicii
154 3387 373 3453 formalitatcs
392 3384 598 3469 omittantur;
622 3390 657 3450 2⁰
677 3406 717 3451 ex
735 3405 774 3453 eo
793 3387 881 3471 quod
893 3389 926 3452 in
940 3397 1041 3456 testes
1053 3392 1145 3459 adhi-

36 3499 166 3569 beantur
178 3503 337 3584 inbabiles
349 3513 383 3569 et
397 3503 494 3569 etiam
507 3505 751 3586 consanguinei3
769 3507 804 3568 3⁰
821 3523 861 3568 ex
876 3506 1019 3590 eoquod
1035 3509 1144 3574 celen-

36 3623 84 3682 tur
95 3640 152 3686 reo
161 3622 298 3686 testium
313 3621 461 3702 nomina3
479 3622 514 3683 40
532 3639 573 3684 ex
592 3640 631 3683 eo
651 3619 739 3704 quod
757 3612 937 3704 denegetur
950 3624 1142 3708 appellati0;

37 3736 118 3800 rex
135 3736 291 3822 eoquod
315 3735 510 3801 adhibeatur
535 3741 685 3818 tortura3
708 3739 742 3800 6⁰
767 3734 900 3801 tandem
928 3758 968 3802 en
993 3757 1032 3804 co
1056 3739 1144 3824 quod

33 3847 170 3918 damnati
194 3853 340 3917 haeretici
359 3871 456 3934 poena
471 3854 584 3916 mortis
602 3852 679 3917 olim
692 3850 909 3932 afficerentur,
932 3859 965 3918 et
986 3855 1061 3938 igue
1077 3857 1145 3923 viui

35 3969 314 4034 comburerentur.
337 3965 435 4052 Atqui
450 3987 490 4030 ex
512 3967 608 4031 nullis
626 3968 695 4031 istis
719 3967 879 4050 capitibus
900 3967 1064 4052 injustitia
1087 3983 1145 4039 aut

33 4085 233 4150 crudelitatis
248 4083 427 4148 insimulari
442 4089 550 4166 potest
563 4083 650 4147 dicta
664 4085 824 4149 institutio
844 4107 851 4148 ε

70 4203 97 4266 Ι.
123 4205 222 4266 Nullo
244 4207 351 4264 merito
370 4203 457 4282 objici
474 4207 571 4280 potest
589 4206 752 4281 injustitia,
777 4221 816 4263 ex
834 4221 867 4263 eo
885 4207 963 4283 qaod
984 4213 1145 4269 summarie

29 4321 184 4396 procedere
200 4317 311 4400 queunt
329 4321 530 4398 inquisitores.
547 4317 681 4381 -Nam
695 4314 861 4400 injudicio
873 4320 970 4382 etiam
982 4329 1144 4387 summario

32 4437 151 4501 servari
177 4433 304 4498 debent
324 4433 538 4498 formalitates
560 4453 683 4512 omues,
702 4451 772 4516 quar
798 4434 840 4498 de
857 4433 931 4517 jure
950 4439 1092 4505 naturali
1111 4441 1143 4506 iu
