2878 5114
248 282 311 342 512
589 299 776 348 rnacrarus
799 302 842 348 nn
865 300 1013 348 Juolctts.

245 431 347 502 mont,
364 427 462 504 facere
476 425 688 488 determinavit
702 430 734 487 in
749 430 873 488 ciuitate
884 429 924 489 N.
942 428 1141 507 Quapropter,
1159 432 1242 506 prius
1257 425 1328 504 offano

245 545 370 622 majoris
383 542 512 602 ecclesia
525 542 613 602 dicta
626 543 873 608 eivitatisoalois
888 543 985 603 edicto
1004 543 1041 602 de
1056 543 1114 603 sibi
1128 544 1329 622 manifestandis

126 751 132 762 Ι
240 657 373 737 publicis
391 657 521 732 delictis,
545 661 579 718 in
600 674 634 718 aa
657 661 775 735 repione
796 676 815 716 a
837 661 964 736 quinque
989 661 1078 718 annis
1103 655 1178 740 (qui
1202 675 1330 720 numerus

244 789 402 840 annorum
415 778 563 838 mutetur
576 772 631 836 vel
643 768 793 838 deleatur
805 780 905 854 prout
928 773 1081 838 statuerit
1095 770 1273 858 Episcopus)
1288 793 1331 855 po·

246 895 346 968 tratis,
371 892 460 952 iiie...
485 894 635 952 mensis...
663 894 793 968 anni...,
812 893 916 952 sedens
939 909 995 970 pro
1026 891 1174 952 tricennali
1198 897 1229 954 in
1249 874 1348 974 (etthi

245 1011 385 1091 ponatur
407 1000 522 1087 locus),
547 1007 666 1068 audivit
691 1007 902 1085 depositionem
928 1010 1062 1084 testium,
1093 995 1156 1068 taen
1180 1012 1333 1070 nomitatim

244 1127 375 1205 ejusdem
396 1127 525 1205 episcopi
541 1127 631 1203 jassa
650 1129 839 1200 menatenam,
867 1130 931 1185 tam
953 1131 1057 1203 sponte
1080 1129 1193 1186 oirtnte
1215 1126 1335 1204 predicti

244 1243 335 1303 edicti
348 1242 581 1302 advenientiam.

265 1395 268 1402 ·
291 1377 309 1415 n
324 1359 429 1435 ltaque
437 1359 538 1436 primo
552 1359 718 1435 comparati
732 1355 901 1434 Stephanus
915 1357 945 1418 N
948 1401 971 1432 .,
988 1363 1045 1417 eto.
1060 1377 1076 1416 n

289 1470 338 1535 lbi
348 1469 538 1536 referantur
551 1469 821 1552 interrogationes
832 1479 867 1536 et
877 1472 1103 1552 responsiones
1115 1473 1254 1550 testium,
1260 1472 1336 1556 juxta

244 1585 380 1652 formam
404 1584 488 1650 inira
507 1583 699 1650 tradendam
723 1603 782 1668 pra
803 1586 1025 1652 examinandIs
1046 1588 1205 1671 testibus;
1219 1609 1293 1654 eum
1306 1607 1337 1652 eo

188 1741 190 1745 -
244 1709 352 1768 tamen
371 1700 566 1779 discrimine,
589 1700 678 1786 quod
696 1699 798 1785 judex
813 1702 1015 1786 interrogare
1035 1724 1099 1769 non
1120 1703 1221 1770 debet
1234 1704 1272 1770 de
1286 1705 1338 1769 uilla

243 1837 380 1900 persona
398 1819 431 1882 in
450 1817 654 1900 particulari,
677 1837 717 1881 nn
738 1819 811 1883 talis
836 1817 947 1884 delicti
965 1839 1023 1884 rea
1041 1822 1099 1897 sit,
1124 1821 1177 1886 vel
1202 1821 1337 1885 etiamen
1361 1841 1363 1844 ·

243 1933 373 2018 aliquod
388 1933 541 1999 delictum
558 1935 754 2016 patraverit;
771 1933 830 1998 sed
845 1943 969 2000 tantum
987 1937 1184 2020 generaliter
1199 1938 1337 2026 anulique

243 2049 364 2114 delicta
385 2051 416 2113 in
436 2069 473 2115 ea
499 2049 630 2132 regione
650 2057 775 2138 patrata
801 2051 864 2115 sint
889 2060 923 2116 et
947 2053 1063 2136 qualia.
1090 2053 1121 2116 Si
1140 2055 1339 2137 interrogatus

242 2165 439 2250 respondeat
457 2164 657 2243 affirmative,
681 2174 716 2231 et
732 2165 891 2232 delictum
909 2168 1040 2253 aliquod
1063 2170 1201 2246 revelet,
1219 2170 1338 2235 ulterius

241 2284 443 2365 interrogare
458 2290 566 2364 potest
578 2281 679 2368 judex
694 2301 736 2348 an
749 2283 941 2368 delinquens
955 2285 998 2349 sit
1014 2293 1110 2352 notus
1121 2286 1156 2352 in
1171 2287 1289 2363 vicinia,
1302 2286 1338 2349 ita

242 2406 279 2464 ut
290 2397 377 2462 fama
393 2397 520 2482 publica
536 2417 612 2463 eum
625 2397 773 2482 designet
789 2407 942 2484 tanquam
957 2400 1099 2464 criminis
1113 2407 1286 2466 auctorem.
1299 2396 1337 2463 ld

241 2515 377 2601 quodsi
400 2515 520 2581 iterum
543 2515 732 2580 affirmative
757 2517 976 2600 interrogatus
1002 2517 1210 2599 respondeat,
1236 2515 1336 2601 poterit

239 2631 360 2716 judex,
378 2633 451 2715 quia
466 2630 530 2715 jam
546 2629 589 2696 de
606 2630 737 2714 publica
752 2629 873 2698 delicto
891 2632 1008 2714 agitur,
1028 2632 1160 2716 exigere
1176 2639 1212 2698 ut
1227 2633 1281 2698 sibi
1293 2629 1335 2694 de·

240 2727 389 2832 linquens
405 2745 644 2818 denominetur.
661 2747 701 2810 Et
713 2753 826 2813 cantra
843 2749 888 2812 sic
904 2746 1149 2812 denominatum
1165 2748 1282 2813 institui
1294 2763 1336 2828 pc·

241 2865 320 2930 terit
335 2864 496 2948 inquisitio
512 2862 669 2946 specialis

772 3125 829 3188 lll.

447 3347 529 3394 Modus
545 3345 696 3394 concludendi
711 3358 846 3406 processum
862 3344 1020 3408 inquisitionis
1034 3347 1160 3407 generalis.

289 3577 368 3646 Cum
383 3577 566 3664 praecipuus
581 3576 795 3662 inquisitionis
814 3575 972 3660 generalis
993 3595 1110 3658 scopus
1126 3577 1178 3656 sit,
1198 3584 1233 3642 ut
1250 3571 1337 3661 judex

243 3697 476 3762 ecclesiasticus
492 3701 663 3778 cognoscat
677 3691 822 3775 publicas
837 3691 1079 3777 delinquentes,
1096 3693 1243 3760 absoluta
1255 3691 1339 3772 depo

243 3813 358 3877 sitione
379 3813 522 3888 testium,
540 3811 733 3893 plerumque
755 3808 868 3873 linitur
889 3809 986 3872 etiam
1007 3815 1097 3874 totus
1112 3807 1291 3894 hujusmodi
1303 3807 1340 3868 in·

242 3913 419 4012 quisitionis
442 3945 633 4010 processus3
658 3922 746 4007 quod
770 3923 981 4004 actuariusin
998 3930 1071 3988 acta
1095 3925 1223 3990 referre
1246 3925 1340 4007 potest

242 4042 304 4109 hac
321 4043 417 4109 modo
436 4065 443 4108 :
610 4026 613 4035 ¹

285 4183 301 4220 a
309 4164 349 4223 Et
356 4168 515 4242 postquam
530 4161 793 4221 reverendissimas
803 4159 964 4238 Episcopus
976 4164 1223 4240 interropationes
1235 4161 1339 4221 testium

242 4278 381 4355 absoioit,
395 4279 617 4356 inquisitionem
625 4274 790 4355 peneralem
802 4277 975 4336 terminavit
984 4280 1013 4336 et
1024 4281 1214 4338 terminatam
1223 4273 1340 4337 decioru-

243 4395 298 4454 ait.
312 4394 349 4454 In
360 4395 444 4472 enjus
457 4390 561 4468 fidem,
575 4395 604 4452 et
621 4394 751 4451 oninium
769 4408 833 4469 qua
844 4408 946 4470 snpra.
958 4425 1002 4434 -
1015 4391 1077 4470 Epo
1093 4394 1121 4453 N
1124 4437 1147 4467 .,
1164 4394 1337 4453 nimitas.»
