2838 5114
496 367 574 414 PARS
598 367 755 416 secutum.
1098 361 1163 424 375

77 488 277 575 aurovenes),
296 497 385 558 tomo
400 495 428 568 t,
453 492 566 574 pagina
582 494 657 558 287.
674 529 719 544 -
733 495 943 578 Inquis'tores
955 499 1162 578 Parisisnses,

75 611 176 670 «tomo
200 610 227 682 l,
260 609 383 690 paginae
412 610 487 688 273,
512 610 588 683 280,
612 611 688 673 362.
715 645 760 658 --
785 611 996 695 Inquisitores
1014 615 1047 678 in
1065 635 1166 699 regno

75 721 261 786 «Francius
282 722 473 804 provinciali
498 723 732 802 constituendi,
756 733 846 792 tomo
870 731 897 802 l,
916 731 1029 811 pagina
1049 735 1102 796 80.
1121 767 1167 785 -··

73 837 299 920 «inquisitores
324 839 464 904 Franoiae
484 845 518 903 et
539 840 715 905 Provincias
732 860 750 905 a
770 843 962 908 Provinciali
978 849 1162 925 constituti,

73 957 177 1016 atomo
188 956 218 1029 2,
242 955 355 1037 pagina
367 957 421 1021 29.
436 991 480 1004 ··-
492 956 703 1038 Inquisitores
716 959 808 1038 regni
820 960 962 1023 anciae
982 968 1016 1025 et
1036 961 1168 1027 Carcas-
1243 1011 1247 1030 .

72 1087 85 1123 a
98 1068 231 1134 sorensis
240 1069 431 1134 tabelliones
446 1078 569 1146 creant,
586 1079 675 1135 tomo
686 1075 718 1148 2,
734 1075 849 1154 pagiua
869 1077 919 1138 16.
934 1111 979 1124 -·-
993 1077 1167 1160 Inquisito-

72 1204 83 1236 τι
98 1201 143 1246 res
157 1183 330 1250 Patavinus
345 1193 378 1250 et
398 1187 597 1255 vicentinus.
622 1195 710 1252 torno
733 1192 764 1264 2,
785 1192 969 1273 βψω-64.
990 1227 1035 1238 -—
1052 1193 1169 1258 Croco-

71 1297 203 1362 «riensis
229 1307 265 1363 et
299 1301 578 1377 wratislaviensis,
607 1304 720 1384 pagiua
750 1307 822 1370 138.
852 1341 897 1354 -
934 1307 1103 1389 Pragensis
1134 1317 1169 1373 et

70 1412 321 1490 «olomucensis
349 1418 463 1499 pagina
491 1419 562 1484 138.
591 1453 636 1464 -
659 1420 802 1495 Graeciae‚
829 1423 944 1503 pagiua
979 1425 1051 1488 143.
1070 1425 1168 1492 ——Iu

70 1531 232 1611 «partibus
261 1530 456 1608 infidelium,
490 1533 604 1616 pagiua
631 1536 707 1600 299.
736 1537 842 1600 -In
868 1537 1020 1604 Volentiae
1051 1559 1163 1622 regno,

70 1648 203 1730 «pagina
239 1651 317 1714 579.
349 1683 392 1694 -
418 1649 456 1712 ln
488 1667 588 1731 regno
617 1651 785 1716 Trinacrio
820 1671 902 1718 unus
936 1662 1081 1732 tantum,
1116 1675 1169 1738 pa·

68 1763 158 1845 agina
172 1767 250 1829 324.
268 1799 313 1810 -
328 1765 367 1828 In
393 1763 592 1848 llujurioensi
616 1785 727 1848 regno,
751 1768 865 1849 pagina
883 1772 958 1834 565.
977 1805 1022 1816 -
1037 1773 1170 1855 Inquisi-

68 1900 80 1934 κ
93 1883 172 1946 tores
189 1881 224 1944 in
243 1899 345 1962 regno
365 1880 518 1957 Poloniae,
536 1888 625 1946 tomo
645 1885 676 1958 2,
704 1884 818 1964 pagina
844 1886 917 1948 174.
938 1921 983 1932 -
997 1887 1170 1970 Inquisito-

67 2013 138 2058 «res
158 1997 295 2061 Veronae
315 2015 353 2060 ac
369 1997 522 2060 Vioentioe
543 1998 721 2074 constituti,
739 2005 827 2064 tomo
842 2003 872 2075 5,
895 2004 1009 2083 pagina
1030 2003 1108 2068 206.
1124 2039 1170 2075 -,-

67 2110 307 2194 aloquisitionis
321 2110 535 2176 tribunalium
551 2112 660 2176 Gallia
684 2131 821 2194 regnum
841 2115 1021 2181 introducit
1040 2125 1171 2182 sanetus

65 2249 78 2283 u
91 2227 268 2292 ludovicus
280 2247 350 2303 rex,
368 2235 457 2293 tomo
472 2231 503 2305 2,
522 2230 636 2311 pagina
651 2231 726 2305 236,
743 2235 972 2300 constitutione
984 2237 1037 2310 23,
1054 2255 1086 2298 n.
1100 2237 1132 2300 3.
1149 2258 1165 2298 a

99 2343 188 2410 Unde
210 2343 291 2408 illud
307 2344 410 2408 solum
426 2362 524 2426 opus.
544 2345 633 2429 quod
652 2350 1106 2426 Bullorium‘Donrluiooaorpm
1122 2352 1170 2415 in·
1275 2397 1277 2402 ι

61 2461 213 2537 scribitur,
227 2459 420 2526 sufficientia
435 2458 599 2535 recondit,
619 2459 813 2528 documenta
832 2463 875 2527 ad
896 2461 1168 2544 probandum‚in

59 2583 118 2642 toto
131 2577 331 2658 generaliter
347 2574 425 2640 orbe
442 2575 612 2651 catholico,
629 2582 662 2640 et
675 2575 843 2658 speciatim
860 2576 893 2640 in
910 2575 1022 2652 Gallia,
1041 2581 1164 2652 erecta,

60 2691 185 2758 admissa
199 2699 233 2758 et
247 2695 279 2756 iu
296 2693 451 2759 exercitio
467 2693 565 2758 fuisse
581 2690 737 2774 delegate
754 2691 968 2774 inquisitionis
981 2689 1164 2754 tribunalia.
1188 2705 1204 2728 s

60 2807 93 2872 Et
106 2817 236 2874 notetur
256 2807 291 2872 id
309 2828 350 2874 ex
371 2826 522 2892 suprema
541 2806 634 2870 Sedis
648 2805 837 2890 Apostolioae
856 2804 1049 2870 auctoritato
1069 2802 1167 2868 luisse

58 2925 231 3007 actitatum;
248 2926 294 2990 ita
310 2933 348 2988 ut
363 2923 524 2990 institutio
544 2924 611 2988 lieo
629 2922 670 2988 ud
690 2922 875 3004 generalem
902 2919 1052 2986 Ecclesiae
1072 2917 1168 2984 disci·

60 3040 169 3120 plinam
186 3041 380 3124 pertinuisse
397 3042 525 3104 omnino
541 3038 780 3104 admittendum
795 3040 848 3102 sit.

573 3308 651 3383 511.
725 3348 731 3358 -

59 3541 150 3596 minen
166 3544 213 3594 siu
228 3541 381 3602 inquisitores
395 3541 524 3600 ordinarii,
539 3547 562 3588 et
580 3554 609 3588 an
628 3539 696 3590 etiam
715 3541 760 3600 ipsi
780 3553 872 3593 mrim
887 3547 1007 3590 enecatur
1025 3540 1166 3602 procedendi

233 3634 346 3693 turmam,
364 3635 474 3696 delegata
490 3633 649 3696 inquisitionis
666 3635 823 3684 tribunalibus
841 3635 984 3696 injunctam?

98 3863 123 3925 I.
140 3863 272 3930 Certum
285 3871 337 3927 ost
352 3864 544 3947 Episcopum
556 3864 589 3928 in
604 3862 736 3930 dioecesi
751 3883 808 3930 sua
826 3883 931 3946 posse,
951 3867 983 3930 vi
996 3863 1165 3930 ordinarie

59 3997 118 4044 sue
137 3981 379 4065 jurisdictionis,
399 3991 512 4048 contra
524 3982 694 4062 hereticos
708 3982 857 4051 subditos
874 4001 949 4048 suos
967 3981 1161 4065 procedere.

59 4094 202 4179 Sequitur
219 4119 260 4164 ex
278 4101 415 4182 ipsamet
434 4101 624 4183 episcopalis
641 4099 733 4166 ollicii
751 4108 866 4164 natura
886 4122 892 4164 :
910 4099 952 4164 ad
972 4101 1164 4182 Episcopum

60 4212 209 4295 siquidem
231 4217 387 4299 imprimis
408 4226 534 4299 spectat
553 4219 717 4300 extirpare
742 4219 890 4292 hareses,
909 4224 943 4281 et
958 4217 998 4282 ab
1015 4217 1090 4280 ovili
1104 4235 1163 4280 suo

59 4324 146 4410 lupos
156 4351 277 4396 arcere.
293 4331 422 4401 Nedum
434 4342 543 4400 autem
556 4333 664 4418 quoad
675 4334 736 4400 hoo
746 4335 854 4417 aliqua
864 4334 937 4416 lege
949 4331 1164 4410 ecclesiastiea

62 4445 229 4526 praepedita
253 4455 310 4512 aut
329 4447 456 4516 sublata
479 4448 581 4516 fuerit
604 4469 718 4518 eorum
744 4449 914 4516 Ordinaria
935 4453 1087 4533 potestas,
1110 4466 1165 4546 er-
