2930 5114
503 356 581 406 anns
603 358 762 406 securos.
1128 355 1193 418 545

79 509 96 548 a
112 483 330 550 admittere...
348 483 404 548 Est
418 489 527 550 tamen
546 503 661 550 verum
682 485 772 570 qnod
783 495 833 554 est
846 509 946 556 unum
960 490 1003 556 de
1017 499 1194 563 reservatis
1227 464 1232 479 ,

79 626 96 664 «
111 603 290 686 Episcop03
307 599 391 666 adeo
416 607 453 664 ut
474 601 618 666 vicarius
642 605 801 686 generalis
816 607 882 672 sola
895 627 953 673 sua
967 618 1130 693 potestate
1145 633 1194 680 or·
1270 695 1274 700 ν

80 744 97 782 a
116 718 253 796 dinaria,
280 737 344 784 nou
360 725 468 800 potest
487 737 560 784 reos
581 717 623 783 ad
641 723 904 806 compositionem
929 725 1113 807 admittere,
1137 731 1195 802 sed

80 836 262 920 «exigitur
276 834 424 918 spectatis
443 831 616 918 delegatio.
640 860 655 900 a
677 837 868 924 (Monacelli,
888 849 981 926 parte
1003 849 1034 923 2,
1058 847 1110 912 tit.
1141 851 1193 926 15,

79 955 223 1022 formula
237 959 269 1033 3,
285 975 317 1020 n.
338 955 384 1042 8.)

126 1074 279 1141 Consistit
293 1080 481 1162 compositio
490 1080 523 1143 in
535 1097 575 1144 eo
589 1075 678 1162 quod
688 1077 865 1160 Episcopus
879 1078 1042 1145 silentium
1054 1083 1199 1166 imponat

81 1187 174 1268 fisco,
198 1199 233 1258 et
255 1193 341 1259 ultra
365 1195 502 1278 procedi
527 1195 710 1279 prohibeat,
727 1179 825 1260 modo
849 1213 926 1260 rcus
951 1197 1054 1264 solvat
1076 1206 1200 1265 certam

84 1308 233 1388 pecunie
254 1329 426 1390 summam,
448 1313 481 1376 in
500 1330 681 1396 pauperum
696 1310 862 1388 levamen,
881 1312 936 1377 vel
952 1313 1029 1377 alios
1040 1315 1110 1398 pios
1125 1333 1203 1380 usus

83 1423 296 1508 erogandam.
311 1427 399 1494 Solet
417 1437 527 1495 autem
540 1431 572 1497 in
585 1431 681 1495 curiis
693 1428 928 1512 episcopalibus
946 1430 1062 1516 aliquis
1073 1432 1202 1515 publice

21 1619 29 1632 1
84 1537 240 1623 deputari
261 1541 303 1608 ad
322 1543 526 1628 recipiendas
547 1554 582 1611 et
605 1541 816 1610 asservandas
837 1543 953 1630 (donec
976 1546 1111 1614 arbitrio
1127 1550 1204 1632 Epi·

84 1658 175 1741 scopi
203 1659 390 1746 erogentur)
415 1661 574 1747 ejusmodi
597 1662 752 1746 pecunias
772 1681 812 1726 ex
827 1663 1111 1746 compositionibus
1129 1683 1206 1749 pro-

86 1773 276 1861 venientes;
296 1778 353 1861 qui
367 1775 506 1844 officialis
519 1785 657 1845 vocatur
672 1780 873 1859 depositarius
881 1798 1048 1861 poenorum.

132 1892 217 1956 Fieri
237 1894 349 1979 nequit
361 1896 561 1978 compositio,
580 1895 641 1960 nisi
657 1914 714 1960 reo
726 1895 910 1977 postulante
920 1903 954 1960 et
969 1896 1205 1964 consentiente.¹

87 2009 195 2094 Atque
209 2010 353 2094 insuper,
369 2012 396 2076 si
406 2012 477 2097 quis
486 2031 547 2096 per
556 2011 714 2078 delictum
723 2011 817 2076 lesus
827 2011 878 2090 sit,
894 2013 1096 2078 necessarius
1110 2015 1208 2079 etism

88 2134 140 2191 est
159 2127 262 2209 partis
280 2127 361 2192 loesae
379 2148 553 2194 consensus
575 2129 739 2214 :alioquin
755 2129 947 2212 compositio
965 2129 1054 2195 foret
1069 2130 1157 2195 nulla
1174 2139 1210 2196 et

87 2241 191 2326 judex
218 2245 363 2326 graviter
381 2253 575 2329 peccaret...
602 2271 615 2306 «
642 2245 709 2310 Nisi
726 2253 834 2310 tamen
856 2245 911 2332 (ait
930 2245 1110 2323 Monacelli,
1136 2246 1210 2312 loco

93 2360 240 2438 «citato,
268 2380 301 2424 n.
321 2357 351 2444 5)
373 2360 533 2426 obstinate
557 2369 724 2427 recusaret
745 2360 823 2426 dare
847 2379 1053 2444 consensnm;
1080 2385 1095 2422 c
1123 2360 1211 2446 quod

90 2475 236 2560 intellige
265 2474 364 2542 modo
394 2477 489 2542 simul
511 2478 572 2560 ipsi
598 2475 754 2543 offeratur
778 2475 865 2561 justa
883 2474 994 2540 damni
1017 2476 1097 2542 illati
1121 2495 1212 2560 repa·

94 2593 192 2659 ratio.

140 2733 157 2772 a
176 2708 357 2775 Advertere
372 2707 494 2776 debent
516 2711 678 2794 Episcopi,
697 2709 786 2796 quod
800 2711 990 2794 compositio
1014 2729 1078 2776 non
1094 2709 1213 2775 admit-

93 2826 176 2892 titur
197 2831 272 2890 ante
294 2826 492 2910 completum
511 2845 698 2910 processum
717 2826 972 2903 informetivum,
989 2846 1027 2891 ac
1051 2825 1135 2890 datis
1154 2825 1213 2891 de-

94 2942 313 3027 tensionibus3
331 2948 365 3008 et
375 2942 474 3028 quod,
491 2963 530 3010 eo
543 2943 717 3028 completo,
729 2951 808 3009 tunc
818 2940 1209 3024 admittiturcompositio,

95 3061 122 3126 si
140 3056 299 3124 delictum
314 3067 444 3124 nonest
461 3057 555 3142 plene
575 3065 610 3125 et
626 3057 864 3126 concludenter
879 3057 1064 3141 probatum,
1084 3065 1118 3124 et
1136 3077 1213 3124 reus

96 3196 138 3243 ex
156 3176 238 3240 actis
255 3194 319 3242 oon
338 3181 446 3259 potest
469 3175 502 3239 in
523 3194 652 3259 poenam
675 3174 872 3242 ordinariam
895 3171 1114 3240 condemnari.
1130 3177 1213 3241 ltem

96 3300 229 3360 nonest
253 3289 455 3358 admittenda
478 3293 512 3358 in
531 3293 720 3360 criminibus
735 3291 903 3376 gravibus,
922 3291 1039 3376 quibus
1058 3311 1154 3377 poena
1170 3290 1213 3358 dc

95 3410 172 3496 jure
185 3417 296 3476 taxata
311 3409 486 3492 reperitur,
506 3409 560 3474 vel
580 3417 749 3474 merentur
766 3407 1020 3492 depositionem,
1039 3408 1093 3474 vel
1114 3409 1215 3474 muni·

99 3526 184 3593 festa
206 3532 292 3603 sunt,
317 3531 374 3592 ant
395 3524 564 3609 inquibus
586 3526 764 3609 Episcopus
790 3523 921 3608 dejure
940 3521 1127 3607 dispensare
1149 3542 1214 3588 non

101 3647 221 3727 potest.
247 3643 334 3708 item
357 3637 445 3726 quod
470 3660 535 3706 noo
560 3647 610 3706 est
637 3639 838 3706 admittenda
864 3658 970 3724 neque
1000 3639 1211 3722 acceptanda,

100 3759 228 3826 etiamsi
238 3765 385 3842 spartea
400 3775 458 3823 reo
472 3757 637 3836 offeratur,
659 3758 786 3843 quotics
800 3776 841 3822 ex
860 3775 1015 3841 processu
1037 3775 1101 3820 non
1116 3773 1216 3840 appa-

100 3883 174 3944 reat
188 3872 268 3959 quid
290 3871 503 3940 substantiale
524 3874 674 3951 criminis,
697 3880 732 3938 et
751 3892 815 3939 non
833 3869 940 3938 adsint
964 3872 1080 3936 saltem
1097 3870 1215 3938 indicia

101 4001 137 4060 et
148 3989 427 4076 praesumptiones,
443 4009 513 4074 qnae
525 3998 711 4056 accusatum
720 3989 917 4068 notabiliter,
936 3994 993 4054 aut
1004 3988 1213 4056 famarexet:
1233 3987 1235 3992 ’

102 4110 130 4176 si
149 4109 237 4174 enim
252 4106 432 4192 Episcopus
446 4107 500 4172 vel
514 4106 596 4172 alius
604 4105 707 4190 judex
723 4105 906 4173 ordinarius
920 4107 988 4172 sine
1005 4125 1101 4172 causa
1111 4104 1153 4171 de
1163 4105 1218 4171 de·

101 4225 182 4292 licto
210 4228 431 4306 componeret,
464 4220 609 4306 graviter
638 4230 803 4306 peccaret.
822 4245 838 4284 n
856 4222 1046 4309 (Monacelli,
1066 4229 1160 4306 parte
1183 4225 1215 4302 2,

103 4342 159 4407 tit.
177 4343 230 4419 15,
252 4339 393 4406 formula
408 4340 438 4418 5,
457 4359 490 4404 n.
516 4337 581 4422 10.)

150 4459 389 4541 Putaremego,
402 4455 535 4522 attentis
551 4455 731 4539 prasertim
751 4464 935 4523 nostrorum
954 4461 1139 4540 temporum
1159 4458 1223 4523 eir-

250 4569 284 4631 11.
1046 4568 1081 4626 tt
