2914 5122
425 449 427 454 Ι
529 387 609 436 rans
631 389 789 437 secunus.
1147 377 1206 438 123

110 517 192 594 «prio
205 532 252 580 ore
269 513 459 592 confiteatur,
474 520 502 576 st
515 533 574 580 aaa
585 517 651 579 ecit
665 519 835 598 repuleram
855 519 1002 582 admrsus
1018 539 1049 585 sc
1072 523 1208 587 cassera·

109 633 346 694 «sententiam»
372 629 548 726 Utriusque
569 629 651 715 juris
674 633 918 700 consensionem
940 633 974 698 in
991 639 1062 700 tota
1081 633 1209 720 reliqua

106 743 160 808 tela
171 742 338 830 judiciaria
354 744 483 813 erudite
502 749 711 834 prosequitur
724 749 843 816 citatus
855 755 981 816 auctor.

142 864 172 926 9⁰
187 864 244 936 ,Ec
259 882 292 924 ec
305 865 384 946 quod
391 865 628 946 frequentissimi
646 871 680 929 in
694 873 759 929 tota
771 871 954 948 antiquitate
966 870 1081 948 fueriat
1090 888 1207 950 petroso⁴

104 997 146 1038 scs
157 984 345 1059 measatorii,
365 999 433 1044 cum
449 987 558 1062 tamea,
577 987 606 1043 si
618 988 652 1046 in
673 1003 729 1048 asu
744 985 853 1063 fuisset
871 987 1076 1065 inquisitionis
1085 988 1197 1065 mana,

104 1095 191 1155 acilas
202 1097 266 1174 sere
279 1101 312 1157 in
330 1100 486 1159 momentis
501 1117 653 1160 occurrere.
665 1101 793 1162 deberet.
803 1135 849 1148 -·
859 1097 1071 1177 validissima,
1085 1100 1153 1168 imo
1166 1107 1201 1168 et

104 1209 309 1292 peremptoria
331 1210 410 1276 milri
433 1210 565 1280 videtur
590 1213 739 1297 probatio
763 1213 843 1280 haec.
865 1215 945 1280 liam
965 1215 994 1280 si
1014 1215 1067 1280 vel
1086 1215 1207 1280 cursim

103 1326 324 1408 pervolvantur
354 1327 496 1394 historie
525 1329 748 1396 ecclesiasticae
779 1336 815 1396 ct
839 1307 969 1396 veteres
993 1328 1207 1400 decretalium

103 1437 305 1517 collectiones,
324 1439 584 1525 frequentissima
596 1442 740 1508 occurrit
754 1439 914 1525 ejusmodi
931 1442 1207 1518 coemeteriorum

102 1571 298 1635 processuum
315 1558 448 1634 mentio,
471 1565 505 1621 et
524 1557 566 1622 de
580 1556 695 1622 iisdem
711 1559 845 1641 prolatae
857 1557 1047 1626 decisiones.
1069 1557 1208 1626 Deside-

102 1678 240 1737 rarentur
262 1679 374 1753 autem
399 1678 433 1737 et
452 1693 470 1738 a
489 1673 709 1740 monumentis
728 1673 799 1740 fere
820 1675 951 1741 ommno
974 1674 1155 1753 exalarent,
1174 1675 1208 1740 in

100 1782 260 1876 hypothesi
279 1785 422 1852 induetae
445 1786 511 1873 jam
534 1788 727 1874 inquisiton'i
752 1807 923 1872 processus
948 1788 1072 1856 iormre.
1101 1789 1207 1861 Guttae

100 1902 175 1968 enim
195 1910 245 1968 est
264 1920 346 1968 anus
361 1905 599 1970 accusationem
616 1903 647 1968 in
670 1902 793 1991 judicio
811 1904 952 1990 probare
976 1913 1010 1974 et
1028 1905 1205 1988 inpensa

100 2018 213 2084 talionis
227 2018 433 2086 subscribere
449 2041 456 2104 ;
485 2018 573 2106 quod
596 2025 687 2086 certe
715 2039 797 2086 onus
815 2019 979 2088 ordinarie
998 2018 1209 2091 declinabunt

100 2130 244 2210 homines,
266 2133 396 2200 silacia
416 2135 554 2218 simplici
574 2132 617 2200 ad
641 2134 785 2222 judicem
804 2134 1060 2214 denuntiatione,
1083 2143 1119 2202 et
1140 2155 1208 2204 me-

100 2246 216 2316 diorum
240 2250 359 2337 quibus
378 2251 498 2318 veritas
522 2250 633 2336 detegi
652 2251 753 2338 possit
772 2251 988 2330 indicatione,
1007 2254 1130 2338 possint
1149 2254 1209 2329 cri-

99 2365 182 2432 minis
212 2365 441 2432 coercitionem
468 2367 703 2453 aequivalenter
731 2367 880 2434 obtinere
909 2367 967 2454 (t).
1001 2369 1105 2452 Quam
1133 2387 1208 2438 rato

99 2481 184 2548 hodie
208 2485 365 2568 contingit
389 2464 427 2549 ut
454 2485 524 2569 quis
545 2490 697 2569 tanquam
722 2493 892 2553 accusator
914 2491 1002 2554 stare
1026 2485 1060 2552 in
1086 2483 1209 2569 jndicio

100 2601 180 2668 velit!
196 2599 361 2688 Numquid
373 2620 486 2667 omnes
499 2620 564 2667 non
577 2608 779 2686 anteponunt
788 2601 894 2687 judici
901 2621 1013 2670 cruam
1020 2601 1208 2684 relinquere

100 2717 262 2785 tentatam
275 2716 491 2802 investigandi
502 2725 536 2782 et
546 2715 721 2800 probatum
737 2715 893 2784 delictum
908 2714 1089 2801 puniendi?
1104 2715 1209 2782 Porro

99 2831 180 2917 quod
194 2833 291 2901 hodie
309 2833 430 2912 evenit,
450 2839 585 2917 patente
599 2833 744 2900 faciliore
764 2834 958 2918 inquisitori
970 2850 1143 2916 processus
1156 2831 1209 2900 ria

99 2946 177 3014 idem
187 2949 317 3016 omnino
329 2951 517 3034 contigisset
529 2949 717 3033 antiquitus,
724 2951 753 3016 si
766 2949 871 3017 forma
886 2948 1000 3016 cadent
1009 2947 1210 3034 inquisitoris

99 3065 128 3128 in
137 3086 192 3132 usu
201 3067 333 3150 luisset3
345 3068 390 3132 ita
401 3068 499 3134 etium
511 3066 646 3132 utnulla
660 3067 768 3133 forsan
783 3067 988 3150 reperiretur
999 3083 1211 3148 processuum

100 3185 365 3250 accusatorierum
393 3182 544 3249 historica
576 3185 709 3250 mentio.
736 3183 782 3250 lla
809 3183 930 3268 quippe
962 3189 1013 3248 est
1039 3181 1211 3265 utriusque

99 3295 200 3366 termae
216 3307 344 3375 natura,
363 3307 400 3366 ut
414 3298 549 3365 inducto
560 3305 714 3384 tanquam
729 3298 897 3366 ordinaria
915 3299 1118 3383 inquisitorio
1136 3316 1212 3381 pro·

101 3431 191 3492 cessa,
207 3417 294 3482 alter
313 3435 331 3482 a
350 3415 423 3481 foro
441 3421 557 3498 sponte
572 3415 695 3482 exrrlet.
713 3415 793 3480 Cum
819 3434 897 3500 ergo
917 3414 1116 3482 accusatorio
1135 3430 1212 3497 pro·

102 3548 183 3598 cessu
207 3542 278 3600 tota
297 3537 425 3615 strepat
450 3533 634 3617 antiquitas,
655 3529 809 3598 indicium
822 3530 1041 3598 indubitatum
1055 3535 1116 3605 est,
1135 3547 1212 3594 non·

103 3646 170 3715 dum
183 3653 351 3717 inventam
365 3655 445 3714 tunc
467 3650 624 3734 temporis
639 3649 851 3733 inquisitionis
875 3647 1025 3712 formam.
1050 3644 1100 3711 Ad
1113 3643 1212 3712 thesis

103 3768 327 3833 conclusionem
343 3764 566 3831 deveniamus.

133 4010 162 4072 (l)
182 4028 192 4056 ι
212 4014 313 4060 Peut-on
329 4022 444 4072 supposer
457 4008 515 4072 qu'il
527 4021 540 4072 p
554 4009 594 4058 cit
608 4007 667 4056 dans
681 4007 704 4059 la
715 4007 855 4071 republicae
869 4007 986 4070 ungrani
1002 4007 1101 4056 nombre
1115 4005 1144 4054 de
1157 4019 1211 4070 pcr=

108 4119 208 4156 ·sennes
221 4121 287 4156 assez
302 4105 417 4154 direntes
434 4108 448 4152 'a
465 4103 568 4152 l'inttrit
580 4104 670 4166 public,
687 4117 748 4166 pour
766 4117 873 4152 assumet
892 4101 1006 4152 l'tnormc
1028 4100 1125 4150 iardean
1143 4100 1214 4150 d'unc

107 4215 114 4236 ι
132 4203 265 4262 accusation,
276 4214 337 4264 pour
348 4213 373 4248 se
388 4200 485 4260 eharger
496 4197 566 4248 d'unc
578 4199 663 4260 langue
677 4205 700 4246 et
713 4198 806 4264 pcnible
818 4198 968 4258 instruction,
983 4203 1007 4246 et
1017 4209 1078 4263 pour
1089 4194 1211 4258 s'exposcr

108 4294 314 4346 stolonairemeut
332 4308 379 4344 aux
400 4295 472 4345 suites
495 4295 620 4342 onircuscs
644 4293 714 4344 d'unc
733 4307 802 4356 grave
822 4293 1022 4356 responsabilitt?
1038 4311 1046 4334 ι
1064 4292 1099 4338 lta
1116 4291 1213 4340 Faustin

106 4383 163 4436 lltlic
175 4387 270 4447 (Troitc‘
285 4389 470 4438 d'iastruction
479 4387 567 4446 eam..
580 4386 621 4436 liv.
636 4389 661 4448 l,
673 4401 695 4438 c.
710 4389 735 4446 ὅ,
747 4387 760 4454 5
774 4387 825 4450 20),
837 4401 934 4449 carpens
949 4388 1079 4436 llcmanunt
1086 4384 1136 4448 jus,
1149 4383 1213 4448 quod

107 4479 172 4530 selum
185 4485 323 4545 regulariter
331 4482 454 4532 admiserit
467 4483 637 4532 accusatorium
649 4495 795 4544 processum.
