2914 5122
539 304 618 352 rans
641 305 800 352 secunus.
1180 287 1222 350 85

115 429 227 495 nullum
253 423 423 514 designant
451 438 604 514 tanquam
637 421 837 514 'probabilem
876 429 1009 496 sceleris
1041 435 1220 495 auctorem.

113 545 264 627 Quaeritur
279 566 321 612 an
335 553 414 612 tunc
423 547 572 631 superior
584 549 683 632 possit
693 547 881 632 generalem
889 544 1128 632 inquisitionem
1138 542 1224 630 jndi-

111 663 227 729 cialiter
238 663 272 727 in
286 673 380 728 reum
391 664 590 748 incognitum
608 663 790 740 instituere,
814 658 1047 746 interrogando
1071 657 1219 726 subditos
1284 715 1288 720 ,

110 783 320 862 quistettctcm
329 786 513 862 patraverit,
537 785 571 845 et
590 777 821 863 praecipiendo,
844 785 892 856 ut,
908 778 936 844 si
946 777 1106 855 noverint,
1122 775 1224 840 mani-

111 895 232 961 testent.

150 1013 266 1078 ullulti
283 1012 404 1078 docent
421 1011 457 1079 id
477 1033 541 1077 non
557 1031 627 1078 esse
654 1013 824 1078 licitum...
846 1017 962 1092 Prtmo,
985 1011 1060 1096 quia
1079 1029 1219 1076 canones

111 1150 125 1187 r
142 1136 246 1194 vetant
258 1149 300 1194 ne
313 1127 512 1212 procedatur
522 1147 583 1212 per
597 1128 845 1213 inquisitionem,
858 1127 919 1193 nisi
930 1124 972 1192 de
982 1133 1115 1192 auctore
1128 1126 1223 1192 sitia·

111 1268 125 1305 r
142 1265 197 1324 ma,
214 1247 269 1312 vel
282 1251 373 1312 ceria
385 1245 520 1313 indicia:
536 1251 606 1311 Nisi
618 1267 706 1328 super
717 1249 875 1328 praedictis
885 1249 997 1326 samam
1013 1249 1108 1326 ipsius
1120 1246 1221 1308 laesam

112 1381 194 1424 resse
216 1367 372 1440 noveritis,
399 1365 440 1424 ccl
461 1367 685 1443 inquisitionem
705 1363 827 1436 illorum
847 1380 907 1423 oca
931 1362 1029 1422 subito
1045 1361 1222 1440 procedatis

117 1499 130 1534 a
146 1475 221 1562 (cap.
243 1481 319 1542 Com
338 1486 471 1560 oporteat
495 1483 547 1557 19,
566 1481 603 1542 de
619 1474 751 1562 Accua.).
773 1475 865 1542 Idem
889 1474 1031 1542 habetur
1045 1477 1151 1558 capite
1167 1480 1221 1540 In-

116 1612 130 1650 o
145 1599 320 1673 quistttocis,
339 1597 393 1672 21,
411 1603 445 1660 et
460 1595 566 1676 capite
579 1596 717 1674 Qualiter
726 1599 755 1656 et
764 1596 894 1674 quoodo,
909 1593 964 1671 24,
984 1589 1100 1656 eodem
1110 1591 1217 1656 titulo.

116 1730 130 1767 o
145 1712 281 1785 Secundo,
302 1711 329 1774 si
341 1710 458 1776 liceret
471 1710 505 1774 in
519 1729 638 1794 genere
650 1710 815 1794 inquirere
831 1707 1086 1786 malefactorem,
1105 1723 1220 1792 seque-

117 1832 230 1890 uretur
253 1825 344 1911 quod
372 1828 440 1910 ipse
467 1825 679 1903 malefactor,
706 1825 732 1889 si
761 1824 847 1892 torte
870 1825 1101 1908 interrogatur,
1130 1831 1220 1889 tene·

115 1949 230 2007 aretur
244 1945 387 2028 seipsum
401 1942 562 2027 prodere,
578 1940 667 2026 quod
678 1961 774 2008 nemo
795 1940 966 2008 concedat.
983 1963 1000 2004 a
1016 1941 1165 2028 (Lessius,
1182 1944 1219 2005 de

111 2057 174 2120 lure
183 2065 211 2121 et
221 2063 360 2140 justitio,
380 2059 438 2124 lib.
454 2061 486 2138 2,
503 2078 531 2123 c.
552 2061 606 2136 29,
625 2079 657 2122 n.
682 2055 770 2142 113.)

148 2171 206 2238 Sed
217 2173 274 2238 illa
289 2182 440 2240 veterum
452 2172 667 2258 quorumdam
689 2173 926 2239 canonistarum
947 2172 1054 2256 opinio
1070 2191 1216 2239 commn-

112 2287 187 2354 niter
211 2287 462 2374 derelinquitur,
485 2298 519 2355 et
538 2290 700 2357 contraria
725 2290 886 2356 sententia
899 2296 1051 2376 tanquam
1069 2297 1160 2355 certa
1183 2297 1217 2354 et

110 2405 405 2474 tenendahabetur.
456 2483 464 2492 p

144 2521 332 2588 «Probatur
353 2525 384 2586 1⁰
403 2542 443 2587 ex
459 2522 552 2607 praxi
567 2523 730 2590 communi
742 2520 907 2608 judicum,
934 2529 1000 2586 tam
1017 2523 1211 2588 ecclesiasti·

107 2653 244 2703 ecorum
267 2657 364 2724 quam
380 2639 595 2719 secularium,
616 2658 712 2725 quam
728 2637 847 2705 durum
870 2646 919 2704 est
943 2636 1209 2703 condemnare.»

106 2753 242 2836 (Lessius,
265 2756 365 2820 citato
378 2754 476 2840 loco.)
493 2757 570 2823 Eam
581 2755 740 2823 rationem
753 2754 821 2840 jam
837 2773 895 2850 suo
907 2761 1057 2838 tempore
1070 2754 1212 2838 urgebat

103 2865 155 2934 boo
166 2870 261 2938 modo
276 2873 485 2940 Innocentius
496 2875 540 2940 IV
551 2875 597 2961 (in
609 2894 680 2959 cap.
695 2879 797 2952 Bone,
821 2876 851 2954 l,
876 2877 914 2938 de
926 2877 1088 2950 Electicoe,
1106 2892 1141 2938 n,
1162 2869 1207 2958 5):

106 3010 120 3048 1
136 2989 213 3054 item
228 2997 306 3056 nota
321 2989 410 3076 quod
425 2992 471 3056 sic
483 2999 594 3058 servat
617 2997 707 3058 totus
722 2991 874 3070 mundns,
894 2990 983 3076 quod
1001 2991 1208 3078 contingente

107 3125 120 3163 a
133 3105 284 3172 maleficio
299 3108 439 3185 notorio,
458 3095 566 3172 statim
583 3106 716 3193 inquirit
727 3107 830 3193 judex
843 3110 1033 3190 peoercttter,
1055 3128 1120 3175 non
1136 3129 1209 3175 oon-

108 3225 180 3284 utra
190 3229 311 3287 certam
324 3239 506 3305 personam.
526 3222 568 3286 Et
581 3221 667 3287 iacta
684 3223 901 3307 inquisitione,
918 3231 1015 3289 vocat
1028 3225 1209 3292 nominatos

106 3356 119 3394 a
134 3335 378 3422 ininqaisitione
397 3336 439 3403 de
451 3335 621 3416 maleficio,
643 3346 681 3404 ut
695 3357 729 3404 se
749 3337 940 3404 defendant.
962 3340 1003 3404 Et
1018 3337 1108 3424 quod
1135 3340 1206 3406 lon·

106 3472 119 3510 a
134 3469 198 3534 gam
211 3454 515 3537 interpretationem
530 3454 648 3538 recipit
660 3473 700 3518 ex
713 3455 884 3520 iteratione
898 3454 1072 3534 factorum,
1087 3459 1207 3523 mutari

106 3584 120 3622 u
134 3583 192 3630 non
206 3565 319 3631 debet.
340 3587 357 3626 a

140 3683 170 3744 2⁰
185 3705 201 3743 o
214 3683 281 3748 Nisi
290 3681 372 3748 tales
385 3683 607 3767 inquisitiones
624 3683 760 3763 fierent,
786 3679 852 3750 duo
867 3683 1051 3768 gravissima
1066 3685 1150 3750 mala
1171 3685 1204 3752 in

105 3799 293 3882 erepublica
313 3808 531 3884 sequerentur
551 3821 559 3866 ε
575 3819 649 3865 num
661 3808 695 3866 et
713 3800 851 3884 populus
865 3801 1007 3883 graviter
1021 3799 1205 3868 offendere-

105 3918 203 3980 rtur:
228 3912 344 3981 videns
371 3914 515 4000 judicem
543 3936 609 3980 uon
631 3917 796 4001 inquirere
823 3922 990 3994 auctorem
1016 3917 1122 4002 aperti
1140 3919 1204 3984 cri-

104 4048 118 4086 «
132 4031 227 4109 minis,
240 4039 437 4117 putaretque
454 4052 529 4099 enm
540 4032 700 4099 maleficio
718 4032 849 4119 favere3
868 4041 902 4099 et
919 4034 1056 4101 malefici
1071 4054 1128 4120 spe
1143 4037 1203 4100 im·

104 4163 117 4200 t
130 4149 274 4228 punitatis
292 4149 541 4215 invalescerent.

137 4264 196 4326 3⁰«
213 4264 294 4346 Quia
312 4284 408 4331 nemo
423 4273 532 4349 potest
548 4267 642 4351 queri
661 4267 722 4332 sibi
739 4266 858 4332 iactam
873 4265 1024 4352 injuriam
1041 4285 1103 4351 per
1116 4265 1199 4331 hanc

105 4380 309 4458 «generalem
328 4381 584 4468 inquisitionem;
605 4385 670 4451 imo
681 4391 749 4449 tota
761 4383 943 4469 respublica
959 4385 1044 4452 illam
1069 4381 1199 4449 deside-
