2838 5114
251 361 315 422 370
594 371 781 426 catenarus
805 373 847 417 na
871 373 1019 420 inntens.

250 503 410 586 etplured
434 496 621 584 hujusmodi
635 505 720 561 octav
735 500 898 580 judiciales
915 491 1111 564 exercuisse.
1137 499 1231 586 (Loco
1251 499 1344 574 ciam,

247 639 281 712 n.
303 621 412 684 eruet
429 612 510 699 seq.)

259 777 263 782 -
291 738 330 798 ‘20
347 736 395 798 Ex
409 731 614 798 documentis
630 731 789 795 historicis
803 731 926 812 pariter
945 738 1076 808 eruunt,
1095 739 1240 796 sanctum
1259 732 1350 795 Domi-

249 852 359 915 nicum
377 849 417 913 ab
436 845 617 930 apostolicis
631 846 746 928 legatis
760 847 922 926 accepisse
940 853 1140 928 potestatem
1159 845 1351 913 convincendi

249 961 282 1024 in
293 959 432 1046 juridico
449 962 595 1024 examine
612 959 789 1036 haereticos
813 978 932 1042 eosque
954 960 987 1022 ia
1004 960 1171 1026 erroribus
1192 961 1256 1024 suis
1269 961 1353 1042 perti-

250 1096 346 1146 naces
366 1073 517 1140 tradendi
525 1073 647 1156 judicio
658 1074 814 1138 saeculari.
835 1072 884 1139 Ad
898 1073 986 1156 qnod
1002 1073 1200 1137 firmandum
1215 1073 1351 1137 interalia

250 1191 477 1256 historicorum
492 1190 684 1262 testimonia,
698 1188 869 1253 adducunt
881 1197 915 1252 et
929 1188 1011 1253 iliud
1027 1189 1206 1254 Malvendae
1220 1191 1353 1275 (indean-

251 1308 339 1384 ttbas,
360 1327 443 1372 anuo
462 1308 557 1382 1215,
580 1325 651 1387 cap.
675 1304 706 1387 9)
726 1327 733 1368 :
758 1307 859 1369 «Non
874 1305 1045 1369 abnuimus
1064 1312 1212 1370 sanctum
1234 1304 1353 1370 Domini-

254 1437 359 1486 acunt
381 1424 522 1505 primum
544 1421 654 1496 fuisse,
686 1423 742 1504 qui
763 1421 965 1503 inquisitoris
986 1423 1180 1487 auctoritate
1205 1422 1352 1487 haereticos

255 1563 271 1597 a
284 1539 357 1620 igne
375 1538 533 1620 punierit;
554 1544 589 1601 et
612 1537 752 1601 vidimus
772 1537 924 1619 superins
948 1537 1010 1602 hoc
1034 1557 1130 1614 anno,
1155 1539 1282 1614 Tolosa,
1298 1538 1352 1618 ipso

256 1655 360 1736 avito
386 1654 447 1718 Dei
472 1662 511 1718 et
534 1654 747 1718 convincente
770 1661 804 1716 et
827 1651 1009 1734 judicante,
1030 1653 1200 1717 haereticos
1224 1649 1353 1715 incendio

257 1794 273 1834 a
287 1778 505 1851 consumptos,
534 1777 569 1834 et
594 1781 695 1832 unum
714 1777 930 1834 reservatum.
960 1795 976 1828 n
994 1771 1175 1834 Memorant
1195 1769 1282 1844 item,
1300 1767 1353 1848 epi·

255 1887 369 1952 stolam
387 1885 561 1968 quamdam
580 1884 795 1968 inquisitionis
811 1885 985 1961 Tolosauae,
1006 1884 1038 1946 in
1058 1903 1122 1966 qua
1145 1885 1195 1948 bis
1213 1904 1248 1948 ac
1261 1883 1350 1956 tertio,

253 2006 288 2068 in
305 2002 437 2067 laudem
457 2004 559 2066 sancti
584 2001 751 2076 Dominici,
774 2000 822 2064 ah
837 2001 975 2066 oculatis
997 2007 1032 2064 et
1050 1999 1167 2082 juratis
1189 1999 1316 2064 testibus
1334 2000 1353 2060 is

255 2123 392 2182 vocatur
414 2117 619 2178 lveretteornm
641 2125 824 2196 persecutor.
853 2115 949 2198 Quod
968 2117 1189 2181 testimonium
1213 2113 1357 2180 Echardus'

258 2234 361 2319 (quasi
378 2240 487 2296 sancto
509 2233 677 2298 Dominiro
692 2233 885 2316 probrosum
910 2230 1007 2315 foret)
1031 2233 1175 2296 emollire
1194 2239 1293 2296 tentat
1310 2231 1353 2293 hac

259 2355 336 2410 nota
354 2345 443 2432 (tom.
465 2351 473 2408 1
503 2348 647 2408 Βῑόἰῑοιὴ·.
670 2350 810 2426 predic,
831 2365 903 2428 pag.
928 2344 980 2429 56)
1003 2365 1009 2407 :
1032 2373 1044 2404 a
1066 2345 1179 2410 Viden*
1201 2347 1254 2429 qui
1274 2345 1354 2409 haere-

262 2487 277 2524 «
295 2463 435 2526 ticorrnn
462 2460 607 2524 assiduus
634 2471 824 2543 persecutor
849 2461 976 2528 fuerit?
998 2465 1121 2544 Nempe
1154 2459 1354 2546 redarguendo

263 2604 278 2640 a
296 2589 362 2644 tam
380 2578 482 2642 verbo
501 2597 596 2660 quam
611 2580 759 2660 exemplo
774 2579 865 2644 honae
880 2580 1044 2658 vitae3uon
1059 2575 1207 2660 jugulum
1223 2575 1351 2660 petendo,
1406 2652 1407 2663 ἶ

263 2719 279 2766 a
296 2715 361 2758 non
380 2694 506 2758 ferrum
526 2701 560 2756 et
573 2694 680 2774 ignem
700 2693 888 2770 minitando,
907 2691 995 2777 quod
1006 2693 1055 2756 sui
1072 2711 1135 2758 oon
1151 2702 1224 2758 erat
1241 2691 1329 2758 officii.
1341 2715 1350 2748 v

260 2807 326 2874 Sed
340 2807 499 2882 Echardo,
533 2807 765 2872 collaudata:
790 2832 806 2868 a
825 2804 865 2872 dt
881 2807 977 2892 qaid,
1004 2808 1152 2885 obsecro,
1178 2810 1290 2891 piaculi
1314 2811 1353 2870 act

267 2925 475 2990 «dedecoris
498 2926 529 2986 in
557 2931 703 2990 sanctam
735 2925 936 2990 Dominicum
969 2923 1190 3002 redundaret,
1215 2926 1241 2989 si
1266 2924 1309 2988 hie
1326 2941 1351 2986 er

266 3064 282 3102 a
299 3040 509 3122 subdelegato
526 3041 676 3104 Ecclesiae
690 3047 850 3121 potestate
869 3041 1057 3122 pervicaces
1069 3042 1237 3110 haereticos
1251 3041 1353 3108 brachio
1405 3080 1406 3117 2

268 3156 459 3232 «saeculari,
483 3164 519 3220 ut
543 3156 640 3238 vulgo
662 3154 834 3238 loquimur,
860 3157 1043 3237 puniendos
1066 3159 1273 3224 tradidisset?
1284 3159 1353 3220 Certe
1405 3235 1408 3258 w

270 3296 285 3333 a
299 3271 477 3336 catholicus
500 3273 656 3355 quispiam
684 3270 835 3336 dubitare
869 3290 933 3336 nou
956 3283 1065 3356 potest
1088 3275 1130 3340 de
1161 3277 1215 3340 illa
1236 3274 1353 3342 Ecclesia
1407 3261 1408 3276 ¹

269 3394 472 3470 «potestate,
497 3405 567 3468 quaa
588 3386 766 3452 innumeris
785 3390 942 3471 exemplis
962 3411 998 3456 ac
1013 3373 1207 3456 testimoniis
1215 3393 1351 3475 probatur,
1407 3403 1408 3412 ¹

270 3527 286 3566 a
300 3511 335 3569 et
350 3521 446 3587 quam
460 3502 609 3568 Alionsus
630 3501 672 3566 de
697 3503 819 3580 Castro,
839 3505 857 3567 J
861 3503 983 3570 udocus
1008 3508 1153 3586 Cocalus,
1173 3510 1284 3593 aliique
1300 3505 1354 3570 scri·
1403 3562 1407 3577 ,

271 3641 287 3680 a
301 3627 411 3700 ptores
426 3617 560 3699 integris
574 3618 789 3684 voluminibus
802 3629 916 3686 covvtra
928 3623 1156 3690 heterodoxos
1167 3624 1351 3690 vindicarunt.

273 3757 288 3796 a
302 3734 411 3797 Solum
428 3734 488 3797 hoc
506 3734 579 3798 loco
594 3733 805 3815 producimus
822 3737 934 3803 divum
954 3740 1118 3821 Thomam,
1139 3744 1195 3826 qai
1215 3743 1245 3806 ia
1262 3753 1354 3804 sumna

272 3849 482 3934 «theologica
507 3851 550 3936 (2.
577 3853 607 3927 ⁶2,
627 3869 659 3933 q.
694 3855 744 3929 11,
764 3873 792 3916 a.
822 3853 854 3937 3)
877 3855 1046 3922 honorem
1069 3859 1113 3922 sic
1135 3861 1266 3942 explicat
1287 3877 1293 3920 :
1314 3855 1354 3916 n-

164 4061 167 4066 .
274 3989 290 4027 a
303 3967 429 4046 spondeo
444 3965 613 4042 dicendam,
635 3969 714 4046 qaod
729 3975 809 4032 circa
828 3971 980 4034 hereticos
1002 3976 1060 4036 dno
1075 3985 1146 4038 sant
1161 3969 1350 4038 considerando·

275 4105 292 4141 a
309 4084 406 4144 Unum
426 4084 545 4160 qnidam
565 4101 604 4142 cn
619 4090 710 4164 parte
726 4091 874 4165 ipson-nnn
890 4089 977 4152 alind
996 4110 1065 4154 cero
1080 4112 1120 4154 eac
1136 4101 1224 4174 parte
1237 4088 1349 4152 Ecclesia.
1405 4079 1408 4162 ᾗ

276 4223 290 4252 a
305 4201 356 4260 Ex
367 4203 456 4276 porte
467 4198 584 4276 qntdena
603 4202 736 4278 ipsoram
748 4208 792 4262 est
803 4210 969 4282 peccatam,
985 4225 1042 4286 per
1056 4211 1134 4287 pand
1148 4207 1301 4270 ineruerent
1311 4213 1351 4260 nat
1407 4271 1408 4292 ἶ

277 4335 292 4374 c
308 4315 402 4374 solnm
422 4315 460 4372 nd
479 4314 610 4374 Ecclesia
631 4333 688 4394 per
706 4325 1039 4388 excommunicationem
1057 4329 1204 4403 seperari,
1227 4323 1272 4384 sed
1286 4320 1349 4376 etan
1405 4367 1406 4410 Ξ
