2836 5118
218 436 282 498 340
562 449 748 497 rnucrnrus
772 452 815 496 nn
838 449 987 498 runicus.

216 576 382 641 obnoxiae.
401 571 593 639 Addidimus
612 579 721 638 autem
742 575 827 637 modo
850 577 1012 655 Episcopus
1028 576 1180 654 exprimat
1199 589 1322 650 scopere

216 698 318 775 cipere
328 695 403 756 dicti
412 693 523 755 decreti
535 693 722 771 Touroupt-
737 690 810 775 quia
825 688 977 773 alioquin,
994 688 1021 751 si
1032 687 1151 752 formas
1160 683 1324 770 judiciales

218 807 381 886 adhibeat,
400 806 586 872 censebitur
609 806 749 872 voluisse
775 806 827 870 via
851 803 1015 868 ordinaria
1032 801 1226 886 procedere,
1243 799 1324 866 unde

217 923 317 1006 ipsius
340 918 496 1004 judicium
518 917 725 1003 appellationi
745 918 921 984 obnoxium
940 920 1014 998 erit,
1034 921 1223 1004 caterisque
1251 916 1326 1002 juris

217 1035 400 1112 effectibus,
419 1036 474 1121 qui
500 1033 663 1099 ordinaria
682 1033 803 1118 judicia
819 1035 1011 1118 respiciunt.
1034 1035 1066 1100 Si
1084 1053 1163 1119 ergo
1185 1031 1328 1098 intendat

217 1152 406 1236 Episcopus,
424 1151 520 1216 alicui
535 1169 704 1216 ascensum
717 1149 758 1214 ad
776 1169 884 1214 saeros
898 1149 1030 1217 ordines
1048 1149 1260 1229 interdicens,
1280 1149 1328 1212 vel

216 1257 404 1340 asuseeptis
416 1248 587 1322 ordinibus
605 1276 679 1322 eum
694 1256 907 1340 suspendens,
923 1278 964 1322 ne
985 1277 1043 1323 sua
1061 1258 1223 1323 sententia
1235 1257 1329 1340 possit

217 1373 260 1438 ad
274 1373 416 1439 tribuual
426 1373 679 1456 Metropolitani,
693 1373 871 1439 aliorumve
886 1374 1102 1458 superiorum,
1116 1393 1178 1458 per
1188 1375 1271 1437 viam
1282 1390 1330 1455 ap·

217 1490 399 1574 pollutionis
412 1488 547 1568 deferri,
570 1497 667 1575 atque
682 1490 724 1555 ab
745 1491 783 1554 iis
802 1491 933 1568 irritari,
947 1492 1001 1556 v‘el
1013 1490 1184 1575 judiciales
1196 1490 1330 1556 formali·

217 1614 303 1672 tates
329 1607 457 1672 omittat
482 1607 623 1684 omnino,
639 1607 694 1672 rel
718 1625 872 1690 expresse
898 1606 1045 1673 declaret
1068 1628 1103 1673 se
1127 1608 1240 1692 uigore
1255 1607 1331 1672 dicti

219 1714 345 1780 decreti
359 1715 569 1781 sententiare.

264 1831 416 1914 Exposita
431 1838 542 1895 cutem
559 1828 743 1916 hujusmodi
767 1833 958 1916 episcopalis
979 1834 1153 1916 potestatis
1168 1839 1332 1896 exterdere

221 1946 263 2012 ud
276 1947 457 2029 praecipuos
474 1964 566 2010 casus
581 1949 637 2031 qui
658 1945 880 2012 difficultatem
897 1949 1007 2014 facere
1026 1957 1171 2032 possent,
1191 1955 1332 2013 remanet

223 2066 259 2125 ut
277 2059 320 2126 de
335 2059 482 2145 ejusdem
503 2064 671 2144 potestatis
690 2066 837 2127 limitibus
856 2064 1067 2149 inquiramus.

683 2347 816 2415 CAPUT
827 2352 881 2414 IV.

225 2618 430 2681 ΡΟΤΕΞΤΔΤῙδ,
448 2615 543 2678 Qunu
558 2615 689 2665 ututur
704 2615 850 2665 uersuum
866 2619 907 2664 EX
924 2618 1113 2666 INFORMATA
1128 2619 1334 2668 consumunt

457 2731 680 2791 Pltocunuum,
707 2732 840 2780 LIMITES
865 2733 1116 2802 nxrnunuu'ruu.

273 2999 392 3066 Sedulo
405 2999 537 3086 quidem
547 2998 701 3066 vitandus
712 3007 762 3066 est
774 3019 888 3066 eorum
900 3020 1003 3079 error,
1022 3005 1077 3088 qui
1088 3005 1258 3088 praefatam
1274 3006 1336 3089 Epi·

204 3155 210 3166 ·
229 3135 399 3199 scoporum
413 3123 619 3202 potestatem,
645 3124 703 3181 aut
721 3118 851 3180 omnino
869 3115 1026 3201 rejectam
1052 3121 1200 3200 voluere,
1227 3130 1283 3187 aut
1295 3122 1336 3186 in·

230 3231 342 3298 debite
357 3233 559 3314 restrictam3
577 3239 611 3295 at
625 3249 689 3296 non
706 3233 823 3296 minori
834 3251 916 3298 cura
932 3233 1160 3300 declinandum
1174 3237 1215 3302 ab
1230 3255 1334 3303 errore

232 3348 406 3426 contrario,
428 3365 492 3431 quo
508 3347 634 3412 scilicet
653 3345 769 3411 eadem
788 3355 931 3430 potestas
943 3349 1078 3415 nimium
1094 3351 1333 3427 extenderetur,

231 3465 341 3548 sicque
363 3463 405 3527 ad
431 3461 639 3528 attentandos
657 3469 747 3527 aetus
764 3464 873 3530 irritos
888 3472 986 3550 atque
1004 3466 1131 3552 iniquos
1145 3477 1271 3535 temere
1289 3470 1336 3532 inr-

233 3579 424 3663 pelleretur.
440 3578 640 3662 Quamquam
652 3587 760 3669 autem
778 3578 881 3645 ardua
898 3600 951 3646 res
967 3589 1027 3661 est,
1041 3603 1137 3650 veros
1148 3585 1277 3663 limites,
1290 3584 1336 3668 qui

232 3692 349 3758 excedi
367 3711 432 3758 non
454 3689 606 3769 debeant,
627 3692 808 3776 prefigere,
827 3714 887 3778 pro
907 3696 1040 3765 modulo
1056 3704 1166 3766 tamen
1187 3709 1297 3766 nostro
1308 3696 1335 3763 id

145 3821 147 3824 ’
232 3817 388 3892 prestare
400 3807 616 3890 tentabimus3
634 3809 857 3891 superioribus
869 3813 995 3879 interea
1011 3815 1239 3900 corrigendum
1249 3817 1337 3883 relin-

233 3933 382 4009 quantes,
404 3924 524 4008 siquid
540 3924 645 4012 minus
657 3933 747 3989 recte
763 3925 885 3992 dictum
902 3928 1075 3996 exciderit.

280 4041 455 4106 LlrulTAuro
464 4040 503 4104 1³.
520 4075 565 4086 -
578 4043 667 4103 utero
677 4049 812 4122 potestus
831 4051 893 4107 totu
905 4049 1093 4111 concluditur
1106 4055 1140 4112 in
1155 4049 1336 4114 diadochos:

234 4160 411 4222 interdicere
429 4175 580 4219 ascensum
598 4159 640 4219 od
658 4176 757 4220 euros
779 4163 920 4242 ordioes;
935 4171 965 4226 et
979 4167 1157 4246 suspendere
1179 4169 1217 4230 ab
1240 4167 1336 4229 iisderr
1412 4231 1413 4252 ξ

235 4273 896 4357 aitutuospeerooacttpouattios,officiis,
909 4281 1337 4359 proditusetltonoriioseecle
1412 4253 1413 4280 ³

235 4387 590 4454 eiecticia-Probatur
603 4407 644 4452 ex
655 4389 724 4470 ipso
735 4390 924 4460 Tridentino
936 4401 1041 4460 textu.
1055 4397 1092 4461 ln
1105 4416 1145 4462 eo
1160 4398 1253 4475 enim,
1264 4413 1336 4480 pra·

236 4513 290 4572 ter
305 4504 371 4570 duo
382 4504 550 4586 assignata,
561 4501 640 4566 nihil
651 4506 816 4587 reperitur
827 4508 990 4595 Episcopis
1003 4529 1203 4579 concessum.
1220 4513 1259 4578 lit
1272 4526 1335 4576 cun
