2848 5118
361 364 363 370 -
473 336 560 389 ,rius
582 335 741 386 secunus.
1104 321 1172 402 233

72 461 188 533 statem,
211 455 404 535 concordia,
420 458 672 541 applicationem
691 458 813 527 hubent
830 455 912 542 iuris
929 438 1034 536 seori,
1061 456 1171 542 quoad

71 571 291 646 sententiarum
305 573 597 641 ecclesiasticarum
609 574 845 651 executionem,
864 591 951 638 nune
972 571 1171 656 exponendq
1207 561 1214 578 ⁸

71 684 293 770 dispositiones.
332 745 336 752 .

106 788 257 882 ansno'
271 805 313 867 t·.
325 841 372 852 -
382 809 524 884 Quianam
538 810 692 870 renuntio
712 809 883 868 avocatione
898 823 958 868 oon
977 807 1109 886 opacat?
1126 839 1172 852 -

74 918 99 980 1⁰
113 916 313 982 Sisententia
328 919 370 982 sit
391 893 599 996 absolutoria,
624 919 714 984 nulla
735 918 938 995 executione,
964 915 1060 994 idest,
1079 917 1170 984 nullo

71 1031 122 1098 clio
139 1039 213 1096 actu
229 1053 249 1099 a
263 1032 580 1111 sententia-diverso,
594 1032 731 1117 indiget.
745 1035 825 1098 Nam
842 1053 902 1117 per
914 1033 1086 1116 ipsammet
1096 1052 1172 1100 scn-

71 1148 189 1214 tentiam
206 1153 298 1212 tutus
311 1147 349 1212 iit
365 1167 451 1226 reus,
469 1154 504 1214 et
518 1149 616 1214 hahet
631 1147 804 1214 efficaciter
815 1145 905 1232 quod
924 1146 1064 1224 volebat,
1085 1146 1171 1214 idest

71 1245 301 1344 absolutionem.
330 1263 364 1328 Si
385 1269 496 1328 tamen
507 1262 609 1347 judex
630 1264 726 1328 simui
747 1270 892 1328 actorem
910 1260 1107 1330 condemnet
1126 1260 1170 1330 ad

71 1377 279 1444 resarciendas·
302 1397 361 1444 reo
390 1398 565 1462 expensae,
593 1380 784 1446 executione
812 1395 894 1460 opus
927 1378 1070 1472 erit,ut
1094 1395 1170 1444 reuu

71 1493 214 1576 qusnoii
226 1513 441 1578 expensarum
456 1496 649 1561 solutionem
660 1492 834 1561 efficaciter
848 1493 1003 1558 obtineat.

109 1611 257 1694 riteque
271 1609 464 1677 executione
476 1608 622 1692 indigent
635 1608 805 1676 sententiae
815 1607 1086 1675 condemnatoriae
1102 1608 1170 1692 qui·

74 1721 123 1786 bus
135 1741 207 1788 reus
218 1725 529 1802 excommunicatur,
543 1725 644 1790 aliave
662 1707 1028 1788 censura'ecclesiastica
1036 1721 1166 1806 feritur.

75 1836 222 1920 Ejusmodi
239 1841 325 1919 enim
343 1840 512 1906 sententie
529 1839 683 1906 effectum
709 1858 802 1904 suum
829 1857 890 1920 per
911 1838 1032 1920 seipsas
1048 1836 1169 1920 produ-

74 1961 153 2036 cunt;
179 1953 322 2029 efficiunt
349 1973 467 2038 nempe
493 1954 534 2020 da
562 1955 650 2022 facto
673 1955 1003 2030 excommunicatum,
1032 1971 1169 2036 suspeu-

38 2109 40 2114 η
76 2085 185 2145 sumre,
205 2074 262 2134 aut
278 2068 494 2135 interdictum
510 2069 613 2146 illum,
634 2074 747 2134 contra
763 2086 859 2151 quem
874 2066 1100 2150 proferuntur.
1236 2047 1239 2055 ¹

109 2183 139 2245 3ο
155 2181 246 2246 Idem
264 2179 440 2248 dicendum
466 2181 508 2246 de
537 2201 632 2265 poena
656 2181 854 2264 privationis,
873 2180 1003 2264 quando
1022 2179 1168 2266 odiliam

73 2311 184 2375 poenam
200 2297 437 2365 observandam
453 2297 689 2364 condemnatus
702 2294 883 2362 nonhabet
901 2297 1041 2382 aliquem
1060 2301 1169 2380 cotum

73 2409 252 2490 ponendum,
269 2410 332 2476 sed
348 2411 449 2478 debet
463 2412 504 2478 ab
520 2412 627 2496 aliquo
644 2417 721 2476 actu
736 2411 921 2493 abstinere;
942 2410 1036 2477 verbi
1050 2410 1166 2494 gratia,
1183 2403 1185 2408 ’

73 2525 187 2606 quando
202 2527 316 2610 aliquis
337 2520 578 2609 privatur'voce
597 2505 703 2594 activa
718 2533 775 2592 aut
792 2528 929 2610 passiva,
949 2527 1002 2593 uel
1022 2524 1169 2610 deolapa·

75 2643 120 2702 tur
130 2639 169 2706 ad
183 2639 314 2725 aliquod
325 2640 463 2706 officium
476 2641 626 2706 inhabilis
637 2649 693 2708 aut
709 2640 901 2724 ineligibilis.
930 2629 931 2632 '

109 2754 140 2816 4ο
154 2756 191 2820 In
203 2757 331 2821 oaeterie
349 2775 428 2822 vero
439 2757 577 2834 casibus,
592 2763 665 2838 post
683 2737 842 2839 prolatam
855 2757 1059 2835 senteutiam,
1077 2758 1168 2841 seqpi

75 2863 162 2934 debet
173 2872 327 2936 canonica
341 2872 507 2952 executi03
524 2870 599 2954 quin
612 2872 679 2940 sine
699 2871 758 2938 hac
775 2871 877 2937 inanis
892 2878 1078 2947 remaneret
1097 2889 1169 2938 sena

75 2981 176 3044 tentia,
192 2981 288 3064 Quod
306 2961 410 3066 patet,
429 2982 524 3048 uerbi
541 2983 655 3064 gratia,
676 2984 702 3046 si
723 2981 823 3068 judex
845 2982 1079 3049 ecclesiasticus
1095 3001 1166 3065 pro.

76 3096 187 3160 nuntiet
199 3097 234 3160 in
248 3087 344 3164 reum
363 3117 494 3181 poennm
513 3099 740 3180 pecuniariam,
758 3098 812 3163 vel
830 3117 958 3182 poeuam
982 3099 1171 3188 privationis

76 3203 227 3289 beneficii,
248 3212 304 3276 vel
326 3211 534 3296 depositionis
557 3214 599 3278 ab
623 3212 740 3306 officior,
764 3213 818 3278 vel
841 3211 1081 3296 degradationis
1106 3237 1113 3279 :
1136 3222 1170 3280 et

28 3409 33 3424 Ι
77 3324 188 3402 quando
205 3346 302 3391 cansa
324 3347 389 3392 non
408 3335 457 3392 est
473 3328 654 3403 criminalis,
677 3327 704 3390 si
727 3345 802 3392 eum
821 3327 1017 3398 condemnet
1040 3327 1083 3397 ad
1104 3336 1170 3397 tre.-

78 3430 203 3506 deudam
217 3442 322 3506 actori
335 3461 417 3520 rem,
431 3441 473 3508 de
491 3461 553 3526 qua
568 3442 606 3506 lis
620 3448 782 3528 motaflest.

113 3550 254 3630 Quusrto
285 3558 329 3620 2¹.
359 3591 404 3604 -
430 3561 530 3638 Aquo
554 3557 623 3634 fieri
648 3559 752 3620 debeat
775 3559 1103 3645 sectcciioesececctio?
1124 3596 1169 3608 --

82 3665 192 3732 i⁰Fieri
203 3688 269 3734 nou
280 3668 380 3739 dehet
394 3673 588 3738 auctoritate
604 3671 744 3755 privata,
755 3669 815 3738 sed
830 3672 1024 3736 auctoritate
1038 3663 1168 3766 judicis.

79 3774 119 3858 Ita
135 3782 364 3852 Iustinianeum
380 3784 449 3871 jus,
473 3784 583 3870 quoad
603 3785 663 3852 hoc
690 3786 722 3850 in
744 3786 816 3871 ioro
842 3787 938 3852 etiam
956 3787 1172 3880 ecclesiastico

79 3904 242 3984 receptum.
266 3898 361 3986 (Vide
376 3899 586 3978 Leureuium,
606 3897 716 3966 Forum
734 3904 850 3980 eccles„
864 3902 898 3968 iu
917 3901 970 3965 tit.
988 3904 1043 3979 27,
1060 3903 1136 3990 libri
1151 3907 1170 3988 2

81 3999 203 4088 decret,
223 4030 256 4097 q.
272 4011 363 4097 982.)
382 4013 474 4079 Ratio
493 3991 553 4091 est,
570 4016 645 4098 quia
658 4012 701 4079 ad
722 4013 844 4080 bonum
858 4015 1023 4080 societatis
1042 4017 1172 4108 plurimi
1228 4089 1230 4092 ,

81 4119 210 4206 interest,
219 4134 255 4194 ut
266 4131 416 4196 executio
430 4131 597 4220 pententiae
609 4130 666 4196 dat
680 4132 873 4196 auctoritate
887 4131 1029 4214 publica.
1043 4132 1075 4198 Si
1087 4134 1173 4205 euim

82 4234 198 4314 priuatis
211 4243 288 4326 ipsis
309 4244 461 4322 iacienda
479 4246 732 4332 relinqueretur,
750 4244 845 4322 facile
861 4246 1027 4330 orirentur
1040 4249 1118 4334 piqae
1137 4259 1174 4336 ,et
1239 4233 1241 4240 ’

76 4352 232 4442 tumuitus,
249 4379 310 4425 uec
325 4358 368 4425 de
383 4379 422 4426 ea
434 4361 511 4446 satis
527 4361 739 4448 inposterpm
750 4367 899 4446 constare
915 4369 1034 4450 posset.
1067 4429 1069 4438 ,
1086 4449 1092 4458 ¹
1119 4424 1122 4440 ,
1158 4443 1164 4450 ι
