2930 5114
226 285 288 348 592
574 291 763 342 moranus
785 294 829 340 aa
851 291 999 339 sannaus.

224 445 338 504 ramus,
364 426 517 488 dominum
547 424 586 485 Ν.
612 441 674 484 esse
695 424 862 484 eunomiam
889 417 1165 504 (velaminum,
1191 412 1244 478 vel
1272 430 1342 472 corr·

225 549 337 606 arictum
354 548 383 604 et
394 536 569 623 consessum)
584 541 621 602 de
635 543 770 617 erimine,
794 539 830 599 alr
846 537 924 618 qnod
944 537 1004 616 suit
1023 539 1220 614 prooessatns,
1237 545 1345 606 nempe

228 659 274 746 (et
287 657 334 723 ibi
346 656 550 723 describatur
565 649 746 737 delictum);
762 655 889 732 proinde
899 654 1040 715 incidisse
1053 657 1086 714 in
1099 667 1201 730 panas
1216 649 1299 708 latas
1313 649 1345 704 in

226 780 321 838 sacris
331 775 492 837 canonibus
512 772 578 860 (vel
593 777 626 836 in
638 776 751 834 nostris
765 773 938 832 dioecesanis
954 759 1227 846 constitutionibus)
1240 767 1347 824 contra

227 893 397 974 dnjnsmoda·
418 893 631 972 delinquentes.
657 892 737 970 Quia
761 906 828 948 acro
850 888 950 949 dictus
973 887 1029 962 N.‚
1052 885 1160 945 solitus
1180 887 1226 943 est
1249 879 1349 941 delia·

227 1026 315 1088 quere
333 1011 366 1068 in
384 1007 438 1068 ltao
458 1011 554 1086 specie
576 1007 691 1082 delicti,
716 1005 830 1082 dequo
854 1003 934 1063 alias
951 1002 1013 1080 snit
1033 999 1246 1060 condemnatus
1271 991 1349 1078 (sive

229 1117 434 1202 exprimatur
460 1118 525 1182 alia
550 1137 593 1182 ex
618 1115 732 1192 causis,
751 1112 794 1179 ob
821 1129 900 1197 quas
924 1109 1088 1175 ordinaria
1113 1125 1210 1192 poena
1237 1103 1352 1186 augeri

231 1231 375 1318 debeat),
395 1235 460 1296 ideo
479 1235 592 1297 dictam
610 1249 727 1311 poenam
739 1250 800 1293 esse
816 1231 984 1310 oupendom
1000 1229 1199 1290 declaramus.
1217 1223 1353 1285 Proinde

231 1353 458 1414 condemnamus
469 1370 535 1412 eum
546 1351 645 1414 ad...
662 1347 704 1433 (Si
717 1366 796 1411 vero
808 1345 916 1428 potius
929 1340 1103 1409 minuenda
1116 1341 1168 1419 sit,
1184 1345 1328 1422 ponatur
1343 1358 1350 1400 ε

233 1471 311 1548 (iaia
322 1487 402 1532 ocra.
411 1516 432 1531 ..
451 1467 496 1553 (et
509 1465 554 1531 ibi
565 1467 767 1550 exprimatur
778 1461 1030 1538 circumstantia,
1045 1477 1116 1544 quae
1128 1475 1233 1541 poenae
1253 1454 1354 1518 immi·

233 1581 399 1646 nationem
418 1577 570 1665 postulet)
585 1583 652 1645 idco
672 1582 895 1660 temperandum
915 1597 980 1640 cnm
995 1579 1049 1638 illo
1063 1575 1241 1654 aliqualiter
1260 1588 1353 1650 pana

233 1705 361 1781 ciperem
379 1701 578 1763 declaramus.
597 1701 730 1762 Proinde
749 1700 977 1762 condemnamus
995 1713 1059 1756 cnm
1080 1693 1164 1755 ad...
1180 1692 1231 1753 Ila
1253 1690 1308 1750 dac
1325 1694 1367 1758 ct,

234 1820 315 1878 omni
335 1816 493 1879 meliori...
518 1814 563 1900 (et
581 1814 703 1897 reliqna
724 1810 902 1896 utsupra).
923 1836 938 1870 a

674 2098 807 2164 CAPUT
828 2099 895 2162 tv.

252 2368 364 2417 FORMA
390 2365 575 2416 sauream
597 2365 769 2425 eumue,
797 2363 932 2426 QUANDO
950 2363 1161 2414 Peenameus
1181 2361 1343 2410 nativum

506 2481 718 2530 excamouls
734 2479 862 2528 CONTRA
879 2479 1084 2530 paludanum.

288 2756 360 2815 «In
375 2755 533 2815 nomino...
555 2750 603 2834 (ut
627 2763 726 2831 supra
749 2745 938 2831 capitali),
958 2751 1085 2812 dicimus
1109 2751 1270 2828 motatum
1292 2768 1356 2811 con-

242 2869 394 2932 cludenter
417 2885 569 2930 remanere
582 2885 601 2928 a
616 2866 735 2928 domino
753 2868 782 2928 N
785 2912 806 2942 .,
826 2872 989 2946 inceptare,
1012 2869 1256 2947 impedimentum
1272 2883 1357 2927 corw-

243 2990 353 3062 nicum,
374 2990 499 3065 propter
519 2983 597 3062 qnod
616 2987 733 3045 institit
748 2984 902 3044 dominum
922 2985 962 3045 Ν.
980 2983 1086 3062 repelli
1103 2984 1141 3043 ab
1156 2985 1299 3044 electione
1320 2981 1357 3041 ad

244 3101 424 3180 dipnitotem
450 3097 529 3182 (sive
552 3094 709 3178 officium;
736 3103 770 3160 et
790 3094 835 3158 ibi
853 3096 1053 3179 exprimatur
1073 3096 1128 3161 iila
1146 3095 1288 3179 dignitas
1309 3093 1357 3158 vel

245 3213 327 3278 illud
343 3212 496 3296 officium
521 3210 590 3295 vel)
604 3213 821 3294 propterquod
842 3217 959 3275 institit
973 3215 1126 3275 dominum
1150 3218 1188 3277 N.
1193 3262 1204 3292 ,
1224 3181 1357 3294 repellio

246 3329 472 3408 confirmatione
504 3334 537 3392 in
561 3332 767 3411 dipundio...
797 3327 879 3412 (sive
903 3329 936 3392 in
958 3327 1135 3413 officio...);
1159 3349 1264 3412 nempe
1284 3329 1357 3411 qaod

247 3449 346 3510 dictus
368 3448 506 3510 dominus
531 3450 585 3525 N.,
611 3452 715 3507 contra
746 3464 830 3524 quun
861 3450 1015 3526 proposito
1037 3448 1098 3524 suit
1123 3453 1274 3527 conceptio,
1305 3445 1358 3530 (et

247 3561 292 3626 ibi
315 3561 517 3644 exprimatur
537 3559 659 3624 factunm
682 3557 867 3642 probatum,
893 3579 933 3623 ex
954 3577 1020 3643 quo
1043 3561 1191 3645 sequitur
1213 3580 1277 3625 non
1305 3558 1358 3624 de·

248 3677 328 3743 bere
358 3675 430 3742 lieri
456 3677 648 3742 electionem
674 3682 730 3740 aut
752 3674 1054 3762 confirmationem);
1072 3663 1112 3741 em
1132 3699 1201 3760 quo,
1223 3683 1265 3742 ad
1292 3698 1357 3740 nor-

248 3814 327 3856 mam
353 3813 505 3856 sacrorum
532 3813 688 3871 canonum,
716 3797 854 3858 dontinus
881 3799 920 3861 N.
949 3783 1089 3860 redditur
1120 3799 1298 3879 inelipibilis
1321 3797 1358 3857 ad

249 3912 447 3971 ecelesiastica
464 3881 604 3986 beneficio
630 3908 694 3994 (vel
719 3908 761 3974 ad
787 3908 978 3992 dignitates,
999 3912 1085 3977 vela
1103 3912 1294 3995 prelaturas
1310 3929 1358 3976 ec·

251 4017 468 4104 clesiastioas).
489 4012 652 4102 Propterea
668 4023 854 4086 declaramus
870 4042 930 4086 non
942 4043 1030 4104 posse
1043 4043 1109 4086 eum
1123 4026 1198 4105 elipi
1210 4027 1251 4088 ad
1264 4027 1357 4105 dipai·

253 4144 384 4204 latent...
409 4136 453 4223 (et
472 4136 517 4201 ibi
535 4138 737 4220 exprimatur
763 4136 902 4222 dignitas
920 4124 962 4204 de
981 4159 1044 4224 qua
1070 4141 1179 4223 agitur
1201 4162 1208 4206 :
1231 4141 1284 4206 vel
1299 4157 1356 4204 non

253 4271 347 4335 posse
367 4249 552 4317 confirmari
568 4253 603 4316 in
627 4251 825 4336 dignitate...
846 4255 873 4318 si
899 4263 1014 4338 agatur
1029 4253 1071 4320 de
1087 4255 1354 4338 confirmatione);

254 4375 283 4429 et
298 4373 325 4428 si
340 4370 482 4448 elipatur,
509 4371 678 4432 electionem
695 4371 759 4448 sore
782 4375 846 4454 ipso
864 4376 936 4466 jure
957 4373 1145 4468 nullam-vet
1165 4379 1211 4438 sie
1229 4377 1356 4456 clipeatos
