<?xml version="1.0" encoding="UTF-8"?>
<!DOCTYPE html PUBLIC "-//W3C//DTD XHTML 1.0 Transitional//EN"
    "http://www.w3.org/TR/xhtml1/DTD/xhtml1-transitional.dtd">
<html xmlns="http://www.w3.org/1999/xhtml" xml:lang="en" lang="en">
 <head>
  <title>
</title>
<meta http-equiv="Content-Type" content="text/html;charset=utf-8" />
  <meta name='ocr-system' content='tesseract 3.04.00' />
  <meta name='ocr-capabilities' content='ocr_page ocr_carea ocr_par ocr_line ocrx_word'/>
</head>
<body>
  <div class='ocr_page' id='page_1' title='image "./tractatusdejudi01bouigoog_0311.png"; bbox 0 0 2836 5118; ppageno 0'>
   <div class='ocr_carea' id='block_1_1' title="bbox 217 339 986 414">
    <p class='ocr_par' dir='ltr' id='par_1_1' title="bbox 217 339 986 414">
     <span class='ocr_line' id='line_1_1' title="bbox 217 339 986 414; baseline -0.007 -11"><span class='ocrx_word' id='word_1_1' title='bbox 217 339 281 414; x_wconf 71' lang='lat'><strong>302</strong></span> <span class='ocrx_word' id='word_1_2' title='bbox 563 353 750 402; x_wconf 71' lang='lat' dir='ltr'><strong>cancarrus</strong></span> <span class='ocrx_word' id='word_1_3' title='bbox 773 355 816 402; x_wconf 84' lang='lat' dir='ltr'><strong>na</strong></span> <span class='ocrx_word' id='word_1_4' title='bbox 839 353 986 402; x_wconf 75' lang='lat' dir='ltr'><strong>annaeus.</strong></span> 
     </span>
    </p>
   </div>
   <div class='ocr_carea' id='block_1_2' title="bbox 162 477 1416 3815">
    <p class='ocr_par' dir='ltr' id='par_1_2' title="bbox 162 477 1336 1942">
     <span class='ocr_line' id='line_1_2' title="bbox 220 477 1320 566; baseline 0.003 -21"><span class='ocrx_word' id='word_1_5' title='bbox 220 495 325 554; x_wconf 78' lang='lat' dir='ltr'><strong>auem</strong></span> <span class='ocrx_word' id='word_1_6' title='bbox 334 494 438 550; x_wconf 78' lang='lat' dir='ltr'><strong>eausa</strong></span> <span class='ocrx_word' id='word_1_7' title='bbox 449 478 533 566; x_wconf 72' lang='lat' dir='ltr'><strong>(lege</strong></span> <span class='ocrx_word' id='word_1_8' title='bbox 547 482 662 544; x_wconf 76' lang='lat' dir='ltr'><strong>Endon</strong></span> <span class='ocrx_word' id='word_1_9' title='bbox 671 482 703 557; x_wconf 74' lang='lat' dir='ltr'><strong>t,</strong></span> <span class='ocrx_word' id='word_1_10' title='bbox 716 478 749 544; x_wconf 84' lang='lat' dir='ltr'><strong>ff.</strong></span> <span class='ocrx_word' id='word_1_11' title='bbox 764 477 930 560; x_wconf 52' lang='lat' dir='ltr'><strong>mamm·</strong></span> <span class='ocrx_word' id='word_1_12' title='bbox 940 480 1108 564; x_wconf 78' lang='lat' dir='ltr'><strong>-lagosi</strong></span> <span class='ocrx_word' id='word_1_13' title='bbox 1118 485 1283 562; x_wconf 63' lang='lat' dir='ltr'><strong>inopum</strong></span> <span class='ocrx_word' id='word_1_14' title='bbox 1292 485 1320 559; x_wconf 80' lang='lat'><strong>8,</strong></span> 
     </span>
     <span class='ocr_line' id='line_1_3' title="bbox 221 593 1326 680; baseline -0.001 -15"><span class='ocrx_word' id='word_1_15' title='bbox 221 595 594 680; x_wconf 72' lang='lat' dir='ltr'><strong>aff.R09ena.,·-1ege</strong></span> <span class='ocrx_word' id='word_1_16' title='bbox 609 599 708 660; x_wconf 77' lang='lat' dir='ltr'><strong>llioor</strong></span> <span class='ocrx_word' id='word_1_17' title='bbox 723 597 777 674; x_wconf 69' lang='lat'><strong>32,</strong></span> <span class='ocrx_word' id='word_1_18' title='bbox 792 595 825 660; x_wconf 72' lang='lat' dir='ltr'><strong>ff.</strong></span> <span class='ocrx_word' id='word_1_19' title='bbox 839 593 1024 680; x_wconf 68' lang='lat' dir='ltr'><strong>detricos-l·</strong></span> <span class='ocrx_word' id='word_1_20' title='bbox 1043 598 1090 662; x_wconf 80' lang='lat' dir='ltr'><strong>lle</strong></span> <span class='ocrx_word' id='word_1_21' title='bbox 1104 601 1222 673; x_wconf 81' lang='lat' dir='ltr'><strong>tamen,</strong></span> <span class='ocrx_word' id='word_1_22' title='bbox 1239 597 1268 662; x_wconf 93' lang='lat' dir='ltr'><strong>si</strong></span> <span class='ocrx_word' id='word_1_23' title='bbox 1278 615 1326 680; x_wconf 84' lang='lat' dir='ltr'><strong>po</strong></span> 
     </span>
     <span class='ocr_line' id='line_1_4' title="bbox 221 710 1327 798; baseline -0.01 -9"><span class='ocrx_word' id='word_1_24' title='bbox 221 719 321 790; x_wconf 71' lang='lat' dir='ltr'><strong>talea</strong></span> <span class='ocrx_word' id='word_1_25' title='bbox 335 711 554 798; x_wconf 71' lang='lat' dir='ltr'><strong>testudinata</strong></span> <span class='ocrx_word' id='word_1_26' title='bbox 571 721 747 796; x_wconf 75' lang='lat' dir='ltr'><strong>negaretur</strong></span> <span class='ocrx_word' id='word_1_27' title='bbox 772 710 1024 778; x_wconf 85' lang='lat' dir='ltr'><strong>condemnatum</strong></span> <span class='ocrx_word' id='word_1_28' title='bbox 1043 712 1235 778; x_wconf 81' lang='lat' dir='ltr'><strong>commisisse</strong></span> <span class='ocrx_word' id='word_1_29' title='bbox 1258 711 1327 778; x_wconf 88' lang='lat' dir='ltr'><strong>deli-</strong></span> 
     </span>
     <span class='ocr_line' id='line_1_5' title="bbox 222 824 1325 913; baseline -0.005 -16"><span class='ocrx_word' id='word_1_30' title='bbox 222 836 344 900; x_wconf 71' lang='lat' dir='ltr'><strong>notun</strong></span> <span class='ocrx_word' id='word_1_31' title='bbox 366 827 401 898; x_wconf 81' lang='lat' dir='ltr'><strong>itt</strong></span> <span class='ocrx_word' id='word_1_32' title='bbox 427 825 498 913; x_wconf 86' lang='lat' dir='ltr'><strong>ojus</strong></span> <span class='ocrx_word' id='word_1_33' title='bbox 528 827 715 910; x_wconf 79' lang='lat' dir='ltr'><strong>praesentio,</strong></span> <span class='ocrx_word' id='word_1_34' title='bbox 734 825 836 912; x_wconf 85' lang='lat' dir='ltr'><strong>judex</strong></span> <span class='ocrx_word' id='word_1_35' title='bbox 851 824 1034 910; x_wconf 81' lang='lat' dir='ltr'><strong>pericolum</strong></span> <span class='ocrx_word' id='word_1_36' title='bbox 1052 843 1156 910; x_wconf 75' lang='lat' dir='ltr'><strong>poeno</strong></span> <span class='ocrx_word' id='word_1_37' title='bbox 1177 828 1325 906; x_wconf 69' lang='lat' dir='ltr'><strong>decurrat,</strong></span> 
     </span>
     <span class='ocr_line' id='line_1_6' title="bbox 222 941 1330 1027; baseline 0.001 -21"><span class='ocrx_word' id='word_1_38' title='bbox 222 944 355 1016; x_wconf 80' lang='lat' dir='ltr'><strong>otutius</strong></span> <span class='ocrx_word' id='word_1_39' title='bbox 364 943 486 1026; x_wconf 76' lang='lat' dir='ltr'><strong>egeto,</strong></span> <span class='ocrx_word' id='word_1_40' title='bbox 501 943 599 1008; x_wconf 82' lang='lat' dir='ltr'><strong>etiam</strong></span> <span class='ocrx_word' id='word_1_41' title='bbox 612 941 674 1006; x_wconf 91' lang='lat' dir='ltr'><strong>hoc</strong></span> <span class='ocrx_word' id='word_1_42' title='bbox 686 959 774 1020; x_wconf 80' lang='lat' dir='ltr'><strong>casu,</strong></span> <span class='ocrx_word' id='word_1_43' title='bbox 788 943 923 1027; x_wconf 86' lang='lat' dir='ltr'><strong>recipiat</strong></span> <span class='ocrx_word' id='word_1_44' title='bbox 937 941 1146 1026; x_wconf 77' lang='lat' dir='ltr'><strong>probationes</strong></span> <span class='ocrx_word' id='word_1_45' title='bbox 1159 942 1285 1026; x_wconf 82' lang='lat' dir='ltr'><strong>delicti3</strong></span> <span class='ocrx_word' id='word_1_46' title='bbox 1297 949 1330 1008; x_wconf 88' lang='lat' dir='ltr'><strong>ut</strong></span> 
     </span>
     <span class='ocr_line' id='line_1_7' title="bbox 223 1058 1331 1143; baseline 0.004 -21"><span class='ocrx_word' id='word_1_47' title='bbox 223 1084 239 1122; x_wconf 80' lang='lat' dir='ltr'><strong>o</strong></span> <span class='ocrx_word' id='word_1_48' title='bbox 257 1062 303 1126; x_wconf 88' lang='lat' dir='ltr'><strong>sio</strong></span> <span class='ocrx_word' id='word_1_49' title='bbox 318 1080 360 1128; x_wconf 84' lang='lat' dir='ltr'><strong>ex</strong></span> <span class='ocrx_word' id='word_1_50' title='bbox 371 1060 451 1130; x_wconf 85' lang='lat' dir='ltr'><strong>actis</strong></span> <span class='ocrx_word' id='word_1_51' title='bbox 465 1058 606 1142; x_wconf 88' lang='lat' dir='ltr'><strong>probare</strong></span> <span class='ocrx_word' id='word_1_52' title='bbox 619 1060 719 1142; x_wconf 80' lang='lat' dir='ltr'>possit</span> <span class='ocrx_word' id='word_1_53' title='bbox 735 1060 941 1124; x_wconf 81' lang='lat' dir='ltr'><strong>commissum</strong></span> <span class='ocrx_word' id='word_1_54' title='bbox 961 1060 994 1123; x_wconf 91' lang='lat' dir='ltr'><strong>io</strong></span> <span class='ocrx_word' id='word_1_55' title='bbox 1013 1061 1251 1143; x_wconf 79' lang='lat' dir='ltr'><strong>snopraesentia</strong></span> <span class='ocrx_word' id='word_1_56' title='bbox 1268 1079 1331 1126; x_wconf 86' lang='lat' dir='ltr'><strong>asse</strong></span> 
     </span>
     <span class='ocr_line' id='line_1_8' title="bbox 224 1156 1330 1261; baseline -0.003 -18"><span class='ocrx_word' id='word_1_57' title='bbox 224 1175 423 1252; x_wconf 73' lang='lat' dir='ltr'><strong>adelictum.</strong></span> <span class='ocrx_word' id='word_1_58' title='bbox 452 1173 599 1242; x_wconf 81' lang='lat' dir='ltr'><strong>Folleros</strong></span> <span class='ocrx_word' id='word_1_59' title='bbox 622 1175 738 1261; x_wconf 81' lang='lat' dir='ltr'><strong>(Preot.</strong></span> <span class='ocrx_word' id='word_1_60' title='bbox 771 1181 873 1254; x_wconf 65' lang='lat' dir='ltr'><strong>crim„</strong></span> <span class='ocrx_word' id='word_1_61' title='bbox 894 1195 928 1240; x_wconf 91' lang='lat' dir='ltr'><strong>n.</strong></span> <span class='ocrx_word' id='word_1_62' title='bbox 953 1156 1006 1258; x_wconf 66' lang='grc' dir='ltr'><strong>Ἦ)</strong></span> <span class='ocrx_word' id='word_1_63' title='bbox 1027 1175 1142 1241; x_wconf 77' lang='lat' dir='ltr'><strong>suadet</strong></span> <span class='ocrx_word' id='word_1_64' title='bbox 1169 1182 1207 1240; x_wconf 90' lang='lat' dir='ltr'><strong>ut</strong></span> <span class='ocrx_word' id='word_1_65' title='bbox 1223 1173 1330 1260; x_wconf 83' lang='lat' dir='ltr'><strong>judex,</strong></span> 
     </span>
     <span class='ocr_line' id='line_1_9' title="bbox 226 1290 1330 1376; baseline -0.001 -20"><span class='ocrx_word' id='word_1_66' title='bbox 226 1320 241 1356; x_wconf 75' lang='lat' dir='ltr'><strong>a</strong></span> <span class='ocrx_word' id='word_1_67' title='bbox 258 1294 426 1362; x_wconf 77' lang='lat' dir='ltr'><strong>commisso</strong></span> <span class='ocrx_word' id='word_1_68' title='bbox 445 1292 573 1369; x_wconf 85' lang='lat' dir='ltr'><strong>delicto,</strong></span> <span class='ocrx_word' id='word_1_69' title='bbox 590 1309 684 1357; x_wconf 89' lang='lat' dir='ltr'><strong>reum</strong></span> <span class='ocrx_word' id='word_1_70' title='bbox 697 1291 910 1356; x_wconf 83' lang='lat' dir='ltr'><strong>incontinenti</strong></span> <span class='ocrx_word' id='word_1_71' title='bbox 925 1291 1108 1357; x_wconf 82' lang='lat' dir='ltr'><strong>examinet:</strong></span> <span class='ocrx_word' id='word_1_72' title='bbox 1125 1299 1160 1356; x_wconf 89' lang='lat' dir='ltr'><strong>et</strong></span> <span class='ocrx_word' id='word_1_73' title='bbox 1178 1290 1330 1376; x_wconf 83' lang='lat' dir='ltr'><strong>siquidem</strong></span> 
     </span>
     <span class='ocr_line' id='line_1_10' title="bbox 224 1407 1333 1492; baseline -0.003 -18"><span class='ocrx_word' id='word_1_74' title='bbox 224 1435 242 1474; x_wconf 75' lang='lat' dir='ltr'><strong>a</strong></span> <span class='ocrx_word' id='word_1_75' title='bbox 259 1412 416 1481; x_wconf 88' lang='lat' dir='ltr'><strong>delictum</strong></span> <span class='ocrx_word' id='word_1_76' title='bbox 430 1409 635 1487; x_wconf 84' lang='lat' dir='ltr'><strong>confitertur,</strong></span> <span class='ocrx_word' id='word_1_77' title='bbox 652 1407 832 1473; x_wconf 80' lang='lat' dir='ltr'><strong>decernere</strong></span> <span class='ocrx_word' id='word_1_78' title='bbox 854 1407 923 1475; x_wconf 84' lang='lat' dir='ltr'><strong>sine</strong></span> <span class='ocrx_word' id='word_1_79' title='bbox 939 1409 1001 1474; x_wconf 88' lang='lat' dir='ltr'><strong>alia</strong></span> <span class='ocrx_word' id='word_1_80' title='bbox 1020 1409 1214 1492; x_wconf 72' lang='lat' dir='ltr'><strong>probatione</strong></span> <span class='ocrx_word' id='word_1_81' title='bbox 1227 1409 1281 1474; x_wconf 88' lang='lat' dir='ltr'><strong>vel</strong></span> <span class='ocrx_word' id='word_1_82' title='bbox 1291 1426 1333 1474; x_wconf 85' lang='lat' dir='ltr'><strong>so</strong></span> 
     </span>
     <span class='ocr_line' id='line_1_11' title="bbox 162 1523 1333 1619; baseline -0.004 -26"><span class='ocrx_word' id='word_1_83' title='bbox 162 1613 165 1619; x_wconf 15' lang='grc' dir='ltr'><em>Ι</em></span> <span class='ocrx_word' id='word_1_84' title='bbox 224 1529 422 1597; x_wconf 84' lang='lat' dir='ltr'><strong>aleunitate</strong></span> <span class='ocrx_word' id='word_1_85' title='bbox 446 1543 576 1610; x_wconf 82' lang='lat' dir='ltr'><strong>poenam</strong></span> <span class='ocrx_word' id='word_1_86' title='bbox 595 1525 703 1591; x_wconf 87' lang='lat' dir='ltr'><strong>eidem</strong></span> <span class='ocrx_word' id='word_1_87' title='bbox 726 1525 859 1608; x_wconf 90' lang='lat' dir='ltr'><strong>poterit.</strong></span> <span class='ocrx_word' id='word_1_88' title='bbox 881 1523 917 1588; x_wconf 88' lang='lat' dir='ltr'><strong>Si</strong></span> <span class='ocrx_word' id='word_1_89' title='bbox 939 1543 1016 1591; x_wconf 87' lang='lat' dir='ltr'><strong>vero</strong></span> <span class='ocrx_word' id='word_1_90' title='bbox 1041 1530 1152 1608; x_wconf 79' lang='lat' dir='ltr'><strong>neget,</strong></span> <span class='ocrx_word' id='word_1_91' title='bbox 1175 1543 1333 1608; x_wconf 88' lang='lat' dir='ltr'><strong>supereo</strong></span> 
     </span>
     <span class='ocr_line' id='line_1_12' title="bbox 225 1631 1334 1728; baseline -0.006 -16"><span class='ocrx_word' id='word_1_92' title='bbox 225 1669 239 1712; x_wconf 81' lang='lat' dir='ltr'><strong>c</strong></span> <span class='ocrx_word' id='word_1_93' title='bbox 255 1644 392 1726; x_wconf 76' lang='lat' dir='ltr'><strong>recipiet</strong></span> <span class='ocrx_word' id='word_1_94' title='bbox 406 1650 508 1708; x_wconf 85' lang='lat' dir='ltr'><strong>testes</strong></span> <span class='ocrx_word' id='word_1_95' title='bbox 526 1664 533 1706; x_wconf 94' lang='lat'><strong>:</strong></span> <span class='ocrx_word' id='word_1_96' title='bbox 552 1648 587 1708; x_wconf 86' lang='lat' dir='ltr'><strong>et</strong></span> <span class='ocrx_word' id='word_1_97' title='bbox 597 1631 798 1726; x_wconf 86' lang='lat' dir='ltr'><strong>siquidemin</strong></span> <span class='ocrx_word' id='word_1_98' title='bbox 809 1641 868 1706; x_wconf 85' lang='lat' dir='ltr'><strong>Rei</strong></span> <span class='ocrx_word' id='word_1_99' title='bbox 881 1641 929 1727; x_wconf 86' lang='lat' dir='ltr'><strong>(ut</strong></span> <span class='ocrx_word' id='word_1_100' title='bbox 937 1639 1129 1728; x_wconf 88' lang='lat' dir='ltr'><strong>loquuntur)</strong></span> <span class='ocrx_word' id='word_1_101' title='bbox 1144 1641 1334 1706; x_wconf 74' lang='lat' dir='ltr'><strong>contonat</strong></span> 
     </span>
     <span class='ocr_line' id='line_1_13' title="bbox 224 1755 1336 1841; baseline -0.002 -18"><span class='ocrx_word' id='word_1_102' title='bbox 224 1783 240 1823; x_wconf 81' lang='lat' dir='ltr'><strong>a</strong></span> <span class='ocrx_word' id='word_1_103' title='bbox 257 1760 351 1838; x_wconf 78' lang='lat' dir='ltr'><strong>facie,</strong></span> <span class='ocrx_word' id='word_1_104' title='bbox 367 1757 524 1824; x_wconf 85' lang='lat' dir='ltr'><strong>adversus</strong></span> <span class='ocrx_word' id='word_1_105' title='bbox 535 1757 641 1841; x_wconf 87' lang='lat' dir='ltr'><strong>ipsum</strong></span> <span class='ocrx_word' id='word_1_106' title='bbox 652 1755 875 1840; x_wconf 83' lang='lat' dir='ltr'><strong>deposuerint,</strong></span> <span class='ocrx_word' id='word_1_107' title='bbox 893 1755 936 1820; x_wconf 87' lang='lat' dir='ltr'><strong>od</strong></span> <span class='ocrx_word' id='word_1_108' title='bbox 949 1757 1149 1840; x_wconf 87' lang='lat' dir='ltr'><strong>punitionem</strong></span> <span class='ocrx_word' id='word_1_109' title='bbox 1168 1758 1254 1822; x_wconf 85' lang='lat' dir='ltr'><strong>illius</strong></span> <span class='ocrx_word' id='word_1_110' title='bbox 1271 1775 1336 1840; x_wconf 88' lang='lat' dir='ltr'><strong>pro</strong></span> 
     </span>
     <span class='ocr_line' id='line_1_14' title="bbox 225 1875 368 1942; baseline 0.014 -6"><span class='ocrx_word' id='word_1_111' title='bbox 225 1900 240 1936; x_wconf 85' lang='lat' dir='ltr'><strong>u</strong></span> <span class='ocrx_word' id='word_1_112' title='bbox 259 1875 368 1942; x_wconf 70' lang='lat' dir='ltr'><strong>cedei.</strong></span> 
     </span>
    </p>

    <p class='ocr_par' dir='ltr' id='par_1_3' title="bbox 227 1987 1416 3815">
     <span class='ocr_line' id='line_1_15' title="bbox 270 1987 1338 2073; baseline 0.002 -21"><span class='ocrx_word' id='word_1_113' title='bbox 270 2013 286 2052; x_wconf 78' lang='lat' dir='ltr'><strong>o</strong></span> <span class='ocrx_word' id='word_1_114' title='bbox 304 1989 335 2056; x_wconf 79' lang='lat' dir='ltr'><strong>Si</strong></span> <span class='ocrx_word' id='word_1_115' title='bbox 350 1992 520 2068; x_wconf 66' lang='lat' dir='ltr'><strong>ecardum</strong></span> <span class='ocrx_word' id='word_1_116' title='bbox 540 1987 637 2065; x_wconf 87' lang='lat' dir='ltr'><strong>idest,</strong></span> <span class='ocrx_word' id='word_1_117' title='bbox 652 1989 681 2052; x_wconf 93' lang='lat' dir='ltr'><strong>si</strong></span> <span class='ocrx_word' id='word_1_118' title='bbox 692 2007 768 2054; x_wconf 87' lang='lat' dir='ltr'><strong>reus</strong></span> <span class='ocrx_word' id='word_1_119' title='bbox 782 1989 816 2052; x_wconf 92' lang='lat' dir='ltr'><strong>in</strong></span> <span class='ocrx_word' id='word_1_120' title='bbox 833 1989 981 2072; x_wconf 79' lang='lat' dir='ltr'><strong>flagranti</strong></span> <span class='ocrx_word' id='word_1_121' title='bbox 995 1987 1221 2072; x_wconf 79' lang='lat' dir='ltr'><strong>deprehensus</strong></span> <span class='ocrx_word' id='word_1_122' title='bbox 1234 1996 1269 2054; x_wconf 88' lang='lat' dir='ltr'><strong>et</strong></span> <span class='ocrx_word' id='word_1_123' title='bbox 1287 2007 1338 2073; x_wconf 90' lang='lat' dir='ltr'><strong>op·</strong></span> 
     </span>
     <span class='ocr_line' id='line_1_16' title="bbox 228 2103 1338 2189; baseline 0.001 -20"><span class='ocrx_word' id='word_1_124' title='bbox 228 2105 452 2189; x_wconf 68' lang='lat' dir='ltr'><strong>«prehensus,</strong></span> <span class='ocrx_word' id='word_1_125' title='bbox 472 2103 614 2180; x_wconf 80' lang='lat' dir='ltr'><strong>ducetur</strong></span> <span class='ocrx_word' id='word_1_126' title='bbox 632 2103 675 2169; x_wconf 86' lang='lat' dir='ltr'><strong>od</strong></span> <span class='ocrx_word' id='word_1_127' title='bbox 691 2103 847 2188; x_wconf 80' lang='lat' dir='ltr'><strong>judicem,</strong></span> <span class='ocrx_word' id='word_1_128' title='bbox 865 2105 1021 2188; x_wconf 83' lang='lat' dir='ltr'><strong>imprimis</strong></span> <span class='ocrx_word' id='word_1_129' title='bbox 1037 2125 1055 2170; x_wconf 92' lang='lat' dir='ltr'><strong>a</strong></span> <span class='ocrx_word' id='word_1_130' title='bbox 1071 2107 1199 2171; x_wconf 87' lang='lat' dir='ltr'><strong>notario</strong></span> <span class='ocrx_word' id='word_1_131' title='bbox 1214 2107 1248 2170; x_wconf 90' lang='lat' dir='ltr'><strong>in</strong></span> <span class='ocrx_word' id='word_1_132' title='bbox 1265 2106 1338 2170; x_wconf 87' lang='lat' dir='ltr'><strong>actis</strong></span> 
     </span>
     <span class='ocr_line' id='line_1_17' title="bbox 228 2219 1338 2307; baseline 0.003 -26"><span class='ocrx_word' id='word_1_133' title='bbox 228 2219 464 2304; x_wconf 73' lang='lat' dir='ltr'><strong>«judicialibus</strong></span> <span class='ocrx_word' id='word_1_134' title='bbox 485 2219 702 2287; x_wconf 85' lang='lat' dir='ltr'><strong>describendo</strong></span> <span class='ocrx_word' id='word_1_135' title='bbox 727 2229 776 2286; x_wconf 89' lang='lat' dir='ltr'><strong>est</strong></span> <span class='ocrx_word' id='word_1_136' title='bbox 800 2221 915 2296; x_wconf 87' lang='lat' dir='ltr'><strong>relatio</strong></span> <span class='ocrx_word' id='word_1_137' title='bbox 934 2241 1047 2288; x_wconf 88' lang='lat' dir='ltr'><strong>eorum</strong></span> <span class='ocrx_word' id='word_1_138' title='bbox 1062 2223 1118 2306; x_wconf 91' lang='lat' dir='ltr'><strong>qui</strong></span> <span class='ocrx_word' id='word_1_139' title='bbox 1131 2241 1226 2287; x_wconf 87' lang='lat' dir='ltr'><strong>reum</strong></span> <span class='ocrx_word' id='word_1_140' title='bbox 1240 2219 1338 2307; x_wconf 79' lang='lat' dir='ltr'><strong>judici</strong></span> 
     </span>
     <span class='ocr_line' id='line_1_18' title="bbox 227 2325 1335 2421; baseline 0 -21"><span class='ocrx_word' id='word_1_141' title='bbox 227 2325 437 2414; x_wconf 67' lang='lat' dir='ltr'><strong>«astantes</strong></span> <span class='ocrx_word' id='word_1_142' title='bbox 454 2335 635 2420; x_wconf 83' lang='lat' dir='ltr'><strong>recipiendi</strong></span> <span class='ocrx_word' id='word_1_143' title='bbox 649 2342 750 2401; x_wconf 85' lang='lat' dir='ltr'><strong>testes</strong></span> <span class='ocrx_word' id='word_1_144' title='bbox 762 2355 863 2421; x_wconf 90' lang='lat' dir='ltr'><strong>super</strong></span> <span class='ocrx_word' id='word_1_145' title='bbox 884 2336 1004 2403; x_wconf 89' lang='lat' dir='ltr'><strong>delicto</strong></span> <span class='ocrx_word' id='word_1_146' title='bbox 1025 2343 1059 2402; x_wconf 89' lang='lat' dir='ltr'><strong>et</strong></span> <span class='ocrx_word' id='word_1_147' title='bbox 1080 2336 1335 2420; x_wconf 89' lang='lat' dir='ltr'><strong>deprehensione</strong></span> 
     </span>
     <span class='ocr_line' id='line_1_19' title="bbox 228 2450 1335 2536; baseline -0.007 -12"><span class='ocrx_word' id='word_1_148' title='bbox 228 2452 459 2535; x_wconf 29' lang='lat' dir='ltr'><strong>stiotagranu.</strong></span> <span class='ocrx_word' id='word_1_149' title='bbox 475 2451 602 2517; x_wconf 86' lang='lat' dir='ltr'><strong>Deinde</strong></span> <span class='ocrx_word' id='word_1_150' title='bbox 619 2450 851 2518; x_wconf 82' lang='lat' dir='ltr'><strong>examinandas</strong></span> <span class='ocrx_word' id='word_1_151' title='bbox 864 2453 933 2536; x_wconf 89' lang='lat' dir='ltr'><strong>ipse</strong></span> <span class='ocrx_word' id='word_1_152' title='bbox 949 2473 1025 2518; x_wconf 89' lang='lat' dir='ltr'><strong>reus</strong></span> <span class='ocrx_word' id='word_1_153' title='bbox 1042 2475 1052 2518; x_wconf 75' lang='lat'><strong>:¹</strong></span> <span class='ocrx_word' id='word_1_154' title='bbox 1064 2452 1122 2518; x_wconf 87' lang='lat' dir='ltr'><strong>ubi</strong></span> <span class='ocrx_word' id='word_1_155' title='bbox 1133 2454 1284 2530; x_wconf 84' lang='lat' dir='ltr'><strong>interest,</strong></span> <span class='ocrx_word' id='word_1_156' title='bbox 1299 2473 1335 2516; x_wconf 88' lang='lat' dir='ltr'><strong>an</strong></span> 
     </span>
     <span class='ocr_line' id='line_1_20' title="bbox 228 2567 1336 2652; baseline 0.001 -21"><span class='ocrx_word' id='word_1_157' title='bbox 228 2593 244 2631; x_wconf 80' lang='lat' dir='ltr'><strong>a</strong></span> <span class='ocrx_word' id='word_1_158' title='bbox 261 2570 462 2636; x_wconf 88' lang='lat' dir='ltr'><strong>examinatus</strong></span> <span class='ocrx_word' id='word_1_159' title='bbox 482 2568 627 2633; x_wconf 84' lang='lat' dir='ltr'><strong>fatentur</strong></span> <span class='ocrx_word' id='word_1_160' title='bbox 648 2567 807 2634; x_wconf 84' lang='lat' dir='ltr'><strong>delictum</strong></span> <span class='ocrx_word' id='word_1_161' title='bbox 830 2567 1022 2652; x_wconf 84' lang='lat' dir='ltr'><strong>simpliciter</strong></span> <span class='ocrx_word' id='word_1_162' title='bbox 1037 2589 1043 2633; x_wconf 94' lang='lat'>:</span> <span class='ocrx_word' id='word_1_163' title='bbox 1058 2587 1099 2633; x_wconf 92' lang='lat' dir='ltr'><strong>an</strong></span> <span class='ocrx_word' id='word_1_164' title='bbox 1116 2587 1191 2634; x_wconf 86' lang='lat' dir='ltr'><strong>cum</strong></span> <span class='ocrx_word' id='word_1_165' title='bbox 1207 2587 1336 2636; x_wconf 80' lang='lat' dir='ltr'><strong>excuso·</strong></span> 
     </span>
     <span class='ocr_line' id='line_1_21' title="bbox 229 2683 1336 2770; baseline 0.001 -22"><span class='ocrx_word' id='word_1_166' title='bbox 229 2710 244 2748; x_wconf 75' lang='lat' dir='ltr'><strong>a</strong></span> <span class='ocrx_word' id='word_1_167' title='bbox 261 2686 350 2756; x_wconf 86' lang='lat' dir='ltr'><strong>tione</strong></span> <span class='ocrx_word' id='word_1_168' title='bbox 359 2704 433 2770; x_wconf 80' lang='lat' dir='ltr'><strong>quar</strong></span> <span class='ocrx_word' id='word_1_169' title='bbox 447 2703 577 2768; x_wconf 76' lang='lat' dir='ltr'><strong>penem</strong></span> <span class='ocrx_word' id='word_1_170' title='bbox 586 2683 740 2750; x_wconf 85' lang='lat' dir='ltr'><strong>excludat</strong></span> <span class='ocrx_word' id='word_1_171' title='bbox 755 2687 809 2752; x_wconf 85' lang='lat' dir='ltr'><strong>vel</strong></span> <span class='ocrx_word' id='word_1_172' title='bbox 822 2685 996 2769; x_wconf 85' lang='lat' dir='ltr'><strong>diminuat;</strong></span> <span class='ocrx_word' id='word_1_173' title='bbox 1014 2685 1107 2751; x_wconf 80' lang='lat' dir='ltr'><strong>verbi</strong></span> <span class='ocrx_word' id='word_1_174' title='bbox 1122 2687 1237 2770; x_wconf 86' lang='lat' dir='ltr'><strong>gratia,</strong></span> <span class='ocrx_word' id='word_1_175' title='bbox 1251 2683 1336 2770; x_wconf 85' lang='lat' dir='ltr'><strong>quod</strong></span> 
     </span>
     <span class='ocr_line' id='line_1_22' title="bbox 228 2801 1337 2888; baseline -0.005 -16"><span class='ocrx_word' id='word_1_176' title='bbox 228 2825 243 2872; x_wconf 81' lang='lat' dir='ltr'><strong>a</strong></span> <span class='ocrx_word' id='word_1_177' title='bbox 259 2801 419 2870; x_wconf 84' lang='lat' dir='ltr'><strong>occiderit</strong></span> <span class='ocrx_word' id='word_1_178' title='bbox 431 2801 525 2886; x_wconf 65' lang='lat' dir='ltr'><strong>inste</strong></span> <span class='ocrx_word' id='word_1_179' title='bbox 541 2801 738 2868; x_wconf 84' lang='lat' dir='ltr'><strong>defensionis</strong></span> <span class='ocrx_word' id='word_1_180' title='bbox 753 2805 868 2885; x_wconf 19' lang='lat' dir='ltr'><strong>*gratia</strong></span> <span class='ocrx_word' id='word_1_181' title='bbox 893 2803 981 2888; x_wconf 85' lang='lat' dir='ltr'><strong>quod</strong></span> <span class='ocrx_word' id='word_1_182' title='bbox 994 2806 1158 2888; x_wconf 86' lang='lat' dir='ltr'><strong>acceperit</strong></span> <span class='ocrx_word' id='word_1_183' title='bbox 1171 2821 1243 2868; x_wconf 88' lang='lat' dir='ltr'><strong>rem</strong></span> <span class='ocrx_word' id='word_1_184' title='bbox 1261 2803 1337 2867; x_wconf 87' lang='lat' dir='ltr'><strong>alte·</strong></span> 
     </span>
     <span class='ocr_line' id='line_1_23' title="bbox 229 2917 1337 3002; baseline 0.004 -24"><span class='ocrx_word' id='word_1_185' title='bbox 229 2920 328 2984; x_wconf 81' lang='lat' dir='ltr'><strong>«rius</strong></span> <span class='ocrx_word' id='word_1_186' title='bbox 342 2919 373 2981; x_wconf 91' lang='lat' dir='ltr'><strong>in</strong></span> <span class='ocrx_word' id='word_1_187' title='bbox 389 2920 684 3002; x_wconf 87' lang='lat' dir='ltr'><strong>compensationem</strong></span> <span class='ocrx_word' id='word_1_188' title='bbox 701 2918 828 2996; x_wconf 86' lang='lat' dir='ltr'><strong>crediti,</strong></span> <span class='ocrx_word' id='word_1_189' title='bbox 849 2925 929 3002; x_wconf 90' lang='lat' dir='ltr'><strong>etc.;</strong></span> <span class='ocrx_word' id='word_1_190' title='bbox 948 2939 988 2984; x_wconf 87' lang='lat' dir='ltr'><strong>an</strong></span> <span class='ocrx_word' id='word_1_191' title='bbox 1005 2938 1086 2985; x_wconf 78' lang='lat' dir='ltr'><strong>vero</strong></span> <span class='ocrx_word' id='word_1_192' title='bbox 1100 2917 1259 2984; x_wconf 85' lang='lat' dir='ltr'><strong>delictum</strong></span> <span class='ocrx_word' id='word_1_193' title='bbox 1273 2937 1337 2984; x_wconf 90' lang='lat' dir='ltr'><strong>om·</strong></span> 
     </span>
     <span class='ocr_line' id='line_1_24' title="bbox 229 3032 1416 3119; baseline 0.003 -26"><span class='ocrx_word' id='word_1_194' title='bbox 229 3055 245 3093; x_wconf 82' lang='lat' dir='ltr'><strong>o</strong></span> <span class='ocrx_word' id='word_1_195' title='bbox 263 3034 339 3099; x_wconf 91' lang='lat' dir='ltr'><strong>nino</strong></span> <span class='ocrx_word' id='word_1_196' title='bbox 353 3040 460 3116; x_wconf 85' lang='lat' dir='ltr'><strong>neget.</strong></span> <span class='ocrx_word' id='word_1_197' title='bbox 478 3032 511 3097; x_wconf 88' lang='lat' dir='ltr'><strong>Si</strong></span> <span class='ocrx_word' id='word_1_198' title='bbox 520 3039 663 3114; x_wconf 65' lang='lat' dir='ltr'><strong>pomum,</strong></span> <span class='ocrx_word' id='word_1_199' title='bbox 678 3050 774 3115; x_wconf 84' lang='lat' dir='ltr'><strong>poena</strong></span> <span class='ocrx_word' id='word_1_200' title='bbox 785 3033 846 3115; x_wconf 90' lang='lat' dir='ltr'><strong>ipsi</strong></span> <span class='ocrx_word' id='word_1_201' title='bbox 856 3033 1037 3100; x_wconf 89' lang='lat' dir='ltr'><strong>secundum</strong></span> <span class='ocrx_word' id='word_1_202' title='bbox 1052 3034 1131 3100; x_wconf 84' lang='lat' dir='ltr'><strong>facti</strong></span> <span class='ocrx_word' id='word_1_203' title='bbox 1146 3043 1180 3100; x_wconf 88' lang='lat' dir='ltr'><strong>et</strong></span> <span class='ocrx_word' id='word_1_204' title='bbox 1194 3051 1336 3119; x_wconf 84' lang='lat' dir='ltr'><strong>personae</strong></span> <span class='ocrx_word' id='word_1_205' title='bbox 1415 3039 1416 3042; x_wconf 76' lang='grc'>’</span> 
     </span>
     <span class='ocr_line' id='line_1_25' title="bbox 229 3147 1338 3234; baseline 0.003 -25"><span class='ocrx_word' id='word_1_206' title='bbox 229 3149 451 3234; x_wconf 86' lang='lat' dir='ltr'><strong>«qualitatem</strong></span> <span class='ocrx_word' id='word_1_207' title='bbox 471 3156 521 3214; x_wconf 89' lang='lat' dir='ltr'><strong>est</strong></span> <span class='ocrx_word' id='word_1_208' title='bbox 546 3147 766 3214; x_wconf 86' lang='lat' dir='ltr'><strong>decernendo.</strong></span> <span class='ocrx_word' id='word_1_209' title='bbox 790 3147 823 3212; x_wconf 84' lang='lat' dir='ltr'><strong>Si</strong></span> <span class='ocrx_word' id='word_1_210' title='bbox 846 3153 1017 3228; x_wconf 66' lang='lat' dir='ltr'><strong>senodum,</strong></span> <span class='ocrx_word' id='word_1_211' title='bbox 1037 3151 1068 3215; x_wconf 89' lang='lat' dir='ltr'><strong>ei</strong></span> <span class='ocrx_word' id='word_1_212' title='bbox 1079 3150 1274 3216; x_wconf 86' lang='lat' dir='ltr'><strong>statuendus</strong></span> <span class='ocrx_word' id='word_1_213' title='bbox 1292 3157 1338 3214; x_wconf 85' lang='lat' dir='ltr'><strong>cst</strong></span> 
     </span>
     <span class='ocr_line' id='line_1_26' title="bbox 231 3262 1335 3350; baseline 0.005 -24"><span class='ocrx_word' id='word_1_214' title='bbox 231 3265 421 3330; x_wconf 78' lang='lat' dir='ltr'><strong>«terminus</strong></span> <span class='ocrx_word' id='word_1_215' title='bbox 437 3262 480 3328; x_wconf 93' lang='lat' dir='ltr'><strong>ad</strong></span> <span class='ocrx_word' id='word_1_216' title='bbox 494 3263 695 3348; x_wconf 85' lang='lat' dir='ltr'><strong>allegationis</strong></span> <span class='ocrx_word' id='word_1_217' title='bbox 710 3283 768 3328; x_wconf 91' lang='lat' dir='ltr'><strong>seu</strong></span> <span class='ocrx_word' id='word_1_218' title='bbox 788 3267 987 3348; x_wconf 80' lang='lat' dir='ltr'><strong>exceptionis</strong></span> <span class='ocrx_word' id='word_1_219' title='bbox 1007 3285 1072 3332; x_wconf 83' lang='lat' dir='ltr'><strong>suae</strong></span> <span class='ocrx_word' id='word_1_220' title='bbox 1095 3266 1335 3350; x_wconf 64' lang='lat' dir='ltr'><strong>probationem</strong></span> 
     </span>
     <span class='ocr_line' id='line_1_27' title="bbox 231 3379 1338 3467; baseline 0.002 -23"><span class='ocrx_word' id='word_1_221' title='bbox 231 3401 322 3451; x_wconf 76' lang='lat' dir='ltr'><strong>«ceo</strong></span> <span class='ocrx_word' id='word_1_222' title='bbox 337 3390 432 3458; x_wconf 80' lang='lat' dir='ltr'><strong>antea</strong></span> <span class='ocrx_word' id='word_1_223' title='bbox 451 3379 717 3456; x_wconf 78' lang='lat' dir='ltr'><strong>condemnandus</strong></span> <span class='ocrx_word' id='word_1_224' title='bbox 725 3399 813 3457; x_wconf 83' lang='lat' dir='ltr'><strong>reos,</strong></span> <span class='ocrx_word' id='word_1_225' title='bbox 830 3399 927 3465; x_wconf 89' lang='lat' dir='ltr'><strong>quam</strong></span> <span class='ocrx_word' id='word_1_226' title='bbox 943 3401 984 3446; x_wconf 81' lang='lat' dir='ltr'><strong>ex</strong></span> <span class='ocrx_word' id='word_1_227' title='bbox 999 3381 1145 3466; x_wconf 87' lang='lat' dir='ltr'><strong>allegatis</strong></span> <span class='ocrx_word' id='word_1_228' title='bbox 1154 3389 1190 3446; x_wconf 86' lang='lat' dir='ltr'><strong>et</strong></span> <span class='ocrx_word' id='word_1_229' title='bbox 1197 3383 1338 3467; x_wconf 86' lang='lat' dir='ltr'><strong>probatis</strong></span> 
     </span>
     <span class='ocr_line' id='line_1_28' title="bbox 233 3493 1334 3582; baseline 0.001 -22"><span class='ocrx_word' id='word_1_230' title='bbox 233 3524 246 3554; x_wconf 77' lang='lat' dir='ltr'><strong>a</strong></span> <span class='ocrx_word' id='word_1_231' title='bbox 265 3503 403 3576; x_wconf 85' lang='lat' dir='ltr'><strong>constet,</strong></span> <span class='ocrx_word' id='word_1_232' title='bbox 422 3493 510 3581; x_wconf 91' lang='lat' dir='ltr'><strong>quod</strong></span> <span class='ocrx_word' id='word_1_233' title='bbox 525 3494 594 3578; x_wconf 88' lang='lat' dir='ltr'><strong>ipse</strong></span> <span class='ocrx_word' id='word_1_234' title='bbox 612 3495 692 3559; x_wconf 89' lang='lat' dir='ltr'><strong>nihil</strong></span> <span class='ocrx_word' id='word_1_235' title='bbox 712 3495 866 3562; x_wconf 84' lang='lat' dir='ltr'><strong>relevans</strong></span> <span class='ocrx_word' id='word_1_236' title='bbox 882 3497 1006 3576; x_wconf 80' lang='lat' dir='ltr'><strong>afferat,</strong></span> <span class='ocrx_word' id='word_1_237' title='bbox 1029 3499 1083 3563; x_wconf 84' lang='lat' dir='ltr'><strong>vel</strong></span> <span class='ocrx_word' id='word_1_238' title='bbox 1097 3497 1214 3564; x_wconf 85' lang='lat' dir='ltr'><strong>afferre</strong></span> <span class='ocrx_word' id='word_1_239' title='bbox 1226 3499 1334 3582; x_wconf 87' lang='lat' dir='ltr'><strong>possit.</strong></span> 
     </span>
     <span class='ocr_line' id='line_1_29' title="bbox 232 3609 1338 3700; baseline 0.002 -25"><span class='ocrx_word' id='word_1_240' title='bbox 232 3637 248 3675; x_wconf 77' lang='lat' dir='ltr'><strong>a</strong></span> <span class='ocrx_word' id='word_1_241' title='bbox 265 3612 297 3675; x_wconf 91' lang='lat' dir='ltr'><strong>Si</strong></span> <span class='ocrx_word' id='word_1_242' title='bbox 311 3617 444 3687; x_wconf 79' lang='lat' dir='ltr'><strong>tertium,</strong></span> <span class='ocrx_word' id='word_1_243' title='bbox 463 3609 637 3693; x_wconf 87' lang='lat' dir='ltr'><strong>repetendi</strong></span> <span class='ocrx_word' id='word_1_244' title='bbox 655 3617 845 3678; x_wconf 76' lang='lat' dir='ltr'><strong>contrectes</strong></span> <span class='ocrx_word' id='word_1_245' title='bbox 859 3631 958 3696; x_wconf 89' lang='lat' dir='ltr'><strong>super</strong></span> <span class='ocrx_word' id='word_1_246' title='bbox 973 3613 1095 3679; x_wconf 87' lang='lat' dir='ltr'><strong>delicto</strong></span> <span class='ocrx_word' id='word_1_247' title='bbox 1111 3622 1144 3680; x_wconf 92' lang='lat' dir='ltr'><strong>et</strong></span> <span class='ocrx_word' id='word_1_248' title='bbox 1158 3613 1338 3700; x_wconf 87' lang='lat' dir='ltr'><strong>deprehen·</strong></span> 
     </span>
     <span class='ocr_line' id='line_1_30' title="bbox 233 3726 1340 3815; baseline 0 -23"><span class='ocrx_word' id='word_1_249' title='bbox 233 3753 249 3792; x_wconf 78' lang='lat' dir='ltr'><strong>a</strong></span> <span class='ocrx_word' id='word_1_250' title='bbox 266 3730 354 3804; x_wconf 81' lang='lat' dir='ltr'><strong>sione</strong></span> <span class='ocrx_word' id='word_1_251' title='bbox 369 3727 563 3811; x_wconf 80' lang='lat' dir='ltr'><strong>inflsgrooti</strong></span> <span class='ocrx_word' id='word_1_252' title='bbox 578 3726 646 3812; x_wconf 87' lang='lat' dir='ltr'><strong>jam</strong></span> <span class='ocrx_word' id='word_1_253' title='bbox 664 3730 791 3811; x_wconf 81' lang='lat' dir='ltr'><strong>recepti</strong></span> <span class='ocrx_word' id='word_1_254' title='bbox 809 3751 817 3795; x_wconf 93' lang='lat'><strong>:</strong></span> <span class='ocrx_word' id='word_1_255' title='bbox 834 3747 971 3815; x_wconf 63' lang='lat' dir='ltr'><strong>morum</strong></span> <span class='ocrx_word' id='word_1_256' title='bbox 989 3731 1181 3796; x_wconf 83' lang='lat' dir='ltr'><strong>testimoniis</strong></span> <span class='ocrx_word' id='word_1_257' title='bbox 1195 3732 1223 3794; x_wconf 89' lang='lat' dir='ltr'><strong>si</strong></span> <span class='ocrx_word' id='word_1_258' title='bbox 1237 3730 1340 3796; x_wconf 85' lang='lat' dir='ltr'><strong>convi-</strong></span> 
     </span>
    </p>
   </div>
   <div class='ocr_carea' id='block_1_3' title="bbox 202 3837 1340 4044">
    <p class='ocr_par' dir='ltr' id='par_1_4' title="bbox 202 3837 1340 4044">
     <span class='ocr_line' id='line_1_31' title="bbox 202 3837 1340 3928; baseline 0.001 -22"><span class='ocrx_word' id='word_1_259' title='bbox 202 3837 205 3844; x_wconf 80' lang='grc'><strong>’</strong></span> <span class='ocrx_word' id='word_1_260' title='bbox 234 3854 336 3920; x_wconf 78' lang='lat' dir='ltr'><strong>octus</strong></span> <span class='ocrx_word' id='word_1_261' title='bbox 353 3850 522 3927; x_wconf 72' lang='lat' dir='ltr'><strong>appareat,</strong></span> <span class='ocrx_word' id='word_1_262' title='bbox 539 3849 576 3908; x_wconf 86' lang='lat' dir='ltr'><strong>at</strong></span> <span class='ocrx_word' id='word_1_263' title='bbox 594 3850 668 3925; x_wconf 87' lang='lat' dir='ltr'><strong>post</strong></span> <span class='ocrx_word' id='word_1_264' title='bbox 689 3845 863 3910; x_wconf 82' lang='lat' dir='ltr'><strong>terminum</strong></span> <span class='ocrx_word' id='word_1_265' title='bbox 878 3845 941 3928; x_wconf 90' lang='lat' dir='ltr'><strong>ipsi</strong></span> <span class='ocrx_word' id='word_1_266' title='bbox 962 3845 1077 3911; x_wconf 86' lang='lat' dir='ltr'><strong>datum</strong></span> <span class='ocrx_word' id='word_1_267' title='bbox 1095 3845 1245 3912; x_wconf 88' lang='lat' dir='ltr'><strong>relevans</strong></span> <span class='ocrx_word' id='word_1_268' title='bbox 1265 3841 1340 3909; x_wconf 86' lang='lat' dir='ltr'><strong>nihil</strong></span> 
     </span>
     <span class='ocr_line' id='line_1_32' title="bbox 234 3953 1073 4044; baseline 0.004 -23"><span class='ocrx_word' id='word_1_269' title='bbox 234 3959 390 4037; x_wconf 71' lang='lat' dir='ltr'><strong>«‚afferat‚</strong></span> <span class='ocrx_word' id='word_1_270' title='bbox 411 3953 595 4044; x_wconf 82' lang='lat' dir='ltr'><strong>promerito</strong></span> <span class='ocrx_word' id='word_1_271' title='bbox 607 3960 668 4042; x_wconf 86' lang='lat' dir='ltr'><strong>ipsi</strong></span> <span class='ocrx_word' id='word_1_272' title='bbox 680 3977 776 4042; x_wconf 75' lang='lat' dir='ltr'><strong>prena</strong></span> <span class='ocrx_word' id='word_1_273' title='bbox 792 3968 842 4026; x_wconf 86' lang='lat' dir='ltr'><strong>est</strong></span> <span class='ocrx_word' id='word_1_274' title='bbox 852 3959 1037 4044; x_wconf 79' lang='lat' dir='ltr'><strong>infligenda.</strong></span> <span class='ocrx_word' id='word_1_275' title='bbox 1058 3988 1073 4024; x_wconf 79' lang='lat' dir='ltr'><strong>a</strong></span> 
     </span>
    </p>
   </div>
   <div class='ocr_carea' id='block_1_4' title="bbox 0 0 1442 5118">
    <p class='ocr_par' dir='ltr' id='par_1_5' title="bbox 0 0 1442 5118">
     <span class='ocr_line' id='line_1_33' title="bbox 0 0 1442 5118; baseline 0 0"><span class='ocrx_word' id='word_1_276' title='bbox 0 0 1442 5118; x_wconf 95' lang='lat' dir='ltr'><strong> </strong></span> 
     </span>
    </p>
   </div>
  </div>
 </body>
</html>
