2836 5118
244 332 308 396 956
587 347 774 396 reserantis
796 351 840 394 nn
861 347 1008 395 runicus.

240 489 339 555 supra
362 471 486 553 positus
509 463 654 536 censurae
679 480 754 555 post
775 471 1025 554 appellationem
1047 469 1236 537 fulminata.
1255 469 1333 558 (Vide
1408 473 1409 558 l

239 591 349 652 Forum
369 590 596 651 ecclesiasticam
612 588 774 663 neaman,
796 589 828 651 in
843 591 895 654 tit.
913 590 966 666 28,
987 587 1061 654 libri
1079 590 1098 652 2
1114 587 1255 666 decret,
1267 605 1337 672 que·
1408 581 1409 654 l

241 704 412 781 enoiosa,
432 723 465 768 n.
487 700 555 786 11.)

284 818 436 899 Qunsnlo
456 820 501 884 θ’.
524 855 570 866 -
587 821 635 882 An
656 821 809 900 appellari
818 825 917 902 poscit
929 840 950 884 n
959 823 1163 902 publicatione
1176 839 1228 884 aen
1240 823 1340 884 man

242 938 367 998 tiationte
382 939 653 998 consonarent-
668 939 699 998 1⁰
716 934 850 1000 Certum
863 942 914 1000 est
925 953 1019 1018 posse
1034 934 1180 1020 judicem
1194 955 1214 998 a
1227 955 1281 1017 pita
1293 934 1342 1000 de·

240 1049 353 1116 renbe
374 1048 416 1114 ad
439 1049 691 1133 publicationem
713 1069 770 1116 seu
792 1049 1073 1116 denuntiationem
1097 1051 1343 1116 excommnnica-

239 1166 346 1245 tionis‚
373 1167 521 1250 quamvis
545 1167 841 1232 excommunicatus
867 1187 886 1230 a
910 1167 1071 1232 sententia
1095 1174 1210 1232 contra
1233 1185 1267 1232 se
1288 1167 1344 1230 lata

182 1306 184 1310 ·
236 1279 302 1366 jem
324 1281 550 1365 appellaverit.
577 1279 617 1346 ld
640 1283 769 1346 omnino
794 1289 979 1348 constater
998 1285 1345 1366 capitePastoralis,ie

216 1436 218 1440 v
239 1397 508 1480 Appellationiias.
534 1398 602 1462 Nec
623 1397 736 1462 inutile
761 1403 882 1475 estut,
909 1399 1118 1481 pronuntiata
1137 1399 1345 1464 excommuni-

240 1511 376 1589 catione,
394 1509 436 1575 ad
451 1510 598 1596 ejusdem
621 1512 872 1595 publicationem
891 1511 1104 1598 deveniatur;
1128 1533 1204 1579 nam
1221 1533 1281 1598 per
1298 1512 1344 1579 ad-

236 1624 358 1710 jectam
385 1624 544 1710 ejusmodi
573 1627 826 1711 publicationem
851 1629 1151 1694 excommunicatus
1176 1628 1286 1694 evadit
1307 1635 1345 1691 n‘·

241 1745 362 1821 anim,
373 1739 470 1820 idest,
481 1747 637 1808 tenentur
646 1741 760 1808 fideles
771 1762 847 1808 eum
862 1742 1024 1827 devitare;
1036 1745 1092 1829 qui
1104 1743 1242 1809 effectus
1251 1745 1345 1810 locum

240 1856 421 1922 nonhabet
444 1855 573 1941 quondo
601 1859 832 1940 pronuntiatur
857 1857 1026 1924 dumtaxat
1052 1860 1342 1935 excommunicatio,

239 1989 305 2036 non
324 1977 434 2036 autem
453 1971 648 2053 publicatur.
708 2042 710 2046 ,

284 2089 432 2152 2⁰1>osse
448 2089 608 2171 appellari
622 2109 640 2152 a
654 2089 873 2172 publicatione
889 2109 1112 2170 censurarum,
1129 2099 1164 2156 et
1178 2111 1239 2176 per
1253 2091 1346 2175 appel·

239 2203 394 2270 lationem
410 2203 564 2286 suspendi
578 2208 713 2285 affectant
731 2206 826 2271 facire
842 2209 1067 2288 publicationis,
1085 2215 1204 2273 tenent
1221 2225 1347 2274 commu-

240 2319 327 2384 niter
347 2318 513 2384 doctores
532 2319 627 2406 (Vide
640 2326 751 2384 Fannia
764 2325 993 2414 nebsiasticnm
1008 2324 1172 2402 Leurenii,
1188 2327 1222 2390 in
1235 2326 1284 2390 tit.
1297 2325 1343 2400 28,

236 2434 347 2524 libril
364 2434 504 2514 decret,
523 2454 555 2521 q.
575 2434 685 2520 1090.)
786 2461 790 2468 ·
1174 2498 1177 2502 .

281 2555 316 2617 3⁰.
331 2552 400 2617 Imo
418 2551 576 2635 appellari
599 2557 739 2635 potesta
757 2556 863 2634 [atara
888 2553 1107 2636 publicatione
1132 2571 1191 2620 seu
1215 2553 1344 2621 declara·

235 2666 323 2732 tione
340 2685 494 2731 censurae.
508 2666 656 2748 Quando,
675 2667 769 2732 rerbi
790 2669 902 2751 gratia,
919 2669 1038 2734 citatur
1056 2672 1343 2735 excommunicatus

236 2778 471 2847 adridendum
486 2781 645 2848 declarari
660 2785 767 2867 ipsum
783 2785 957 2868 incurrisse
971 2785 1338 2861 excommunicationem,

236 2902 345 2980 potest
355 2898 383 2960 is
393 2917 412 2962 a
423 2899 482 2962 tali
493 2898 686 2964 comminata
701 2898 919 2982 publicatione
934 2899 1112 2983 appellare.
1128 2901 1170 2990 Et
1184 2907 1340 2984 postquam

236 3011 429 3093 appellarit,
448 3011 515 3095 jam
533 3013 646 3097 nequit
662 3011 765 3097 judex
784 3013 1019 3078 ecclesiasticus
1036 3013 1079 3078 ad
1097 3013 1337 3097 publicationem

237 3127 575 3192 excommunicationis
592 3125 764 3210 devenire3
786 3128 840 3193 vel
858 3129 885 3191 si
902 3126 960 3192 fiat
978 3136 1057 3192 tunc
1075 3127 1144 3192 haec
1161 3129 1335 3212 publicatio,

151 3277 154 3282 ·
237 3247 288 3305 est
301 3243 429 3308 omnino
442 3243 546 3307 irrita.
566 3241 659 3328 (Vide
677 3242 884 3320 Leareninm‚
904 3244 1002 3308 citato
1017 3241 1117 3327 loco.)

280 3355 432 3436 Quasnio
449 3365 492 3423 7¹.
508 3393 554 3406 --
570 3362 618 3423 An
633 3361 722 3422 detur
739 3360 902 3440 appellatio
919 3332 957 3422 nli
975 3361 1090 3422 actibus
1108 3367 1280 3441 superioris,
1294 3363 1337 3441 pti

230 3477 386 3555 pertinent
395 3476 437 3536 ad
447 3479 650 3538 visitationem
664 3481 693 3536 ct
708 3480 915 3536 correctionem
930 3479 1066 3537 noram?
1075 3513 1123 3525 --
1132 3475 1334 3556 Quaestionen

235 3586 318 3652 hanc
331 3586 522 3671 expendunt
535 3589 719 3665 canonista,
733 3596 803 3653 tum
818 3588 926 3672 quoad
940 3590 1106 3672 religiosos
1119 3590 1261 3668 ordines,
1275 3597 1334 3654 tum

234 3702 342 3787 quoad
366 3704 535 3769 saeculares
559 3704 764 3787 superiorum
787 3705 1077 3770 ecclesiasticorum
1099 3705 1258 3772 subditos.
1280 3706 1331 3770 llos

234 3837 331 3897 vero,
348 3839 387 3883 ea
406 3837 477 3904 quae
503 3821 669 3902 regulares
694 3821 890 3902 respiciunt,
907 3835 1084 3904 eorumque
1108 3839 1172 3904 per
1195 3821 1330 3905 praelatos

232 3951 309 4004 suos
328 3935 542 4000 visitationem
563 3941 596 4000 et
614 3935 863 4013 correctionem,
882 3934 1112 4000 adtractatum
1128 3939 1167 3999 ale
1183 3938 1330 4002 maiano

231 4051 381 4130 reltptosis
396 4050 610 4126 remittentes,
633 4048 686 4134 jas
708 4049 894 4134 appellandi
916 4049 957 4115 ab
980 4050 1105 4115 actibus
1120 4056 1154 4114 in
1172 4055 1328 4115 aenianica

230 4165 284 4231 rel
290 4183 350 4246 pro
364 4183 479 4254 manain
493 4171 671 4229 calcatione
682 4166 790 4248 gestis,
812 4165 1036 4248 expendemus
1051 4164 1222 4232 dumtaxat
1235 4159 1326 4250 quoad

229 4279 417 4346 munionem
433 4279 568 4359 clerum,
587 4281 728 4364 aliosque
744 4281 914 4346 saeculares
929 4279 1166 4346 ordinariorum
1180 4279 1322 4348 subditos.

230 4395 308 4480 Quae
324 4413 377 4460 res
397 4403 434 4460 ut
456 4395 571 4460 malins
587 4397 790 4473 enucleetur,
809 4397 1044 4479 praemittemus
1059 4397 1142 4481 juris
1159 4403 1267 4462 textus
1280 4390 1324 4477 qui
