2838 5114
27 83 34 106 '
68 78 76 137 l

10 144 77 214 ,δ”
128 145 141 156 ⁴·

488 338 567 386 rsus
589 338 748 386 sncuuna.
1119 324 1181 388 367

72 435 336 545 polemoniae
363 468 573 545 exercerent;
598 463 643 528 ita
668 480 786 546 nempe
812 465 900 528 utin
919 481 983 526 una
1002 460 1182 550 eademque

10 587 11 590 ’
75 561 205 654 'hecesi
222 583 334 642 contra
347 595 422 642 reos
434 576 592 642 heretice
608 577 778 660 pravitatis
790 576 971 660 procedere
986 579 1096 662 possit,
1111 583 1183 644 tum

26 690 47 751 h
73 691 259 776 Episcopus,
284 701 355 758 tum
369 693 539 778 inquisitor
555 692 671 758 aSede
686 692 870 776 apostolica
882 691 1065 778 delegatus
1085 692 1183 775 Quod

13 766 29 847 f
64 807 108 870 ‘ita
120 805 290 872 inductum
308 817 379 886 est,
399 808 596 876 testantibus
618 808 837 874 Romanorum
852 807 1048 874 Pontificum
1068 810 1182 874 consti-

69 922 260 1000 tutioribus,
278 930 326 1001 ut,
344 923 373 988 si
388 922 474 988 forte
491 923 609 988 alicubi
628 923 828 990 remissiores
852 922 962 988 forent
986 923 1134 1008 Episcopi
1147 926 1182 987 in

37 1014 248 1106 ‘lecercendis
271 1047 307 1104 et
322 1038 524 1122 extirpandis
548 1039 748 1118 heresibus,
766 1049 879 1106 eorum
904 1038 1102 1122 negligentia
1116 1057 1179 1124 per

68 1153 193 1224 aliosad
209 1155 245 1220 id
259 1155 354 1222 officii
367 1156 551 1238 specialiter
567 1155 764 1240 deputatos,
786 1155 1007 1239 suppleretur.
1025 1155 1107 1220 Hinc
1122 1154 1180 1222 du·

66 1271 134 1351 plen
147 1272 312 1356 inquisitio
330 1294 337 1337 :
355 1274 514 1337 ordinaria
524 1291 595 1357 quae
611 1271 981 1355 hodiedumpermauet3
998 1274 1178 1354 etdeleqoio

67 1404 129 1470 quae
146 1405 204 1470 per
224 1387 320 1470 plura
337 1388 453 1452 saecma
478 1395 512 1476 et
532 1389 565 1452 in
580 1388 744 1474 plerisque
761 1387 849 1453 orbis
865 1387 1014 1454 catholici
1039 1387 1178 1470 regioni-

67 1501 137 1580 bus,
154 1505 200 1568 ita
215 1502 411 1588 disponente
428 1511 462 1568 et
482 1503 562 1569 utile
575 1491 741 1590 judicante
759 1504 922 1582 Ecclesia,
945 1522 1062 1568 munus
1083 1522 1177 1567 suum

66 1617 152 1702 ohiit;
167 1627 284 1703 postea
298 1637 378 1684 vero
393 1619 499 1706 (aliter
511 1638 551 1684 ex
563 1619 680 1686 eodem
697 1619 846 1686 Ecclesiae
866 1618 987 1703 judicio
1012 1619 1176 1702 postulan-

64 1732 143 1800 tibus
155 1732 421 1819 oircumstantiis)
441 1734 590 1802 adhiberi
605 1736 804 1820 generaliter
815 1734 920 1800 desiit.
956 1761 970 1780 κ

101 1850 242 1916 Inuoluit
255 1858 365 1916 autem
380 1870 475 1928 usus,
492 1857 529 1915 ut
541 1850 602 1917 sub
618 1850 748 1918 nomine
767 1855 872 1916 Sancti
883 1850 993 1930 Officii,
1011 1851 1175 1916 ueletiam

63 1965 115 2029 sub
131 1967 270 2050 simplici
284 1972 491 2048 inquisitionis
510 1964 789 2044 denominatione,
804 1985 868 2030 uon
891 1971 1029 2050 utraque
1044 1966 1175 2051 inquisi-

60 2081 117 2160 tio,
141 2082 203 2148 sed
220 2087 361 2164 deliquio
384 2081 554 2149 dumtaxat
576 2102 661 2167 saepe
689 2080 926 2166 designaretur.
954 2082 1035 2146 Cum
1055 2101 1174 2166 nempe

61 2195 120 2262 hec
144 2201 250 2283 magis
263 2200 375 2266 oculos
395 2200 527 2278 feriret,
553 2206 649 2284 atque
668 2199 702 2264 in
720 2218 791 2264 eam
807 2200 983 2281 scriptores
1004 2198 1173 2264 acatholici

63 2313 249 2382 inexhausta
265 2315 538 2382 declamationum
554 2317 646 2400 copia
662 2315 810 2382 insectati
823 2315 907 2392 sint,
922 2314 1084 2380 celebrior
1100 2334 1175 2380 eva-

12 2423 14 2426 ’
60 2429 109 2506 sit,
124 2440 222 2518 atque
237 2432 452 2518 inquisitioms
468 2451 587 2498 nomeu
603 2431 706 2499 veluti
724 2431 1004 2498 antonomatistice
1020 2431 1081 2496 sihi
1097 2449 1172 2516 pro·

59 2547 158 2626 prium
177 2547 332 2614 retinuit.

96 2662 152 2726 ΙΙΙ.
178 2667 225 2726 De
241 2668 356 2744 origiue
371 2665 514 2744 delegate
537 2667 753 2744 inquisitionis.
770 2701 814 2711 —
838 2664 888 2728 Sic
912 2662 1012 2728 habet
1035 2663 1171 2726 Paramo

60 2776 101 2860 (de
115 2784 241 2862 Oriqiue
254 2788 364 2844 sauctae
376 2785 592 2860 inquisitionis,
609 2778 695 2846 libro
712 2783 742 2855 2,
762 2780 858 2845 titulo
878 2783 907 2857 l,
926 2779 1032 2862 capite
1051 2775 1094 2862 1).
1111 2800 1127 2837 c
1145 2779 1171 2843 Α

61 2916 74 2949 a
87 2894 269 2976 primordiis
291 2876 452 2960 nascentis
470 2895 620 2960 llcclesiae
635 2895 669 2958 in
684 2895 834 2959 omnihus
849 2895 1023 2978 provinciis
1039 2894 1171 2978 provin-

59 3031 73 3067 «
87 3010 174 3076 cialia
188 3011 326 3078 concilia
343 3011 441 3076 bisin
459 3031 542 3078 anno
557 3011 775 3094 cogebantur,
798 3011 964 3096 inquibus
982 3009 1100 3075 fierent
1118 3029 1171 3076 re-

59 3127 209 3208 ugulares
228 3125 462 3211 inquisitiones.
488 3123 592 3210 quue
613 3143 689 3189 usus
709 3124 848 3189 obtinuit
867 3143 970 3208 usque
995 3122 1037 3188 ad
1062 3125 1169 3190 couci-

59 3265 71 3298 «
88 3241 164 3306 lium
180 3249 313 3308 sextum
332 3241 607 3326 Constantinopoli
625 3239 844 3318 celebratum,
867 3240 924 3305 ubi
939 3240 1097 3306 sancitum
1119 3247 1170 3304 est

58 3379 71 3414 a
90 3367 123 3422 ut
142 3357 247 3424 semel
265 3365 392 3422 tautum
410 3359 444 3422 in
458 3376 542 3422 anno
562 3357 761 3440 provinciale
784 3357 956 3422 concilium
975 3357 1165 3434 haberetur,

58 3497 70 3532 a
85 3476 113 3538 iu
129 3494 193 3560 quo
210 3475 381 3562 regulares
398 3475 460 3538 illae
475 3473 699 3558 inquisitiones
711 3473 913 3557 obtinereut;
931 3479 965 3538 et
983 3473 1101 3538 iterum
1120 3472 1170 3538 id-

57 3614 70 3647 «
89 3591 189 3674 ipsum
204 3598 256 3656 est
271 3590 498 3656 confirmatum
506 3590 540 3654 in
556 3590 692 3674 septima
704 3589 830 3674 synodo
846 3591 994 3655 Nicaena:
1013 3591 1058 3654 sic
1070 3588 1169 3654 docet

57 3726 209 3774 «sacrum
235 3707 406 3774 concilium
431 3706 614 3774 universale
637 3707 871 3785 Laterauense,
894 3706 955 3772 sub
980 3705 1169 3770 Innocentio

58 3843 70 3876 α
90 3821 173 3905 Papa
190 3822 255 3898 Ill,
278 3819 479 3886 celebratum
505 3838 590 3884 anuo
609 3821 704 3896 1215,
722 3827 756 3884 et
780 3818 920 3884 habetur
935 3819 967 3883 in
987 3819 1093 3902 capite
1119 3821 1168 3881 Ad

57 3939 269 4018 «abolendum,
293 3935 398 4018 capite
413 3939 488 4000 Cuia
507 3955 545 3998 ec
560 3940 707 4018 iujuucio,
725 3943 758 4000 ot
775 3935 881 4018 capite
901 3937 940 3997 Ut
955 3940 1103 3997 commissi
1120 3935 1168 4021 (ote

57 4050 265 4136 theuticio).
291 4054 410 4116 Tamen
435 4050 628 4136 quibusdam
656 4051 820 4136 lipiscopis
844 4049 1082 4134 negligentibus
1100 4057 1166 4115 tam

56 4191 69 4227 u
85 4171 288 4237 suuuierum
300 4168 361 4234 hoc
376 4169 518 4234 officium
530 4186 700 4247 exercere,
727 4168 919 4253 quibusdam
938 4175 1048 4231 autem
1065 4166 1106 4230 ob
1119 4165 1167 4231 di-

57 4307 70 4344 «
89 4305 178 4352 versa
193 4287 257 4354 alia
272 4287 400 4369 negotia
415 4283 600 4370 impeditis,
620 4285 741 4350 Summi
758 4283 929 4350 Pontifices
942 4289 1067 4348 matura
1086 4281 1167 4348 deli·

56 4422 70 4459 «
88 4402 252 4470 beratione
271 4401 492 4468 decreverunt
514 4402 602 4468 uiros
619 4399 731 4467 doctos
749 4407 782 4464 et
803 4400 977 4465 catholicos
994 4398 1088 4484 eligi,
1111 4402 1166 4485 qui
