2848 5118
484 341 564 390 runs
589 342 747 392 anemos.
824 351 830 363 ·
1108 327 1172 392 tat

74 465 178 530 torem
193 459 369 542 doudmad
385 462 538 530 eumdem
551 466 752 548 superiorem
771 461 940 550 jusdiotas
954 439 1108 532 censuras
1129 465 1174 530 ir·
1256 437 1259 446 ⁴
1294 451 1296 456 ’

74 578 179 656 litandi
202 586 237 646 ot
251 577 436 656 annulandi,
455 579 483 646 si
500 579 635 665 injrmtas
653 599 708 648 eas
723 583 877 666 reperiat.

110 695 152 760 Er
166 693 262 760 dietis
277 676 434 760 conclude
450 717 457 762 :
475 697 502 762 si
516 697 543 760 is
555 691 669 762 eontra
685 716 782 782 quem
794 699 971 782 Episcopus
979 698 1173 766 nnuman

72 811 155 888 tulit,
173 830 293 895 parere
322 831 387 876 non
403 813 490 890 vult,
509 819 546 878 et
567 812 745 896 Episcopus
764 813 807 880 oh
824 814 906 880 hano
921 813 1173 908 inobedientium

74 943 137 992 euru
162 927 425 992 excommunicet
456 926 510 992 vel
538 907 735 1010 suspendat,
764 948 829 994 non
855 909 977 1012 poterit
999 927 1175 1014 interjectu

72 1049 171 1124 postea
183 1043 363 1125 appellatio¹
379 1042 421 1108 ab
435 1041 483 1108 his
497 1043 642 1110 censuris
656 1061 769 1110 earum
780 1044 933 1112 effectum
958 1043 1170 1129 suspendere,

74 1157 187 1222 etiamsi
199 1156 442 1240 Episcopuseas
455 1157 568 1224 tulerit
577 1159 663 1224 intra
677 1157 873 1226 decendium
889 1159 931 1226 ad
945 1160 1174 1246 appellandum
1199 1145 1201 1148 ⁵

74 1290 267 1357 conoessom3
293 1271 391 1339 modo
408 1281 529 1350 tamen,
556 1273 687 1358 quando
706 1293 876 1342 censuram
894 1277 962 1342 tert
983 1277 1170 1360 Episcopus,

72 1386 205 1454 nondum
225 1407 245 1452 a
261 1389 421 1454 sententia
440 1388 531 1472 prius
545 1388 614 1454 lata
631 1387 864 1456 condemnatus
878 1391 1102 1474 appellaverit.
1126 1392 1175 1456 An
1227 1477 1231 1482 ·

73 1519 141 1566 vero
163 1502 199 1570 id
221 1503 323 1585 possit
348 1504 542 1586 Episcopus,
566 1523 630 1570 non
652 1510 778 1571 tantum
791 1504 834 1572 ad
849 1506 1046 1588 puniendam
1063 1505 1174 1575 inobe-

71 1613 215 1682 dientiam
230 1618 399 1683 sententiae
418 1637 436 1682 a
455 1637 489 1684 se
511 1619 595 1695 lata,
614 1618 673 1686 sed
692 1621 789 1686 etiam
804 1619 847 1684 oh
866 1618 997 1705 aliquod
1015 1619 1172 1688 delictum

70 1735 275 1814 preteritum,
293 1729 551 1799 controvertitur
568 1734 655 1800 inter
675 1734 836 1802 doctores.
854 1733 948 1820 (Vide
962 1734 1169 1814 Laureolum,

71 1850 170 1912 Forum
188 1852 433 1927 monosticum,
454 1849 489 1914 iu
511 1850 561 1916 tit.
580 1853 633 1928 28,
651 1851 709 1916 lib.
733 1854 763 1916 2
777 1851 882 1924 deor..
899 1868 931 1935 q.
955 1854 1050 1926 toea,
1067 1869 1100 1917 u.
1123 1847 1170 1934 9.)

107 1966 165 2030 ΠΙ.
189 1964 327 2046 Quando
352 1963 472 2030 dicitur
487 1966 772 2050 appellationema
790 1965 1001 2050 suspensione
1017 1975 1051 2032 et
1071 1966 1120 2032 int
1158 1999 1174 2016 ·

71 2075 235 2145 diatonon
266 2079 388 2146 habere
411 2079 564 2146 enectum
587 2081 828 2164 suspensivum,
856 2080 890 2145 id
913 2081 1105 2164 intelligitur
1128 2080 1172 2147 de
1294 2115 1298 2129 ι

72 2195 272 2278 suspensione
288 2204 322 2261 et
336 2193 512 2262 interdicto
523 2197 655 2280 proprie
665 2195 770 2275 dictis,
787 2194 884 2276 idest,
898 2216 917 2262 a
932 2198 1170 2278 dtetrauoffioita.

72 2307 157 2374 Unde
169 2309 266 2374 aliter
279 2308 454 2376 dicendum
468 2309 510 2376 de
525 2311 733 2394 suspensione
755 2316 789 2376 et
803 2309 980 2378 interdicto
998 2312 1173 2396 improprie

72 2419 167 2502 dietis,
188 2425 311 2490 scilicet
329 2446 337 2491 ε
354 2423 396 2490 de
411 2424 587 2491 interdicto
601 2425 642 2491 ab
658 2428 803 2510 ingressu
819 2427 1101 2522 inpossessiouem
1120 2426 1175 2498 ba·

73 2537 185 2623 nelicii;
198 2515 250 2606 ¹dc
264 2541 474 2628 suspensione
488 2561 508 2606 a
523 2538 686 2606 fructibus
709 2539 870 2618 beneficii
886 2559 907 2606 o
921 2559 1002 2606 voce
1019 2542 1124 2608 activa
1138 2548 1174 2607 et
1199 2555 1205 2562 ·

73 2654 203 2733 punita,
229 2673 249 2718 a
273 2652 526 2738 pontificalibus,
553 2655 594 2722 ab
622 2654 900 2736 administratione
927 2655 1088 2736 beneficii,
1108 2656 1173 2724 imo
1233 2749 1237 2756 .

74 2767 277 2850 probabiliter
295 2769 337 2836 ab
354 2772 424 2854 ipso
438 2750 607 2838 beneficio.
631 2771 725 2860 (Vide
740 2772 952 2850 Leureuium,
967 2773 1040 2839 loco
1055 2774 1170 2852 citato,

73 2901 102 2948 u.
122 2882 182 2969 10.)
630 2971 633 2976 Ι

111 3001 162 3066 lV.
179 3001 336 3082 Quamvis
353 3001 527 3085 appellatio
543 2999 720 3070 accusaris
734 3019 799 3070 non
813 3004 931 3072 habeat
942 3005 1174 3076 effectum'atu·

74 3113 247 3192 pontivum,
269 3113 362 3178 illum
381 3113 531 3184 effectum
554 3115 653 3180 hahet
677 3116 851 3199 appellatio
876 3137 895 3182 a
916 3117 1117 3201 depositione
1139 3129 1174 3188 et

76 3224 312 3314 degradatione3
330 3230 404 3314 quia
428 3230 588 3313 depositio
610 3239 644 3296 et
665 3230 858 3315 degradatio
872 3250 938 3298 non
952 3242 1028 3301 stant
1041 3237 1172 3320 proprie

76 3342 219 3412 censura.
242 3344 337 3432 (Vide
352 3345 387 3410 id
401 3335 576 3428 probatum
592 3344 680 3429 apud
697 3347 904 3426 Laureolum,
918 3348 992 3414 loeo
1001 3349 1126 3436 citato.)

111 3459 146 3524 V.
162 3461 194 3526 Si
207 3479 352 3527 censura
367 3460 518 3554 terantur
528 3460 590 3528 suh
606 3459 794 3526 conditione
810 3460 916 3547 (verbi
930 3465 1044 3546 gratia
1058 3469 1085 3531 si
1097 3467 1173 3550 Epi-

76 3588 178 3657 scopus
187 3577 379 3658 pronuntiet
388 3577 487 3642 talem
497 3561 731 3644 clericumlore
742 3594 944 3664 suspensum,
959 3580 1020 3645 nisi
1030 3581 1172 3652 intratot

40 3727 41 3730 =
78 3682 135 3754 dies
151 3691 335 3773 parochiam
349 3709 445 3758 suam,
456 3693 637 3776 reliquerit,
657 3700 715 3756 aut
725 3691 791 3756 tale
810 3691 900 3758 aliud
913 3694 1127 3781 praestiterit),
1143 3699 1171 3764 si

78 3809 138 3868 ante
155 3811 284 3890 tempus
298 3825 359 3892 pro
380 3805 541 3891 explenda
560 3805 745 3872 conditione
765 3806 960 3890 assignatum
984 3809 1043 3876 liat
1062 3814 1173 3898 appel·

77 3910 153 3996 lato,
168 3937 227 4002 per
244 3921 328 3989 hano
346 3922 614 4017 appellationem,
634 3919 844 4004 suspenditur
860 3941 1003 3990 censurae
1019 3925 1170 4016 effectum

80 4031 153 4098 unde
167 4037 193 4108 si
207 4036 346 4104 clericus
360 4035 415 4104 ille
433 4036 652 4105 conditionem
670 4056 734 4103 non
745 4037 890 4120 impleat,
907 4047 942 4106 et
959 4049 1032 4123 post
1044 4051 1174 4130 tempus

80 4143 115 4210 ad
130 4149 163 4214 id
170 4151 364 4236 assignatum
378 4155 506 4238 musam
527 4151 685 4228 celebret,
697 4151 968 4245 irregularitatem
984 4174 1049 4222 non
1066 4158 1175 4226 incur-

81 4260 126 4328 rit.
141 4265 216 4334 liam
229 4269 263 4333 iu
277 4267 342 4336 hoo
352 4287 427 4336 casu
444 4287 580 4338 censura
600 4287 679 4336 vere
689 4250 760 4336 'non
781 4270 890 4337 existit
903 4271 962 4336 nisi
976 4272 1085 4356 elapso
1098 4294 1176 4342 con-

82 4371 196 4475 dueum
206 4391 373 4468 tempore3
388 4391 421 4448 et
430 4381 584 4468 tuncjam
595 4391 645 4450 est
654 4383 868 4468 ap'pellatum3
882 4385 969 4452 unde
983 4386 1071 4454 redit
1081 4409 1174 4480 casus
1243 4458 1245 4462 ,
1276 4450 1278 4455 .
1308 4433 1310 4442 ·
