2836 5118
242 335 306 403 itt
587 349 774 400 marsuas
797 351 840 400 ns
863 347 1012 401 runicus.

239 485 275 543 ct
294 471 337 542 de
358 471 449 542 noto
463 465 728 560 probandis'sed
750 475 949 545 solummodo
964 495 1005 543 ex
1019 477 1123 542 causis
1140 495 1212 561 quae
1234 473 1336 560 inipso

239 591 455 676 appellatione
470 591 657 657 nominatim
674 611 834 676 expressa
849 601 936 658 sunt.
956 593 1142 660 constater
1159 592 1262 680 capite
1277 595 1337 656 Cum

238 727 359 773 mamam
374 708 440 794 (62,
454 705 645 791 demut),
655 715 690 773 et
703 727 744 773 ex
756 708 959 774 clementina
973 711 992 772 5
1006 707 1154 793 ejusdem
1167 707 1265 786 tituli,
1280 706 1338 792 jun-

237 832 290 892 cta
308 826 412 909 glossa
422 825 456 889 in
470 822 607 890 verbum
620 829 796 890 Dummodo.
817 826 938 909 Excipe
957 831 1068 890 tamen
1086 825 1128 890 ab
1143 825 1203 891 hac
1214 823 1340 908 generali

237 941 351 1026 regula
365 963 372 1007 ε
384 947 497 1024 primo,
517 942 544 1007 si
559 960 643 1006 nova
658 925 755 1007 causa
772 947 846 1025 post
864 941 1115 1025 appellationem
1133 941 1340 1025 interpositam

237 1059 378 1144 primum
400 1065 472 1122 orta
489 1065 546 1123 aut
568 1059 696 1140 cognita
715 1057 834 1143 luerit3
852 1042 989 1137 recuruato,¹
1016 1058 1043 1123 si
1065 1058 1142 1123 alias
1165 1056 1342 1142 gravaminis

237 1195 332 1242 cansa
346 1167 387 1240 ab
406 1173 590 1256 appellante
607 1173 732 1239 oblatas
750 1173 852 1260 judex
871 1195 890 1238 a
911 1193 968 1255 quo
992 1173 1168 1240 admittere
1195 1172 1340 1254 noluerit3

237 1297 336 1370 tertio,
352 1290 380 1354 si
398 1305 574 1373 gravamen
588 1309 607 1354 a
622 1307 686 1374 quo
705 1290 900 1373 appellatur,
923 1307 984 1373 per
1007 1287 1211 1356 definitivam
1229 1296 1342 1355 senten·

235 1409 313 1473 dam
326 1425 391 1473 non
405 1407 446 1471 sit
459 1404 653 1488 reparabile.
668 1404 762 1491 (Vide
775 1405 1078 1489 Schmalzgrueber‚
1092 1405 1126 1468 in
1138 1406 1190 1470 tit.
1206 1404 1342 1485 taline

237 1522 377 1601 decret,
397 1543 431 1588 n.
453 1519 524 1604 64.)

280 1637 490 1718 Quasnam.
511 1640 624 1700 -Au
648 1639 811 1719 appellatio
841 1638 911 1716 fieri
932 1643 1030 1720 possit
1055 1639 1154 1702 uerbis
1181 1639 1230 1701 uel
1252 1639 1339 1717 factis,

234 1775 300 1839 qum
316 1757 466 1819 amatoriis
485 1753 617 1837 appello
630 1756 678 1817 uel
690 1771 835 1836 provoco
850 1757 1073 1836 aquiratcout?
1086 1789 1133 1801 -—
1147 1751 1344 1838 Responden-

235 1871 314 1938 dum
328 1869 529 1937 affirmative.
544 1869 605 1946 Sic,
618 1869 713 1935 verbi
724 1871 839 1954 gratis,
849 1877 959 1953 posset
968 1870 1039 1955 quis
1054 1853 1221 1955 ap'pellare
1230 1856 1270 1934 ab
1281 1865 1344 1950 lipi-

235 2005 332 2070 scopo
344 1987 404 2051 hac
415 1985 469 2050 vel
481 1986 582 2082 similix
588 1983 728 2051 formula
741 2007 748 2052 :
763 1990 923 2050 Committe
932 1989 1100 2068 mejudioio
1114 1991 1219 2069 Papo,
1236 1985 1285 2050 vel
1295 1987 1343 2047 Ar*

234 2105 422 2185 clicpiscopi.
440 2101 572 2168 Constat
583 2121 624 2166 ex
636 2099 795 2167 decretali
810 2105 858 2166 Aci
872 2105 1060 2172 audientiam
1077 2101 1143 2188 (34,
1156 2105 1195 2166 da
1207 2096 1339 2183 Appii).

234 2220 318 2284 ltem
330 2219 404 2284 loco
419 2217 607 2296 verborum,
626 2216 742 2282 sufficit
756 2218 822 2283 iter
841 2218 941 2301 arripi
955 2217 999 2284 ud
1022 2218 1224 2302 superiorem
1245 2215 1343 2298 appel·

233 2333 323 2399 laudi
335 2351 442 2398 causa.
454 2332 586 2398 Constat
598 2352 639 2398 ex
650 2331 810 2399 decretali
819 2335 929 2398 Dilectt
944 2334 1010 2421 (52,
1021 2337 1058 2398 de
1067 2331 1216 2418 rippam),
1231 2347 1343 2396 necnon

165 2528 168 2534 ,
234 2469 276 2516 ex
290 2447 449 2514 decretali
469 2451 543 2512 Cum
563 2451 635 2511 olim
651 2447 696 2535 (7,
719 2451 899 2514 deliciosi
922 2447 1068 2532 cautum.)
1088 2447 1174 2513 vide
1198 2445 1343 2513 Schmda·

235 2563 377 2649 grueber
396 2563 441 2648 (in
457 2564 509 2627 tit.
530 2564 584 2640 28,
597 2561 654 2632 lib.
671 2566 690 2628 2
709 2562 852 2642 decret,
869 2585 902 2629 n.
915 2562 984 2648 65).

711 2875 714 2878 .
739 2815 856 2891 §vlit

360 3093 363 3098 ,
444 3035 505 3093 Quid
519 3035 566 3084 sint
586 3033 701 3096 apostoli,
717 3033 832 3097 quomodo
846 3018 940 3096 petindi
956 3040 979 3082 et
992 3031 1143 3082 concedendi.

282 3269 433 3349 Qonsmo
448 3268 490 3329 1⁸.
508 3299 554 3312 -
565 3263 717 3343 Quidnam
731 3267 765 3326 iu
771 3264 1017 3345 jurisprudentia
1034 3261 1227 3342 iutellipaiur
1237 3263 1338 3341 aposto-

238 3387 334 3449 lorum
348 3381 490 3445 uomina?
503 3417 549 3428 -
565 3379 635 3443 lloe
658 3377 818 3444 vocabulo
837 3376 1050 3462 designantur
1066 3375 1196 3455 litterae,
1213 3393 1286 3461 quas
1298 3371 1337 3457 ju·

238 3497 304 3565 den
320 3517 339 3562 a
357 3515 432 3582 quo,
449 3493 492 3560 ad
506 3493 691 3558 instantiam
710 3491 914 3575 appellantis,
935 3491 1125 3557 transmittit
1148 3490 1192 3557 ad
1211 3487 1336 3575 J'udioem

237 3612 281 3680 ad
296 3631 403 3698 quem,
424 3613 458 3676 in
475 3609 699 3675 testimonium
722 3615 757 3673 et
773 3605 878 3672 ‘fidem
895 3605 1120 3691 appellationis
1142 3604 1334 3688 interposita.

237 3709 316 3808 Quae
337 3725 556 3792 denominatio
581 3723 641 3811 (ex
663 3741 767 3806 graeca
797 3741 876 3788 voce
902 3725 1060 3794 uuoorilu
1082 3725 1169 3784 missi
1194 3712 1334 3797 deductu)

238 3844 356 3930 passim
372 3844 406 3908 in
421 3840 495 3927 jure
511 3848 582 3905 tum
597 3839 761 3914 canonico,
781 3843 851 3902 tum
875 3839 971 3903 etiam
985 3836 1185 3902 Justinianeo
1201 3835 1336 3916 usurpata

238 3959 398 4042 occurrit;
414 3955 561 4042 ‘quamvis
575 3952 755 4019 identidem
769 3953 866 4018 etiam
878 3951 1001 4019 eaedem
1010 3951 1128 4016 litterae
1138 3952 1236 4016 libelli
1249 3949 1336 4013 dmm

233 4069 313 4140 'sorti
326 4071 485 4140 vocabulo
498 4069 719 4154 appellentur.

230 4192 234 4200 '
262 4189 433 4272 vQttstsrro
447 4187 491 4250 2¹.
506 4219 550 4232 -
569 4184 739 4266 Quotuplea
756 4187 797 4246 sit
811 4183 1012 4264 apostolorum
1028 4183 1160 4264 speeies?
1172 4215 1219 4230 -
1238 4174 1334 4246 Plures

237 4310 314 4406 sant
328 4301 547 4388 apostolorum
557 4299 697 4402 species,
714 4316 831 4402 nempe
848 4318 855 4363 :
876 4300 908 4362 l⁰
919 4302 1102 4374 Dimissorii‚
1120 4295 1238 4384 quibus
1251 4290 1334 4380 judex

220 4441 257 4488 a
276 4439 340 4506 quo
357 4424 499 4484 testatur
517 4414 559 4480 de
575 4415 791 4498 appellatione
814 4414 1006 4499 interposita
1021 4419 1055 4478 et
1074 4410 1226 4478 admissa·
1244 4412 1276 4475 ‘2⁰
1291 4409 1333 4470 lle·
