2878 5114
271 321 334 391 532
609 337 796 388 rnncnnnns
820 337 863 384 nn
876 317 1033 384 tumens.

267 472 426 550 sammitis,
440 467 599 531 videlieet:
613 464 658 551 (et
672 461 717 528 ibi
730 459 989 546 transerihatur).
1004 464 1105 543 Iqitnr
1113 462 1273 543 predictus
1282 465 1350 524 tint

265 589 391 649 nnntins
405 587 460 663 Ν.,
478 589 637 664 postquam
656 581 835 644 niendatnm
854 580 1003 659 erptevit,
1029 579 1070 640 ed
1084 595 1131 638 me
1151 581 1350 640 netenrtnnn-

265 717 380 777 verene,
407 699 513 761 retulit
534 715 553 758 a
571 697 703 777 metato
732 697 853 758 demine
876 697 931 772 Ν.,
959 694 1195 756 monitoriattter
1218 697 1300 756 nnn
1317 711 1351 754 re-

264 833 403 895 spenenm
422 816 530 894 trisse,
553 830 619 876 non
642 809 698 875 ibo
727 809 799 893 (vei
819 809 881 874 elie
907 807 1008 874 verbe
1037 807 1078 872 ab
1114 827 1154 874 eo
1186 807 1352 892 prolatesi

264 947 344 995 vero
370 929 502 994 nuntius
523 927 674 1011 publicus
689 933 791 991 testes
812 923 1011 1001 adhibuerit,
1030 932 1065 990 et
1081 933 1193 990 seeum
1213 923 1255 988 ed
1269 931 1352 988 aetna·

260 1046 345 1110 rium
361 1043 470 1121 ducat,
485 1041 573 1128 quod
587 1050 695 1108 temen
710 1040 931 1106 necessarium
946 1047 1085 1118 nonest,
1101 1059 1178 1106 eum
1188 1040 1247 1106 soii
1263 1038 1351 1104 nuntie

260 1161 390 1243 publico
404 1157 487 1224 fides
505 1157 710 1235 adhibeatur,
728 1153 880 1240 addetur)
896 1177 902 1222 :
920 1159 957 1220 cte
970 1177 1027 1239 qno
1048 1165 1077 1220 et
1094 1164 1182 1220 testes
1197 1161 1275 1240 [nere
1287 1159 1319 1220 N.
1332 1161 1352 1217 et

261 1281 301 1342 N.
320 1281 395 1342 Aeta
418 1283 489 1340 nent
510 1275 571 1338 Noee
596 1279 701 1354 die...,
728 1280 893 1354 mensis...,
912 1295 1047 1338 anne...
1071 1311 1118 1322 -
1140 1279 1204 1357 qu
1229 1279 1350 1354 N.,e1n'·¹

259 1397 387 1477 seopulis
400 1399 492 1456 enrioe
511 1397 648 1472 nuntius,
666 1391 785 1471 affirmo
800 1399 834 1454 nt
848 1411 951 1472 snpra.
966 1427 1011 1439 —
1022 1395 1086 1471 Eyo
1101 1395 1141 1456 N.
1157 1394 1206 1472 fni
1220 1397 1306 1455 testis.
1317 1427 1350 1438 -

261 1515 325 1592 qu
340 1514 380 1594 N.
396 1512 445 1590 fni
461 1515 557 1574 testis.
573 1543 618 1558 -·
631 1512 695 1589 End
710 1512 765 1586 Ν.,
783 1513 949 1572 actitarint.
969 1533 985 1570 n

302 1627 343 1692 ΙΙ.
359 1626 392 1691 Si
403 1626 445 1692 nd
457 1626 594 1692 alteram
609 1625 792 1690 citationem
807 1625 1044 1692 monitoridem
1059 1626 1099 1691 sit
1116 1625 1348 1704 deveniendum,

258 1741 422 1807 scribatur
437 1739 498 1808 hoe
513 1746 570 1806 eut
586 1739 681 1805 simili
695 1738 792 1806 modo
811 1761 818 1804 :

302 1882 320 1922 n
345 1865 407 1924 Nos
432 1864 471 1925 N.
477 1907 487 1940 ‚
519 1859 760 1921 reverendissimi
784 1861 924 1940 Episcopi
949 1862 1004 1937 Ν.,
1035 1862 1175 1921 Vienrins
1197 1860 1350 1940 qenerntis:

255 1996 323 2040 enm
337 1979 475 2041 tornines
487 1980 527 2041 N.
532 2024 542 2055 ‚
557 1981 669 2038 ettetns
681 1977 722 2036 ad
735 1973 956 2051 testificandum
969 1981 1003 2037 in
1014 1976 1070 2038 tae
1090 1978 1251 2057 episcopati
1269 1981 1347 2053 cerie,

255 2111 361 2173 perere
381 2098 526 2170 renuerit,
541 2099 633 2174 prout
648 2096 681 2153 in
701 2093 794 2169 aitte
809 2109 930 2172 enmqne
947 2097 1108 2172 prepterea
1127 2097 1260 2172 primum
1273 2097 1350 2155 neni·

256 2213 366 2272 torinrn
389 2211 430 2271 ad
449 2227 516 2272 enin
533 2211 746 2284 diremimus,
772 2210 821 2268 eni
839 2212 959 2288 pariter
982 2209 1183 2288 obtemperare
1202 2213 1346 2285 remeanti,

251 2333 342 2406 proni
356 2330 448 2388 etiem
462 2330 496 2388 in
510 2329 586 2388 artis
599 2345 610 2386 :
625 2326 736 2386 ideireo
759 2324 892 2385 eumdem
908 2325 1061 2386 dominnm
1077 2327 1130 2401 Ν.,
1151 2329 1261 2388 iterun
1273 2328 1351 2388 noni·

254 2445 406 2505 teriaiiter
430 2447 569 2521 eitnmns,
592 2443 882 2522 ed'eornpnrendnm
905 2460 1005 2503 eornm
1029 2443 1114 2504 notis
1137 2447 1223 2506 intra
1244 2447 1351 2524 quinne

253 2559 329 2636 dies,
349 2577 407 2640 pro
419 2559 547 2621 seeundo
567 2562 693 2620 termino
707 2561 736 2618 ei
754 2561 934 2637 antiquatos,
952 2563 982 2618 et
999 2576 1018 2618 e
1035 2563 1232 2638 presentium
1246 2563 1350 2620 intinn-

255 2679 334 2736 tione
343 2678 404 2754 ipsi
413 2676 496 2754 seete
503 2675 728 2755 computandos,
740 2674 866 2736 ntdieet
876 2691 967 2753 qnare
977 2692 1037 2739 nen
1048 2675 1199 2737 detentet
1210 2681 1351 2738 contenet

248 2794 367 2870 puniri.
383 2792 485 2870 lqitnr
501 2795 529 2851 si
545 2788 693 2874 (ieqitimn
708 2809 768 2852 nen
780 2791 958 2872 impediente
970 2786 1071 2872 ennea)
1086 2795 1170 2862 intra
1185 2793 1295 2854 dietnrn
1306 2796 1351 2851 ter·

252 2911 366 2969 rninnrn
381 2926 442 2969 sese
454 2909 496 2970 act
508 2913 643 2969 nestrum
659 2909 792 2970 tribunat
810 2911 915 2969 sistere
932 2911 1083 2985 omiserit,
1098 2914 1219 2972 noverit
1230 2929 1281 2972 nos
1292 2908 1352 2970 ein

251 3028 317 3086 rins
334 3030 438 3086 centra
461 3028 560 3104 ipsein
582 3029 725 3102 tenqenm
750 3031 952 3086 eontnrnneern
974 3042 1177 3104 processuros.
1199 3029 1350 3097 Datnrn...‚

253 3173 297 3186 —
311 3142 340 3202 N
342 3187 364 3217 .,
382 3142 519 3202 Viearins
533 3139 694 3218 qenerntis.
708 3173 755 3186 --
765 3141 821 3217 Ν.,
837 3143 1005 3202 aetnnrins.
1023 3163 1040 3200 ι)

297 3254 357 3318 ΠΙ.
373 3253 405 3318 si
418 3271 479 3319 nee
496 3260 576 3318 tune
590 3252 685 3319 testis
697 3254 883 3338 resipuerit,
903 3252 945 3319 ed
959 3254 1094 3320 tertiam
1111 3273 1170 3320 seu
1185 3259 1355 3340 perempto-

252 3370 340 3434 riem'
351 3369 563 3448 monitionem
580 3367 778 3451 procedatur
793 3368 853 3434 hoe
868 3368 966 3438 modo
984 3391 991 3436 :

299 3509 316 3550 n
333 3493 394 3554 Nos
405 3491 435 3552 N
437 3535 459 3563 .‚
474 3487 715 3550 reverendissimi
734 3489 875 3570 Episcopi
890 3491 920 3553 N
923 3536 945 3566 .,
963 3492 1101 3552 Vieerine
1122 3472 1271 3572 qeneratis
1281 3509 1291 3552 :
1301 3504 1356 3550 een

251 3609 426 3670 dominnsN
429 3654 451 3682 .‚
461 3605 503 3668 aci
512 3605 734 3682 testificandum
742 3609 776 3667 in
786 3608 917 3686 quatem
927 3625 1018 3670 canen
1026 3625 1127 3670 eoram
1138 3611 1232 3676 Nobis
1239 3609 1358 3670 vertente

251 3726 423 3802 requisitus,
438 3725 540 3782 ventre
553 3724 702 3800 omiserit·
711 3727 740 3783 et
750 3728 855 3802 postea
869 3724 958 3784 reniet
972 3726 1124 3784 etiterum
1135 3723 1358 3786 monitorieiiter

250 3841 364 3899 eitatns'
376 3841 574 3918 pertinaciter
594 3839 794 3918 obtemperare
812 3843 945 3901 renuerit
951 3886 962 3917 ,
981 3845 1072 3919 proni
1088 3844 1121 3901 in
1135 3844 1215 3902 netis
1230 3859 1241 3901 :
1256 3839 1358 3900 idcirce

209 3995 212 4002 -
250 3958 382 4015 muneris
395 3959 497 4015 nostri
514 3954 612 4015 debito
630 3955 804 4033 satisfacere
823 3955 964 4033 veientes,
983 3957 1118 4018 eumdem
1136 3957 1288 4019 dominnm
1303 3953 1352 4024 Ν.,

250 4069 358 4131 terem
375 4073 451 4131 serie
468 4073 531 4130 vim
548 4072 685 4130 canonici
701 4073 856 4130 monitoria·
874 4070 1066 4148 debentium,
1088 4075 1218 4134 etiamne
1231 4071 1271 4132 ad
1285 4082 1356 4130 enm·

244 4188 421 4268 parendum
429 4203 529 4247 eornm
543 4187 635 4249 Nobis
648 4189 734 4248 intra
744 4192 854 4266 septem
867 4188 944 4266 dies,
955 4193 1014 4266 pre
1026 4193 1115 4250 tertio
1126 4195 1157 4250 et
1166 4185 1354 4269 peremptorii

250 4307 376 4366 termino
389 4305 418 4364 ei
431 4306 610 4380 assisinate,
622 4320 642 4362 e
653 4289 849 4380 prerentinrn
873 4307 1064 4365 intimatione
1077 4307 1139 4383 ipsi
1152 4305 1236 4382 saeta
1248 4307 1353 4379 rempt-

248 4420 366 4496 tanitos,
379 4419 508 4479 etaient
523 4435 625 4495 qnare.
634 4463 655 4480 ..
667 4415 713 4501 (et
723 4416 848 4500 relique
862 4424 899 4481 ut
913 4417 947 4482 in
957 4416 1158 4500 precedenti
1173 4411 1347 4494 formidet·
