2836 5118
213 352 277 414 330
559 368 747 416 morasus
770 369 814 414 on
836 370 984 418 surmus.
1030 384 1035 390 -

211 492 372 584 expressis
395 493 542 574 terminis
564 491 612 576 (ut
628 509 725 579 supra
741 491 953 578 ostendimus)
973 491 1130 577 decisum,
1149 515 1247 574 voees
1260 497 1327 568 illas

209 609 509 692 cetra-judicialiter,
525 627 564 668 cac
575 627 756 688 quacumque
769 627 871 688 causa,
891 613 982 670 ctiam
996 611 1034 678 ob
1043 612 1189 685 occuitum
1200 618 1323 696 crimen,

208 719 400 814 referendas
425 721 522 786 etiam
538 740 608 787 esse
625 720 667 786 ad
683 720 862 787 secundum
880 722 1064 788 membrum
1090 724 1256 810 phraseos,
1274 727 1329 792 ubi

208 837 374 924 Episcopis
385 835 583 904 adscribitur
595 837 733 904 facultas
742 837 1139 924 suspendendiareceptis
1149 840 1328 924 ordinibus,

208 971 335 1045 necnon
356 972 374 1016 a
396 950 627 1038 dignitatibus,
645 952 799 1036 gradibus
815 962 849 1019 et
872 953 981 1022 officiis
999 977 1006 1021 :
1023 956 1069 1020 ita
1087 957 1221 1032 scilicet,
1241 966 1278 1023 ut
1293 979 1330 1024 ea

207 1067 309 1133 verba
331 1069 365 1132 in
390 1067 452 1133 hoc
475 1068 623 1135 membro
648 1069 803 1154 phraseos
829 1071 970 1154 repetita
998 1073 1124 1138 censeri
1148 1071 1295 1140 debeant
1321 1099 1327 1139 :

204 1180 270 1266 jam
295 1202 377 1248 roro
402 1185 632 1268 repetitionem
659 1185 745 1251 illam
778 1185 992 1270 exequendo,
1022 1186 1247 1252 Tridentinum
1275 1188 1331 1256 de·

206 1305 334 1374 cretum
351 1296 461 1363 eradit
487 1300 608 1364 tenoris
636 1299 821 1385 hujusmodi
848 1322 855 1366 :
882 1305 942 1380 Qui
964 1322 984 1363 c
1007 1308 1070 1364 scis
1093 1305 1262 1384 ordinibus,
1282 1325 1331 1367 seu

205 1415 349 1493 gradibus
361 1417 409 1476 cet
422 1416 623 1496 dignitatibus
637 1417 843 1480 ecciesiasticis
851 1420 945 1497 suerit
956 1437 1115 1498 suspensus
1132 1417 1331 1502 (capuceum-

204 1549 260 1610 0οθ
271 1549 375 1614 causo,
394 1536 485 1592 etiam
500 1532 535 1592 ob
550 1533 694 1593 occuitum
713 1537 843 1610 crimen,
862 1534 1095 1613 quomodolibet,
1119 1540 1210 1596 ctiam
1225 1542 1331 1598 extra»

196 1642 413 1730 judicialiter),
432 1647 530 1722 mutto,
553 1654 657 1710 contra
678 1652 773 1728 ipsius
789 1649 918 1710 Prolati
940 1649 1136 1728 celeritatem,
1154 1653 1195 1712 cd
1209 1657 1330 1731 priores

204 1760 336 1837 ordines,
357 1760 483 1838 grados,
504 1766 533 1820 ct
552 1761 724 1839 Dipoitotcs
739 1765 801 1821 sice
818 1761 941 1822 bonores
959 1766 1111 1822 restitutio
1130 1765 1327 1844 suffragetur.

203 1873 253 1964 lbi
266 1881 378 1938 autem
398 1889 551 1957 expresse
568 1874 734 1964 Episcopis
749 1875 906 1940 tribuitur
928 1883 1073 1958 potestas
1090 1875 1332 1962 extra-judicia-

201 1989 279 2078 iitor
292 1987 514 2072 suspendendi
529 1995 620 2078 etiam
637 1991 672 2052 ob
687 1993 833 2053 occuitum
847 1997 972 2055 crimen.
992 1992 1097 2055 Porro

248 2103 420 2168 2⁰E1hac
447 2104 588 2168 formula
613 2111 704 2168 ctiam
721 2107 756 2168 ob
772 2107 917 2168 occuitum
942 2113 1054 2170 crimen
1078 2107 1197 2173 invicte
1222 2111 1330 2195 sequi-

203 2218 335 2285 videtur
352 2217 439 2284 idem
471 2238 565 2303 posse
592 2220 783 2304 Episcopos,
811 2220 941 2306 quando
966 2222 1089 2287 crimen
1115 2242 1179 2287 non
1204 2230 1260 2288 est
1278 2244 1329 2288 oc-

202 2336 349 2424 cuitum,
368 2354 425 2401 seu
440 2335 569 2424 quando
583 2345 634 2400 est
659 2336 837 2419 publicum.
856 2338 937 2402 Nam
951 2337 1008 2402 ubi
1031 2337 1074 2403 de
1094 2339 1201 2424 aliqua
1218 2341 1328 2424 speeie

181 2496 183 2500 -
202 2451 323 2538 aliquid
338 2452 515 2520 affirmatur
527 2472 601 2519 cum
618 2453 777 2536 particula
793 2460 895 2533 ctiam,
915 2453 1084 2520 affirmatio
1097 2454 1194 2534 cadit,
1211 2465 1248 2522 et
1263 2458 1328 2522 for-

155 2561 159 2570 ’
199 2567 328 2645 00010
351 2569 430 2634 alias
455 2587 567 2634 omnes
590 2571 733 2651 specim,
752 2574 850 2654 prout
877 2589 989 2637 sensus
1014 2571 1268 2656 grammaticalis
1282 2573 1329 2636 in·

198 2683 303 2766 dicat,
330 2692 364 2750 et
386 2684 507 2754 docent
531 2687 750 2753 communiter
769 2687 953 2751 canonistae.
977 2687 1028 2750 Sic
1048 2687 1143 2754 verbi
1161 2689 1282 2779 gratia,
1301 2691 1326 2752 is

201 2803 254 2865 cui
269 2820 420 2867 concessa
435 2801 499 2867 fuit
514 2801 653 2866 facultas
669 2820 687 2865 a
704 2801 840 2878 casibus,
855 2808 946 2866 ctiam
963 2803 1122 2886 Episcopo
1133 2807 1321 2880 reservatis,

198 2913 405 3009 absolvendi,
426 2936 444 2980 a
464 2915 593 2980 fortiori
611 2925 754 3000 potesta
774 2916 900 2981 casibus
918 2937 983 2982 non
1007 2919 1196 2997 reservatis,
1217 2919 1325 2993 absol·

198 3050 288 3097 vere.
307 3032 392 3116 Ergo
414 3052 510 3098 exeo
527 3031 615 3116 quod
632 3033 790 3118 Episcopo
808 3051 959 3098 concessa
981 3034 1081 3098 fuerit
1098 3053 1117 3097 a
1134 3032 1324 3104 Tridentino

198 3147 337 3213 facultas
350 3147 654 3233 extra-judicialiter
662 3146 884 3231 suspendendi
891 3155 982 3212 etiam
993 3152 1028 3212 oo
1039 3153 1183 3214 occuitum
1194 3157 1319 3230 crimen,

198 3264 315 3356 merito
339 3263 551 3354 concluditur
575 3264 669 3328 simul
694 3282 846 3330 concessa
866 3263 1002 3330 facultas
1018 3265 1322 3350 extra-judicialiter

200 3379 424 3470 suspendendi
439 3379 480 3446 ob
496 3381 621 3450 crimen
633 3401 694 3444 aare
708 3381 866 3460 occuitum,
876 3400 934 3446 seu
948 3381 990 3446 ob
1005 3383 1128 3449 crimen
1138 3383 1318 3466 publicum.

135 3563 141 3578 x
241 3496 283 3560 Et
297 3496 367 3561 haeo
381 3495 512 3582 quidem
533 3497 781 3580 argumentatio,
799 3497 883 3561 sicut
897 3497 1321 3582 illustrissimobucionensi

197 3611 344 3690 Praesuli,
360 3613 453 3676 itaet
467 3611 546 3676 mibi
560 3611 780 3696 peremptoria
797 3610 938 3677 videtur.
953 3613 1020 3678 Nee
1035 3611 1165 3679 dicatur
1180 3614 1318 3691 suadere

125 3702 130 3711 ¹
199 3728 371 3792 materiam
383 3735 421 3792 ut
432 3726 604 3810 benignius
617 3747 655 3792 ea
668 3726 770 3795 verbo
784 3734 875 3790 ctiam
887 3730 922 3791 ot
934 3731 1079 3791 occuitum
1093 3736 1206 3794 crimen
1217 3732 1319 3796 inter-

196 3848 378 3926 pretemur.
398 3844 479 3908 Nam
499 3862 617 3908 revera
638 3845 746 3928 potuit
762 3842 948 3909 Tridentino
963 3843 1107 3930 synodus
1126 3846 1211 3912 velle
1226 3854 1319 3930 pote

196 3965 332 4048 statem,
354 3958 395 4025 de
418 3977 482 4044 qua
507 3959 645 4044 agimus,
664 3960 829 4043 Episcopis
847 3959 1014 4045 tribuere;
1034 3981 1096 4026 nec
1119 3964 1317 4040 contrarium

196 4074 365 4157 probatur.
397 4074 493 4157 Quod
516 4084 625 4144 autem
651 4074 692 4140 de
718 4075 805 4141 tacto
829 4075 1000 4155 tribuerit,
1025 4079 1186 4162 exipsius
1208 4079 1317 4146 verbis

196 4189 339 4273 rigorose
359 4191 517 4275 sequitur.
536 4190 630 4257 Unde
655 4191 770 4258 borum
785 4191 961 4259 verborum
976 4192 1019 4258 ad
1032 4195 1172 4260 alienum
1187 4213 1315 4261 sensum

199 4274 374 4384 codtorsio,
391 4313 508 4390 utpote
524 4326 658 4394 prorsus
672 4306 861 4385 arbitraria,
879 4307 1008 4374 admitti
1023 4311 1147 4396 nequit.

243 4421 333 4516 Hanc
367 4430 477 4488 tamen
510 4423 735 4510 probationem
762 4443 805 4501 ex,
826 4425 895 4538 ipso
920 4424 1227 4492 Tridentiuotextu
1258 4423 1313 4490 de·
