2878 5114
471 303 473 308 Ι
541 357 619 405 rans
643 357 803 408 secunus.
1169 344 1233 406 tot

43 473 48 484 “
106 505 126 546 a
142 481 361 550 obtinendum
375 481 512 564 petitam
523 478 796 564 dispensationem
812 479 997 550 conducere
1014 497 1108 566 posse
1126 504 1143 550 a
1161 499 1235 569 sup·

104 625 122 662 a
140 602 291 685 plicante
307 607 480 682 censetur;
498 607 536 664 ut
550 599 712 664 Romanus
728 599 880 666 Pontifex
892 619 931 666 eo
941 601 1039 678 lecto,
1059 607 1234 672 armature

103 743 118 776 a
134 717 362 795 considerato,
380 735 493 781 secum
507 713 692 780 deliberare
706 715 817 798 possit,
833 735 873 780 an
887 715 1079 800 petitionem
1095 717 1231 802 rejiciat,

101 855 119 896 a
135 833 196 900 rel
211 831 285 917 ejus
299 849 436 896 examen
451 831 547 894 alicui
559 850 601 896 ex
613 829 707 894 dietis
718 831 1020 923 congregationibus
1032 835 1230 900 committat:

99 967 241 1033 «aqua
263 955 474 1031 posteaquam
492 964 587 1010 suum
603 953 716 1012 votum
735 947 951 1013 consultivum
971 946 1098 1014 editum
1117 949 1230 1028 fuerit,

97 1088 115 1125 a
134 1063 352 1130 asecretario
367 1059 516 1147 ejusdem
532 1059 792 1146 congregationis
803 1063 904 1128 totius
917 1064 1038 1148 negotii
1049 1065 1149 1130 series
1161 1085 1233 1131 exa·

96 1203 114 1240 a
135 1187 199 1245 cte
216 1180 362 1245 Romano
387 1178 537 1243 Pontifici
561 1195 623 1262 pro
638 1166 789 1262 tempore
810 1178 996 1263 referatur3
1017 1181 1074 1264 qui
1089 1199 1149 1264 pro
1175 1201 1234 1248 sua

95 1320 113 1358 a
131 1294 322 1380 prudentia
340 1293 510 1379 Judioabit,
533 1314 573 1358 an
590 1295 855 1378 Congregationis
873 1296 1029 1362 resolutio
1052 1296 1094 1362 sit
1112 1315 1233 1381 appro-
1297 1333 1299 1340 ν

94 1437 112 1476 a
130 1411 265 1488 banda,
284 1411 336 1477 vel
354 1411 460 1494 potius
482 1412 580 1476 totius
596 1430 698 1476 causae
718 1429 856 1477 examen
872 1412 967 1479 alteri
983 1412 1233 1498 Congregatioui

93 1553 112 1592 a
129 1529 195 1594 vel
209 1527 378 1628 tribunali,
401 1535 500 1613 prout
522 1525 629 1592 eidem
649 1525 797 1594 Pontifici
814 1525 991 1606 videbitur,
1014 1548 1126 1598 rursus
1141 1548 1231 1598 com·

92 1669 111 1708 «
129 1643 389 1710 mittendum.»
446 1705 448 1712 ,

139 1762 193 1826 ΙΙ.
214 1764 298 1840 Quid
320 1766 494 1841 requiratur
509 1765 545 1822 ut
561 1762 666 1824 ualido
688 1767 718 1824 et
735 1763 820 1824 licito
839 1766 881 1824 stt
897 1761 1057 1842 pontificia
1075 1765 1232 1844 dispeusa-

88 1883 162 1944 ιἰὀ.9
176 1915 226 1926 -
245 1878 276 1940 1ο
291 1876 341 1941 ld
358 1875 560 1942 validitatem
579 1875 739 1961 ejusmodi
753 1878 976 1956 concessionis,
995 1895 1052 1943 seu
1067 1885 1105 1942 ut
1118 1881 1229 1946 matri·

85 1995 250 2061 monium
270 2009 386 2058 reuera
403 1990 610 2070 dissolvatur,
626 1998 661 2057 et
675 1990 764 2058 aliud
782 2012 801 2058 a
820 1991 1010 2078 conjugibus
1023 1994 1097 2060 iniri
1114 1996 1225 2080 possit,

85 2109 235 2178 omniuo
250 2124 383 2173 necesse
399 2116 528 2172 estnon
542 2107 756 2173 intervenisse
770 2109 966 2174 matrimonii
982 2111 1228 2178 consummatio·

85 2245 188 2303 nem.
204 2224 239 2289 Si
254 2225 340 2288 euim
351 2224 594 2288 matrimonium
611 2224 714 2290 fuerit
726 2233 994 2302 consummatum,
1014 2225 1080 2311 jam
1095 2247 1160 2293 nou
1176 2233 1227 2293 est

83 2361 153 2429 per
172 2329 382 2406 Pontificiam
408 2338 679 2422 dispensationem
697 2339 906 2425 dissolubile;
928 2347 962 2406 et
982 2351 1144 2426 praterea
1164 2343 1230 2410 dis-

83 2459 328 2546 pensationem
350 2457 501 2524 Pontifex
526 2475 591 2524 non
610 2438 776 2535 concefflt,
795 2459 855 2522 nisi
877 2459 910 2522 in
936 2457 1110 2543 hypothesi
1140 2461 1229 2545 quod

82 2571 348 2642 matrimonium
360 2591 424 2637 non
439 2573 540 2638 fuerit
566 2579 836 2639 consummatum.
857 2573 950 2652 Hinc,
965 2575 992 2638 si
1007 2582 1121 2658 postea
1135 2575 1228 2643 dete·

81 2699 196 2778 gatus
225 2688 403 2772 deceptum
422 2689 521 2754 fuisse
545 2689 755 2768 Pontificem,
774 2699 808 2756 et
829 2708 946 2756 revera
969 2678 1235 2758 consummatum

81 2811 198 2875 fuisse
220 2805 458 2870 matrimonium
475 2805 565 2890 quod
587 2805 857 2888 praetendebatur
874 2823 938 2870 non
953 2816 1222 2884 consummatum,

81 2922 308 3012 pronuntiari
329 2920 441 3000 debet,
468 2939 533 2988 nou
556 2923 706 2988 obstante
726 2921 976 3006 dispensatione,
999 2922 1094 3008 hujus
1115 2925 1226 2990 matri·

80 3040 198 3108 monii
226 3036 390 3114 validitas,
415 3042 449 3101 et
473 3037 711 3122 subsequenter
735 3039 893 3104 contracti
917 3037 1058 3124 conjugii
1078 3041 1222 3106 nullitas.

80 3164 121 3225 2⁰
158 3153 216 3220 Ad
251 3153 425 3218 liceitatem
458 3152 638 3236 requiritur
663 3155 804 3233 probatio
832 3151 875 3217 de
910 3171 975 3217 uon
1005 3164 1226 3221 consummato

80 3270 318 3346 matrimonio,
338 3277 372 3334 et
380 3274 469 3350 justu
480 3287 570 3332 musa
585 3266 665 3332 illud
682 3266 881 3333 dissolvendi
899 3270 1070 3354 :probatio
1089 3271 1224 3356 quidam

79 3393 131 3458 de
150 3405 225 3453 non
241 3392 464 3450 consummato
478 3385 700 3468 matrimoni03
711 3385 785 3469 quia
796 3386 822 3449 si
837 3405 877 3450 ex
893 3387 961 3452 sola
976 3389 1153 3454 assertione
1165 3407 1220 3473 pe-

78 3505 242 3574 tentium
267 3501 466 3584 d'spensatio
488 3499 696 3578 concedatur,
729 3499 888 3566 cum-haec
904 3503 1039 3567 assertio
1058 3503 1137 3569 falsa
1153 3523 1223 3572 csse

78 3621 212 3710 possit,
237 3617 329 3683 adest
343 3617 530 3700 periculum
542 3615 673 3701 januum
691 3615 860 3699 aperiendi
873 3614 1108 3682 adulteriorum
1131 3619 1222 3703 flagi-

77 3742 167 3819 tiis3
200 3732 360 3818 siquidem
390 3731 554 3798 mediante
584 3731 823 3814 dispensatione
850 3733 1035 3798 transibunt
1067 3732 1220 3818 conjuges

77 3857 131 3923 ad
145 3870 239 3920 nova
262 3846 431 3926 connubia,
452 3867 523 3934 quae
543 3857 657 3931 utpote
683 3849 787 3926 irrita,
808 3849 888 3913 nibil
907 3848 996 3914 aliud
1012 3857 1220 3936 enumquam

78 3969 229 4054 flagitia.
241 3963 305 4030 Sed
318 3970 622 4049 postquamcoustat
633 3973 890 4030 consummatum
909 3983 1025 4030 revera
1045 3985 1112 4030 non
1121 3965 1222 4032 fuisse

79 4081 352 4156 matrimonium,
368 4078 505 4146 concedi
513 4099 578 4145 non
588 4079 689 4145 debet
699 4079 908 4162 dispensatio,
923 4080 983 4144 nisi
995 4101 1036 4146 ex
1045 4080 1132 4166 justa
1147 4101 1219 4146 cau·

78 4223 121 4270 sa
142 4223 150 4266 :
170 4197 332 4264 relaxatio
350 4195 438 4261 enim
458 4197 700 4262 matrimonialis
715 4197 834 4262 vinculi
845 4205 894 4262 est
912 4196 992 4282 quid
1005 4215 1066 4280 per
1080 4216 1115 4262 se
1130 4197 1216 4262 bono

79 4314 243 4406 generali
258 4313 405 4378 uoclesie
421 4313 573 4378 nocivum
588 4335 595 4396 ;
613 4312 702 4379 uude
718 4313 791 4380 iteri
804 4333 868 4381 non
896 4313 998 4381 debet
1011 4315 1134 4399 absque
1149 4333 1218 4378 mo-

83 4440 165 4503 tivo
184 4430 383 4497 rationabili.
