2914 5122
224 337 285 404 106
570 353 759 421 moranus
779 356 824 406 nn
845 355 993 408 runscus.

218 499 294 552 narn
303 480 519 552 formalitates
531 481 574 551 ad
589 497 759 566 processus
771 483 916 556 valorem
930 484 965 555 iu
980 484 1188 570 monterione
1200 484 1335 568 speciali

217 599 438 682 requirantur,
459 597 517 664 ahs
531 616 568 664 re
584 605 694 664 tamen
709 617 775 663 nou
788 599 862 679 erit,
880 599 923 666 od
941 599 1152 667 sternendam
1174 601 1272 684 praxi
1285 599 1335 668 fe-

218 714 362 782 citiorem
380 715 484 792 uum,
510 713 627 785 eedem
641 714 761 780 iterum
778 715 812 784 in
828 715 1057 800 compendium
1072 714 1209 785 redacta
1230 715 1338 783 oeulis

219 827 395 914 subjicere.
1239 909 1243 914 ¹

269 973 281 998 κ
298 950 414 1024 Primo,
432 953 468 1012 et
481 952 557 1012 ante
571 946 687 1024 omnia,
703 945 772 1013 sive
788 964 829 1014 cx
842 964 933 1014 mero
948 944 1062 1026 officio,
1078 947 1147 1014 site
1162 945 1206 1014 ed
1216 946 1342 1014 instan-

225 1092 238 1114 «
256 1062 333 1130 tiam
345 1062 448 1146 partis
463 1061 621 1144 procedet
631 1060 747 1147 judex,
762 1061 863 1130 debet
873 1063 905 1129 ei
913 1071 1060 1130 constare
1071 1061 1113 1130 de
1127 1081 1268 1148 corpore
1283 1062 1343 1130 de-

225 1209 237 1232 «
258 1177 361 1246 lieti.»
382 1178 615 1266 (Reidenstuel,
637 1179 671 1245 iu
683 1181 736 1246 tit.
754 1183 783 1258 1,
805 1179 861 1248 lib.
878 1179 1020 1260 idern,
1039 1201 1073 1246 n.
1089 1178 1181 1264 211.)

264 1298 409 1375 seeundo,
427 1296 453 1360 si
471 1314 513 1360 ex
535 1313 626 1362 mero
648 1293 752 1363 officio
773 1296 943 1381 procedet,
966 1296 1068 1365 dehet
1085 1295 1127 1362 de
1150 1297 1273 1381 previa
1290 1297 1346 1364 in·

220 1411 318 1504 tentia
329 1410 591 1478 informationem
607 1411 746 1498 habere3
765 1413 845 1480 siad
856 1413 1058 1494 instantiam,
1072 1413 1345 1482 'informationem

220 1529 316 1596 simul
333 1534 368 1594 et
389 1527 580 1613 judicialem
595 1529 820 1613 probationem
835 1553 842 1598 :
860 1533 1004 1616 exceptis
1016 1531 1116 1598 certis
1141 1530 1270 1598 casibus
1287 1551 1347 1596 su-

220 1661 280 1731 pra
295 1647 497 1714 memoratis.

230 1821 232 1826 .
270 1789 283 1814 ιι
300 1764 412 1840 Tertio,
430 1758 531 1828 debet
546 1762 645 1830 citare
660 1779 771 1847 reum;
789 1769 824 1830 et
837 1767 1008 1847 postquam
1018 1762 1215 1830 examinavit
1231 1762 1344 1839 illum,

226 1875 363 1946 «eidem
382 1895 567 1960 proponere
587 1878 748 1962 capitula,
767 1896 867 1962 super
880 1877 999 1964 quibus
1014 1878 1163 1962 exigente
1177 1876 1265 1946 fama
1284 1885 1348 1946 aut

135 2054 137 2057 ,
225 1993 408 2060 «instantia
433 1995 556 2078 partis,
586 1995 649 2062 fuit
683 1995 873 2080 inquisitus3
900 2014 1026 2062 necnon
1047 1993 1267 2080 depositiones
1294 2001 1348 2062 te·

138 2116 142 2125 '
226 2108 397 2174 «stium»

271 2230 428 2307 «oemio,
455 2225 557 2294 debet
580 2247 639 2296 reo
659 2226 799 2296 subinde
820 2228 1060 2296 communicare
1080 2229 1178 2294 etiam
1206 2229 1347 2296 nomina

227 2371 241 2396 κ
257 2343 400 2412 testium.
423 2373 437 2398 »ι

272 2459 340 2525 «nt
357 2466 471 2542 qsateto,
490 2461 649 2545 recipere,
662 2459 788 2539 audire,
815 2481 854 2530 ac
869 2461 1054 2528 examinare
1081 2458 1153 2546 ejus
1172 2463 1347 2544 exceptio-

227 2607 240 2632 κ
258 2596 368 2646 nesae
381 2577 603 2646 defensiones.

225 2733 230 2765 ÷
270 2725 283 2746 «
301 2695 342 2764 tr
356 2694 427 2763 hee
441 2703 570 2774 cuncta,
593 2694 740 2782 ordoque
762 2713 876 2764 eorum
889 2697 1019 2764 omnino
1044 2695 1225 2762 necessaria
1246 2705 1343 2762 sunt.

226 2809 332 2888 «Nom
355 2808 495 2875 sinuum
517 2807 748 2892 predictorum
767 2811 976 2876 omitteretur
1001 2809 1113 2896 (salvis
1136 2807 1346 2874 limitationi-

225 2955 239 2978 κ
253 2924 315 2992 bus
325 2924 506 3010 appositis),
526 2932 582 2992 aut
603 2929 685 2994 ordo
701 2945 815 2994 eornm
838 2924 970 2993 debitus
991 2944 1055 2992 non
1078 2929 1283 3003 servaretur,
1306 2932 1345 2992 et

225 3072 238 3096 «
256 3060 333 3109 reus
357 3043 563 3124 reclamaret,
583 3064 641 3110 seu
660 3044 827 3128 exciperet
842 3050 876 3109 et
895 3049 1143 3127 protestaretur,
1163 3061 1345 3126 processus
1455 3089 1456 3098 κ

225 3185 238 3210 «
257 3163 342 3222 esset
358 3157 489 3224 nullus:
510 3158 689 3226 eommunis
704 3167 740 3224 et
754 3165 845 3226 certe
858 3157 1042 3245 (doctorum
1057 3153 1230 3240 sententia)
1251 3178 1258 3222 :
1284 3177 1346 3242 pe-

225 3303 238 3328 κ
255 3280 368 3358 tetque
380 3277 538 3358 exeaptte
552 3279 601 3340 Ad
608 3282 786 3358 petitionem
802 3275 868 3362 (Ὦ,
884 3275 936 3342 tit.
951 3275 1047 3352 t,tth.
1067 3271 1254 3358 sereret),
1267 3275 1342 3343 ibi:

224 3395 396 3472 «Qmmvo
416 3396 618 3460 restituendos
645 3397 724 3474 soret
749 3401 873 3476 propter
890 3396 1097 3475 jndiciariam
1114 3395 1250 3456 ordinem
1278 3413 1347 3460 mora

225 3538 236 3560 «
255 3519 419 3575 cecoton.
436 3509 531 3576 Unde
546 3511 653 3594 copite
669 3512 810 3591 Qualiter
823 3509 888 3595 (17,
903 3509 956 3574 tit.
970 3511 1000 3586 l,
1015 3508 1038 3574 l.
1060 3511 1078 3572 5
1095 3504 1236 3592 decret.)
1254 3507 1345 3576 dici·
1454 3485 1455 3536 ἦ

223 3657 236 3684 e
252 3635 323 3696 tur:
340 3627 430 3713 qnod
440 3626 659 3712 inquisitores
672 3627 699 3694 si
710 3626 932 3693 debitumnoo
944 3631 1160 3692 servaverunt
1170 3623 1341 3706 ordinem,

222 3776 235 3798 «
254 3742 439 3828 prudenter
453 3751 488 3809 et
501 3751 595 3809 caute
615 3763 650 3810 se
666 3745 829 3828 corrigere
845 3742 1003 3819 debeant,
1022 3745 1149 3822 miodo
1169 3752 1347 3838 meantes

223 3893 235 3916 ι
255 3867 386 3946 injurie,
403 3867 483 3928 code
496 3868 566 3942 iuro
575 3869 750 3926 nascuntur.
765 3861 848 3926 Hinc
858 3861 955 3926 etiem
972 3858 1203 3924 conscientiam
1218 3877 1344 3928 eorum

223 4011 235 4034 κ
253 3979 396 4064 desuper
413 3986 538 4058 onerat,
551 3985 585 4044 et
600 3976 804 4045 adhortando
815 3977 952 4042 ulterius
968 3974 1061 4041 addit
1072 3975 1249 4041 Pontifex:
1267 3982 1345 4042 Nori

223 4127 235 4151 ιι
248 4101 364 4181 medeci
382 4119 434 4162 cos
452 4117 582 4161 errorem
599 4103 731 4160 oestrum
749 4100 907 4176 corripere,
932 4098 984 4176 qui
1004 4098 1097 4175 positi
1111 4098 1183 4157 estis
1203 4101 1239 4157 ct
1257 4097 1344 4158 alio-
1453 4175 1454 4184 ἵ

222 4233 317 4278 «rem
330 4219 491 4295 corriqotr's
511 4231 666 4276 errores...
692 4215 840 4292 Quoniam
852 4231 892 4275 eor
914 4213 962 4274 itis
980 4230 1044 4293 quie
1065 4211 1237 4274 inordinate
1262 4220 1344 4275 sunt
1453 4187 1454 4224 ³

222 4338 329 4410 «octo,
351 4350 411 4394 noo
427 4336 527 4410 potest
545 4331 756 4392 ordinabiliter
771 4322 835 4410 cpi.
854 4326 936 4392 Hinc
953 4327 1121 4410 Fagnauus
1147 4324 1202 4411 (in
1226 4344 1255 4389 c.
1276 4328 1339 4403 24,

225 4446 304 4514 «tit.
324 4450 353 4524 1,
369 4444 428 4514 lit.
444 4448 463 4510 5
480 4442 586 4523 decr..
601 4464 633 4514 n.
647 4441 701 4532 30)
721 4450 823 4524 notat,
839 4443 966 4534 quodsi
981 4441 1071 4527 prius
1088 4441 1185 4512 fieret
1200 4441 1344 4528 inquisi-
