2914 5122
420 391 427 401 ·=
486 369 565 418 rans
587 368 746 416 monnau.
1118 349 1179 414 145

95 517 188 582 nempe
198 499 268 583 quis
278 493 467 581 petat,quid
478 501 621 578 petatur,
633 511 741 558 coram
750 513 814 578 quo
823 491 944 576 judice,
957 511 997 556 ex
1009 509 1073 576 quo
1085 491 1181 564 titulo

92 612 163 696 juris,
179 619 209 678 et
222 633 240 678 a
255 632 320 698 qua
334 629 485 696 persona.
549 633 553 642 ’

131 729 288 795 «Libellus
302 728 358 815 (ait
372 723 672 810 Schmalzgrueher‚
686 728 719 790 in
732 725 785 792 tit.
798 729 830 804 3,
843 726 868 790 l.
881 728 899 790 i
911 724 1015 806 decr„
1030 730 1045 804 5
1060 728 1089 803 1,
1102 745 1135 790 n.
1151 725 1180 810 t)

99 845 321 911 «communiter
344 843 451 910 trihus
469 841 615 926 partibus
636 842 862 908 construitur:
883 843 1067 908 narratione
1087 841 1182 920 facti,

98 960 211 1028 «medio
230 958 466 1036 concludendi,
486 958 602 1044 etipsa
621 958 836 1024 conclusione.
858 984 869 1018 ι

126 1081 264 1161 Qonsrto
286 1085 327 1144 1¹.
347 1113 392 1132 ·-
411 1079 518 1159 Qualis
531 1097 593 1140 esse
611 1079 716 1142 debeat
735 1080 967 1160 libellusquouol
983 1084 1187 1144 narrationem

92 1200 170 1276 sacti?
182 1233 227 1250 -
247 1228 260 1252 «ι
277 1195 474 1282 Respondeo
487 1196 532 1260 ita
546 1193 819 1272 construendum,
836 1202 873 1259 ut
895 1198 927 1260 1⁰
942 1195 1188 1279 exprimaturia

96 1331 150 1380 aco
161 1333 274 1380 nomen
284 1311 403 1397 judicis
418 1329 528 1379 coram
543 1329 607 1396 quo
622 1309 747 1394 agenda
762 1319 814 1376 est
834 1329 941 1392 causa,
960 1319 997 1376 ut
1011 1313 1131 1380 sciatur
1148 1333 1190 1382 au

95 1431 151 1496 «sit
162 1438 349 1514 competens
362 1429 416 1496 rel
429 1447 504 1492 non.
526 1429 598 1494 Non
613 1435 726 1492 tamen
740 1446 872 1494 necesse
888 1437 939 1494 est
953 1438 990 1494 ut
1004 1427 1193 1514 judicis'uo·

93 1571 104 1604 a
115 1565 179 1612 men
192 1549 363 1632 proprium
379 1553 531 1630 ponatur,
553 1543 613 1609 sed
631 1542 748 1610 sufficit
770 1550 805 1608 et
829 1543 911 1612 solet
928 1544 1032 1629 judex
1050 1547 1193 1630 compel-

95 1662 166 1730 ulari
181 1665 223 1730 ab
236 1663 340 1731 officio
364 1669 399 1729 et
417 1661 656 1747 jurisdictione.
673 1661 934 1728 2⁰1nserendum
948 1663 1058 1728 libello
1072 1671 1122 1730 est
1137 1685 1193 1730 ao-

94 1800 179 1848 umen
193 1782 362 1867 proprium
375 1780 504 1858 actoris,
518 1787 556 1844 ut
565 1778 668 1863 judex
678 1780 759 1845 sciat
769 1781 841 1864 quis
852 1787 936 1864 agat,
954 1789 988 1846 et
1003 1801 1080 1848 reus
1095 1802 1113 1848 u
1129 1801 1193 1866 quo

94 1899 327 1966 «conveniatur.
341 1901 376 1962 3⁰
390 1895 635 1980 Designaudum
648 1902 696 1961 est
708 1915 827 1962 nomen
838 1898 907 1974 Rei,
923 1906 961 1963 ut
973 1899 1133 1982 intelligat
1144 1919 1191 1977 se,

94 2033 171 2080 anon
186 2016 294 2092 alium
311 2014 436 2080 actione
455 2013 580 2096 impeti.
596 2014 630 2078 40
642 2013 868 2080 Subnectenda
885 2015 954 2096 ipsa
969 2017 1123 2093 narratio,
1138 2015 1195 2082 ubi

94 2132 331 2198 ·reconsebitur
354 2131 478 2195 factum
507 2149 582 2195 cum
607 2133 795 2196 necessariis
822 2133 1071 2200 circumstantis.
1098 2134 1138 2200 Et
1160 2134 1194 2198 ia

91 2247 195 2326 roivili
214 2243 345 2330 quidem
370 2243 481 2308 libello
501 2242 733 2321 exhibendum,
752 2241 842 2328 quid,
861 2245 966 2328 quale,
987 2254 1022 2310 et
1037 2254 1194 2330 quantum

94 2359 278 2427 :debeatur
298 2363 332 2424 5⁰
347 2361 384 2424 ln
400 2359 561 2424 criminali
580 2360 702 2438 libello,
720 2367 841 2444 praetor
858 2361 945 2426 dicta
960 2361 1079 2456 apponi
1094 2361 1196 2432 debet
1238 2409 1240 2414 -

94 2477 222 2544 ·delicti
246 2480 355 2556 loouS,
378 2497 498 2555 annus,
520 2478 659 2560 mensis;
681 2475 765 2542 odeo
788 2484 825 2542 ut
850 2477 899 2542 his
918 2479 1040 2544 omissis
1066 2478 1195 2544 libellus
1236 2457 1238 2462 ’

91 2595 179 2678 eipso
200 2595 273 2681 juro
297 2595 339 2660 sit
360 2593 483 2667 nullus,
508 2593 605 2658 etiam
630 2601 724 2677 parte
748 2611 814 2656 non
837 2603 1022 2678 opponente
1047 2595 1195 2682 (exlege

94 2715 289 2776 ‹Libellorum
304 2715 337 2790 3,
354 2709 388 2774 ff.
404 2713 441 2774 de
457 2711 713 2789 Accusatioottios,
732 2717 766 2774 et
782 2708 935 2776 doctores
951 2711 1191 2797 communiter).

95 2856 105 2880 ι
119 2829 189 2894 Dies
203 2829 362 2894 commissi
378 2827 520 2892 criminis
534 2827 637 2892 tutius
651 2827 812 2892 omittitur
824 2828 865 2893 ob
880 2828 1102 2896 difficultatem
1118 2849 1194 2914 pro·

94 2927 209 3010 «bandi
227 2947 365 3028 :excipe
389 2944 450 3008 uisi
472 2950 641 3008 accusatus
663 2950 754 3026 petat
777 2944 837 3010 sibi
856 2944 943 3011 diem
958 2954 993 3011 et
1009 2947 1121 3012 horam
1134 2967 1194 3012 no-

96 3040 244 3145 «minari3
280 3070 358 3126 tunc
389 3059 476 3124 enim
504 3060 613 3125 verius
639 3065 689 3124 est
716 3069 938 3126 accusatorem
965 3061 1095 3129 adhoc
1122 3067 1194 3149 cogi

96 3195 242 3260 «posse...
265 3200 272 3242 ε
293 3178 439 3242 Maronia
463 3184 574 3240 tamen
591 3184 627 3241 et
644 3175 697 3258 alii
719 3177 901 3261 negativam
927 3180 1097 3258 sustinent,
1126 3180 1193 3246 dini

96 3293 317 3360 «incriminati
339 3295 461 3372 tticum·
483 3311 558 3356 nam
579 3293 614 3356 in
636 3292 723 3363 civili
745 3293 907 3360 ordinarie
927 3315 991 3361 non
1014 3298 1193 3382 requiritur

98 3408 290 3495 «designatio
304 3409 462 3492 temporis
481 3417 516 3474 et
533 3409 597 3474 loci
615 3411 752 3493 :excipe
774 3411 922 3478 libellum
941 3412 1189 3500 injuriarum...;

92 3553 111 3582 v«
124 3527 188 3610 quia
201 3525 386 3613 hujusmodi
399 3525 528 3590 iam'osae
540 3526 682 3592 actiones
691 3526 912 3594 criminalibus
926 3537 1189 3612 comparantur.»

97 3640 398 3728 [Schmalzgruebcn
419 3641 490 3707 loeo
509 3638 632 3725 citato.)

104 3759 273 3840 ,Qumsrro
286 3762 388 3826 2³.·-
396 3760 444 3821 Ao
455 3777 568 3822 necesse
579 3763 621 3822 rit
631 3764 762 3840 caprini
772 3765 809 3822 io·
822 3762 921 3824 libello
934 3771 1187 3848 commeationis,

95 3892 143 3952 qao
165 3886 243 3941 octor
255 3896 354 3959 'apere
376 3877 533 3938 tetendit?
550 3911 596 3922 —
613 3874 793 3959 Antequam
812 3873 854 3940 ad
872 3879 1041 3961 quaesitum
1059 3899 1193 3965 respon.-

96 3985 228 4074 deamus,
246 3990 511 4078 praemittendum
526 3999 576 4056 est
591 3991 671 4076 quid
686 3999 840 4056 ¹ortionem
861 3996 1018 4063 vocabulo
1033 3997 1121 4082 apud
1141 4000 1194 4086 -ju-

96 4105 504 4193 nsporitosintelligendum
516 4109 636 4174 veniat.
654 4108 772 4174 «Actio
783 4110 816 4174 in
827 4129 948 4194 genere
966 4113 1022 4200 (ait
1038 4116 1191 4198 Schmier‚

102 4222 197 4293 slibro
220 4229 249 4305 l·‚
267 4232 414 4291 tractatu
428 4227 460 4301 2,
481 4225 587 4306 capite
608 4226 638 4301 5,
656 4226 798 4292 sectione
816 4227 848 4304 4,
867 4232 883 4305 5
905 4225 935 4314 5)
955 4237 1006 4294 est
1020 4230 1073 4316 jus
1086 4245 1197 4314 perse·

98 4364 115 4396 a
125 4341 236 4424 queam
248 4343 282 4406 in
295 4339 419 4427 judicio
433 4338 522 4424 quod
537 4339 598 4404 sibi
614 4339 768 4416 debetur.
792 4341 956 4410 Dividitur
969 4345 1004 4410 in
1019 4347 1146 4414 civilem
1163 4357 1199 4416 et

101 4481 115 4530 ,ι
125 4461 310 4556 pretorium.
321 4459 433 4536 Civilis
444 4463 506 4533 est,
520 4474 591 4541 quae
605 4453 670 4540 juri
683 4457 768 4522 civili
782 4459 814 4522 in
827 4460 936 4542 specie
950 4461 1046 4547 (puta
1060 4465 1198 4551 legibus,

196 4570 226 4628 ii,
1061 4577 1095 4634 10
