2836 5118
507 382 586 430 rnna
607 382 766 432 ramnus.
1127 367 1191 430 279

130 505 163 568 4⁰
175 504 286 570 Potest
305 503 410 590 jullea
428 527 449 570 a
472 519 530 588 poc
547 505 740 591 praedictum
759 507 891 592 trigima
913 490 1194 592 diffiniamus

91 618 282 698 abbreviare,
298 628 333 686 et
344 622 523 706 appellanti
531 623 695 706 wgnare
712 625 886 692 ambonem
894 623 1070 692 terminum
1083 622 1127 690 ad
1137 643 1194 708 pc·

90 732 196 808 tendas
214 736 387 818 apostolos.
405 737 476 818 Quo
491 738 602 820 elapso
616 738 767 815 termino,
785 739 812 806 ai
826 739 993 824 appellans
1011 757 1066 806 eoa
1077 747 1192 824 petere

90 850 269 933 neglexerit,
297 859 451 918 censetur
471 853 683 937 appellationi
708 855 925 933 renuntiasse,
948 854 1084 938 perinde
1107 855 1194 924 noui

90 963 181 1049 elapsi
197 965 308 1032 forent
327 969 370 1034 30
383 965 454 1034 dies
468 965 511 1034 de
528 966 602 1052 jura
623 969 787 1036 communi
804 970 959 1036 concessi.
980 971 1031 1036 Ita
1045 968 1197 1038 doctores

88 1081 302 1150 communiter.
322 1082 416 1169 (Vide
430 1083 731 1166 Scbnnalzguueber,
748 1084 783 1150 in
794 1084 846 1150 tit.
864 1087 918 1162 28,
931 1084 1037 1152 libris
1050 1082 1192 1162 decrat.

88 1219 116 1262 n.
137 1206 193 1281 773
211 1217 340 1264 necnon
361 1198 569 1276 Muranum,
583 1199 656 1266 loeo
675 1217 774 1283 supra
789 1197 914 1283 citata)
931 1199 1133 1268 Probabilius
1146 1206 1196 1264 ta-

87 1329 232 1378 mennon
248 1320 358 1396 posset
368 1310 473 1396 juder
488 1333 508 1376 a
523 1334 590 1395 quc,
606 1314 718 1398 plures
733 1333 831 1400 quam
850 1317 894 1382 30
911 1313 982 1382 aies
999 1312 1193 1383 concedere.

126 1428 157 1488 5⁰
174 1425 200 1492 A
215 1445 283 1511 qua
311 1434 459 1509 tempore
484 1444 619 1492 currere
643 1426 799 1510 incipiant
816 1429 859 1494 ³0
884 1425 956 1492 dies
976 1426 1019 1492 ad
1037 1425 1198 1511 petendos

86 1537 241 1623 apostolos
261 1541 414 1616 concessi
435 1541 524 1606 iuter
547 1540 699 1608 doctores
722 1543 991 1610 controvertitur.
1005 1541 1066 1608 lbi
1084 1542 1198 1608 volunt

86 1675 135 1722 eos
147 1676 285 1723 currere
300 1655 385 1724 adie
399 1657 473 1722 latta
486 1657 656 1724 sententia
676 1679 683 1724 ι
701 1658 755 1724 alii
769 1677 787 1722 a
803 1656 857 1724 alie
871 1658 1068 1741 interposita
1086 1657 1198 1740 appol

84 1771 224 1838 lationis:
241 1772 297 1840 alii
311 1792 331 1836 a
345 1771 398 1838 die
410 1791 475 1857 quo
491 1773 604 1842 notitia
618 1771 661 1840 de
673 1773 834 1840 sententia
849 1771 914 1838 lata
924 1771 968 1838 ad
980 1771 1197 1856 appellantem

85 1887 239 1967 persenit.
262 1885 356 1971 (Vide
376 1886 679 1970 Sohmnlugruebeu
701 1889 735 1952 in
754 1886 808 1952 tit.
833 1889 887 1962 28,
912 1885 986 1952 libri
1009 1889 1029 1950 2
1054 1884 1194 1964 deust,

84 2021 112 2065 n.
130 1999 196 2085 76.)

122 2119 155 2184 6⁰
172 2119 238 2200 Qui
256 2119 419 2202 apostolos
438 2120 533 2202 petiit
559 2127 594 2186 et
616 2119 767 2198 obtinuit,
789 2126 924 2187 tenetur
941 2119 1032 2186 intra
1053 2126 1193 2203 tmpus,

85 2228 132 2294 vel
144 2249 162 2294 a
174 2228 264 2314 jare,
282 2230 368 2296 vela
384 2229 496 2315 judice
512 2252 532 2296 a
547 2252 615 2313 nco,
633 2231 816 2315 praeliatum,
834 2229 1086 2314 appellationem
1107 2248 1198 2297 suam

83 2364 150 2412 cnm
165 2337 321 2430 apostolis
339 2345 441 2432 judici
460 2351 502 2412 ccl
524 2369 609 2430 paco
630 2349 792 2414 insinuare
813 2365 872 2414 sau
895 2348 1084 2432 porrigere.-
1103 2345 1197 2434 (Vide

84 2462 252 2544 probatum
267 2463 355 2548 apud
367 2464 575 2542 Laureolum,
596 2466 652 2531 eit.
672 2462 773 2548 loco.)

124 2584 156 2644 7ο
167 2580 285 2654 Potest
293 2577 397 2663 judex
412 2600 433 2642 a
442 2599 500 2662 quo
506 2581 683 2665 appellanti
693 2578 861 2663 praefigere
876 2577 1052 2644 terminum
1062 2576 1107 2644 ad
1119 2595 1199 2662 praa·

84 2693 255 2760 sentandos
270 2694 432 2778 apostolos
448 2693 550 2778 judici
574 2699 616 2759 ccl
637 2715 734 2778 qaum,
761 2695 878 2777 Elapso
899 2693 959 2758 hoc
974 2693 1114 2760 terrina
1131 2693 1200 2780 (qui

83 2816 207 2894 ternpus
227 2807 476 2878 introducenda
496 2811 720 2895 appellationis
742 2809 852 2876 vocari
874 2805 981 2893 solat),
1006 2808 1035 2875 ai
1059 2808 1200 2892 apostoli

82 2923 177 3007 judici
189 2927 233 2990 ccl
254 2944 340 3006 quem
356 2944 420 2990 non
433 2924 555 2990 fuerint
574 2924 719 3002 exhibiti,
737 2924 913 3008 appellatio
936 2921 1069 2988 deserta
1084 2940 1198 2990 cenae·

84 3045 133 3104 tur
150 3048 185 3106 et
198 3037 350 3106 efficitur.
369 3039 568 3125 (Leurcnius,
584 3041 658 3109 luco
673 3037 743 3123 cit.)

123 3159 156 3222 8⁰
169 3156 202 3220 Si
217 3153 323 3262 judex
338 3174 357 3220 a
372 3173 438 3240 quo
453 3156 579 3225 nullum
598 3155 787 3240 preteribat
804 3156 980 3222 terminum
1001 3153 1045 3222 ad
1058 3173 1199 3240 praeseu·

84 3269 195 3336 undas
212 3269 377 3352 apostolos
399 3268 501 3353 judici
520 3274 562 3336 cd
582 3291 679 3352 qwm,
695 3270 856 3336 terminus
879 3268 934 3334 ille
960 3277 1109 3336 remanet
1128 3270 1197 3352 ipso

81 3382 149 3466 jure
164 3384 393 3468 prascriptus3
411 3389 527 3468 estque
548 3403 607 3451 sex
623 3386 793 3462 meusium,
811 3403 831 3449 a
849 3381 902 3450 dia
924 3384 1122 3468 interposita
1142 3400 1199 3468 ap·

85 3501 263 3582 pollutionis
281 3499 569 3568 numerandorum.
594 3500 659 3567 Sed
678 3500 775 3580 multi
798 3507 950 3568 auctores
969 3507 1086 3584 putant
1112 3499 1199 3584 ajut-

85 3616 167 3684 modi
177 3618 357 3684 terminum
375 3616 471 3682 bodie
486 3637 555 3684 esse
571 3618 790 3684 arbitrarium.
807 3614 846 3682 Id
862 3623 922 3694 cst,
938 3615 1072 3682 arbitrio
1081 3613 1199 3699 judicis

83 3751 169 3814 epac
184 3734 352 3799 relictum.
372 3731 466 3818 (Vide
481 3738 592 3798 Forum
602 3737 832 3798 ecclesiasticum
845 3731 1010 3809 Laurenti,
1024 3732 1058 3796 iu
1076 3732 1127 3796 tit.
1141 3734 1194 3810 28,

84 3846 190 3932 libri2
203 3848 347 3926 decret,
368 3867 400 3933 q.
423 3851 517 3927 1030,
536 3869 570 3914 n.
586 3846 633 3932 4.)

125 3963 276 4044 Quinam
288 3963 333 4028 6⁸.
350 3995 396 4012 -·
419 3967 570 4042 ammodo
589 3970 654 4046 peti
667 3971 697 4028 et
715 3965 835 4028 suada
852 3965 976 4027 decem
989 3965 1140 4046 apostoli?
1154 4000 1198 4012 -

90 4076 118 4136 1ο
133 4074 288 4158 Quamvis
301 4074 481 4141 consultius
495 4055 544 4140 sit¹
555 4093 611 4140 eos
623 4077 694 4160 peti
711 4075 897 4168 inscriptis,
915 4073 950 4140 id
964 4083 1074 4142 tamen
1087 4092 1199 4143 nec&

89 4189 203 4256 uuum
219 4209 285 4257 non
300 4208 370 4256 esse
385 4190 521 4258 tradunt
536 4193 750 4259 communiter
765 4197 926 4275 auctores.

128 4307 161 4370 2⁰
177 4303 321 4374 concedi
335 4311 444 4398 autem
458 4305 492 4370 iu
506 4306 636 4388 scriptis
646 4305 789 4389 debent;
804 4313 851 4386 et,
863 4313 901 4372 ut
912 4303 1199 4378 adduntnonnulli

93 4427 237 4486 auctores
250 4426 323 4504 post
345 4420 481 4510 glum
495 4420 540 4506 (in
553 4421 786 4488 Clementinam
798 4426 953 4502 mamea,
968 4423 1008 4484 de
1016 4417 1194 4504 Appellat),
1288 4427 1294 4438 '
