2838 5114
227 327 292 412 4⁴²
573 343 760 394 rnncrsrus
783 347 827 396 ns
849 346 997 398 runrcus.

227 472 486 548 «subdiaconus,
506 469 637 536 minimo
658 470 771 536 habitu
791 482 826 537 et
850 475 1009 540 ementito
1028 477 1171 554 nomine,
1198 477 1337 560 pluribus

224 588 375 653 «abhinc
392 586 492 663 annis,
514 605 555 649 er
575 586 740 650 Mensam
763 590 930 670 provincia
951 589 1016 654 buc
1033 589 1179 669 advenit,
1205 592 1337 676 publice·

226 723 243 765 n
261 721 324 788 que
339 703 580 767 matrimonium
599 704 770 767 contraxit.
799 705 896 768 Facta
918 705 998 770 milri
1015 705 1179 772 diaecesim
1202 709 1336 792 ingresso

225 841 241 880 n
261 817 518 894 denuntiatione,
540 817 646 881 omnia
660 817 824 900 patefacte
842 827 929 896 suut,
949 819 1070 886 nedum
1088 823 1191 906 ipsius
1203 823 1337 888 Reicon

225 957 242 996 u
264 933 413 1010 sessione,
433 934 565 997 testium
584 931 855 1016 depositionibus,
873 937 1035 1002 attestatis
1056 936 1200 1002 indubiis
1224 939 1336 1022 protes

122 1123 127 1136 ,
225 1073 241 1111 s
256 1049 356 1115 sionis
375 1049 529 1114 solemnis
544 1056 579 1113 ct
591 1049 724 1127 ordinis,
743 1067 857 1114 verum
872 1059 906 1116 et
923 1049 1097 1118 identitate
1111 1071 1259 1136 persone
1273 1055 1337 1120 reli·

224 1167 337 1250 «giesi
366 1164 558 1229 insinuati...
580 1163 662 1250 (Atto
694 1167 840 1246 ejuenodt
866 1169 1004 1248 coempto
1026 1171 1179 1232 subnectit
1204 1172 1337 1232 lauduuo

224 1305 240 1343 a
258 1285 407 1360 antistes·
417 1287 481 1343 turn
492 1279 543 1341 troc
555 1282 643 1342 modo
652 1276 870 1363 prosequiturl:
883 1303 894 1336 s
907 1283 978 1346 lam
989 1282 1016 1348 si
1032 1283 1063 1346 in
1075 1284 1113 1346 iis
1122 1292 1182 1349 aut
1193 1284 1337 1350 similibus

223 1421 240 1460 n
257 1396 383 1463 casibus
397 1396 503 1462 omnia
518 1393 710 1460 adamussim
724 1405 946 1475 servarentur,
967 1416 1038 1483 qne
1052 1400 1262 1466 aBenedicto
1273 1403 1334 1466 xiv

224 1535 240 1576 n
259 1511 525 1597 prescribantur,
557 1530 622 1576 non
651 1511 817 1576 minimum
845 1512 983 1596 publicae
1001 1515 1135 1579 utilitati
1149 1524 1187 1581 et
1205 1516 1337 1582 salutifi-

223 1627 377 1696 «delium
398 1607 574 1701 afferretur
593 1625 848 1712 detrimentum
866 1631 1034 1713 praecipue
1057 1631 1100 1696 oh
1117 1629 1288 1698 dilationes
1307 1634 1335 1697 in

223 1745 369 1829 «prima,
387 1743 542 1821 secunda,
564 1751 621 1808 aut
636 1744 735 1810 etiam
751 1745 849 1809 tertia
864 1744 1016 1812 instantia
1029 1749 1250 1833 necessarias3
1268 1768 1336 1834 quas

221 1880 239 1923 n
258 1869 367 1945 partes
381 1861 426 1924 iia
441 1859 549 1944 inique
565 1858 688 1936 ierunt,
702 1867 740 1923 ut
753 1860 888 1943 insuper
907 1859 1020 1926 habito
1033 1861 1160 1947 judicio
1176 1864 1332 1940 nullitatis,

222 1995 320 2042 onon
338 1977 577 2042 matrimonium
595 1975 685 2042 aliud
702 1977 897 2041 contrahere
917 1985 1084 2061 satagant,
1107 1977 1169 2044 sed
1186 1987 1281 2064 prout
1303 1981 1335 2044 li·

222 2117 239 2154 «
255 2093 365 2158 buerit
379 2093 636 2156 incontinentem
651 2092 753 2156 vitam
765 2091 906 2158 ducere.
928 2093 1007 2158 Cum
1024 2094 1113 2158 nulla
1125 2096 1167 2158 sit
1180 2097 1261 2160 tanti
1270 2097 1335 2160 mali

222 2233 238 2270 n
254 2227 329 2291 spes
345 2205 528 2284 evomendi,
546 2185 675 2292 postulo
694 2209 803 2292 itaque
819 2227 837 2273 a
853 2209 949 2275 Sacra
964 2211 1224 2294 Congregatione
1241 2211 1334 2277 decla·

222 2349 239 2386 α
259 2326 334 2404 rari,
353 2323 545 2409 predictam
569 2325 836 2390 cmrstitutionem
858 2325 1028 2392 Benedicti
1043 2327 1117 2392 XIV
1144 2329 1255 2394 locum
1278 2347 1333 2392 non

216 2444 236 2502 'a
254 2442 376 2508 habere
394 2443 427 2505 in
443 2439 570 2505 casibus
582 2441 627 2504 ita
642 2443 743 2505 certia
762 2449 797 2509 et
812 2442 960 2520 notoriis,
978 2450 1016 2507 ut
1030 2443 1228 2509 matrimonii
1250 2443 1332 2509 nulli-

221 2577 237 2620 «
251 2566 302 2624 tas
320 2558 409 2622 inulla
421 2557 520 2640 possit
534 2545 804 2639 tergiversatione
833 2559 952 2641 celari3
971 2565 1047 2635 aut,
1067 2561 1093 2623 si
1112 2560 1331 2644 superbiore
1417 2621 1418 2624 ,

217 2687 236 2734 'a
253 2676 360 2740 extitit
377 2673 642 2757 congregationis
658 2672 850 2750 declaratio,
866 2674 946 2740 talis
954 2674 1184 2740 declarationis
1200 2676 1275 2742 mibi
1286 2695 1330 2741 co

219 2794 337 2876 cpiam
357 2790 509 2876 praeberi.
532 2812 548 2850 u

263 2905 388 2988 Quibus
411 2903 617 2988 praenotatis,
641 2903 684 2968 ad
702 2899 887 2987 questionis
907 2905 1102 2970 solutionem
1122 2906 1329 2988 procedemus

214 3018 277 3089 hoc
297 3021 415 3088 modo:
434 3024 468 3085 1ο
483 3021 625 3085 rabones
640 3018 845 3085 deducemus
858 3037 928 3106 que
941 3022 1081 3088 innuunt
1098 3023 1327 3089 Benedictinan

216 3139 480 3204 constitutionem
495 3155 560 3200 non
580 3136 724 3220 obligare
747 3138 780 3199 in
799 3136 925 3202 casibus
940 3139 1074 3202 notoria
1098 3155 1158 3203 seu
1177 3137 1326 3204 evidente

215 3255 391 3338 nullitatis3
410 3256 446 3317 2⁰
466 3255 498 3318 in
523 3253 721 3318 contrarium
744 3251 912 3318 militantia
935 3261 1127 3336 argumenta
1153 3254 1326 3320 recensebi-

215 3385 306 3453 mus3
330 3373 364 3435 3⁰
381 3367 515 3434 tandem
528 3357 607 3453 quid
626 3365 804 3433 tenendum
820 3367 976 3434 videatur
991 3367 1237 3436 concludemus.

261 3488 445 3552 illationes
464 3503 530 3567 quse
552 3491 683 3549 innuant
704 3489 818 3548 buttem
837 3487 1065 3549 benedictinum
1082 3493 1117 3550 tn
1133 3507 1210 3552 cusu
1229 3493 1325 3552 nutri·

214 3611 307 3668 menti
329 3609 443 3667 notorie
461 3605 541 3665 unilt
554 3603 769 3684 applicandum
786 3621 847 3665 non
862 3609 934 3667 ease.
953 3637 999 3650 ·-
1015 3602 1182 3688 Ejusmodi
1195 3607 1325 3672 renones

212 3722 258 3787 sic
281 3719 441 3786 deductas
463 3718 631 3803 reperies,
655 3721 687 3782 in
704 3727 884 3784 memorata
902 3737 997 3784 causa
1014 3721 1190 3786 murensi
1210 3723 1262 3809 (id
1278 3739 1325 3786 au·

213 3838 299 3922 gusti
318 3838 411 3913 1848,
430 3837 463 3900 iu
478 3843 567 3900 tomo
581 3837 657 3900 anni
672 3835 833 3920 ejusdem,
845 3836 960 3918 pagina
976 3833 1073 3921 363):
1091 3861 1107 3897 n
1117 3839 1210 3903 llaec
1227 3845 1324 3904 annm

215 3952 489 4036 «dispositionem
512 3951 627 4038 (nempe
652 3955 740 4016 butloe
765 3950 979 4036 annutante)
1001 3954 1035 4016 in
1061 3953 1191 4020 casibus
1208 3962 1323 4020 naun

214 4091 230 4131 n
248 4069 354 4135 dubie
374 4071 530 4136 nullitatis
556 4071 663 4135 locum
687 4070 810 4135 habere
832 4067 972 4134 suadent
992 4069 1095 4134 verba
1117 4089 1177 4153 per
1202 4068 1323 4138 Pontii

214 4207 231 4247 n
249 4205 320 4252 cem
340 4185 484 4252 adbibita
500 4186 563 4251 sub
580 4186 819 4250 constitutionis
832 4187 978 4251 initium:
995 4191 1071 4251 Cum
1086 4193 1183 4269 tpttur
1196 4188 1250 4274 (ita
1264 4182 1320 4266 ille]

210 4317 231 4364 'n
250 4283 566 4367 semissemiuncia...
590 4309 796 4366 controuersia
815 4304 917 4382 aliquo
940 4311 1132 4385 properatur,
1159 4310 1194 4368 tn
1219 4304 1321 4386 quode

215 4425 435 4484 senatrimonti
455 4421 617 4482 validitate
639 4421 866 4484 dubitabitur...
891 4419 1034 4486 Verbum
1063 4418 1224 4505 siquidem
1246 4420 1319 4484 dnbi-
