2848 5118
469 367 547 417 naas
569 365 728 417 aremus.
1092 333 1159 414 253'

94 489 127 561 ll.
144 497 171 560 A
185 487 364 578 ymoumv'ne
379 501 478 559 tamna
484 495 632 577 paenale·
645 497 823 557 commitante
837 493 988 574 appellari
992 495 1103 574 potest.
1113 523 1159 540 -

63 609 92 678 ld
104 616 212 696 aperte
233 617 420 694 supponunt
439 610 508 675 hac
527 607 631 675 verba
659 609 772 691 capitis
789 611 864 672 Cum
886 613 1018 671 cessante
1038 606 1104 693 (60,
1122 609 1159 671 ela

60 721 172 808 lppclt.)
196 743 204 789 :
222 751 237 782 n
252 723 325 790 Sive
339 723 441 809 judex
456 723 649 804 ordinarius,
669 727 737 791 aive
752 724 921 807 delegatus
935 723 1056 808 aliquid
1072 741 1159 789 com-

63 838 229 906 eminando
253 841 441 923 protulerit,
461 859 527 926 quo
551 840 736 908 executioni
758 839 911 905 mandato
931 838 1014 904 alter
1030 839 1160 923 litigan-

64 979 75 1014 t
89 957 160 1020 uum
191 961 404 1038 gravaretur,
427 957 454 1021 si
486 975 505 1020 a
535 957 593 1022 tali
618 955 864 1022 comminatione
888 953 990 1018 fuerit
1016 955 1159 1036 appalla-

64 1092 75 1128 ι(
90 1075 163 1148 tum,
176 1079 269 1136 etc.»
284 1072 397 1156 Neque
407 1071 468 1137 hoe
477 1069 671 1137 contradicit
683 1071 853 1153 praemissa
863 1069 993 1152 regule,
1006 1069 1158 1134 nimirum

61 1205 110 1250 non
125 1187 285 1270 appellari
303 1207 322 1252 a
337 1189 525 1272 gravamine
545 1189 578 1253 in
600 1187 722 1272 judicio
737 1183 925 1261 inferendo,
950 1183 1009 1250 sed
1032 1190 1159 1251 tantum

62 1300 206 1386 ahillat03
221 1321 298 1366 nam
315 1321 491 1386 gravamen
512 1323 531 1368 a
551 1301 661 1388 judice
680 1302 908 1366 comminatum
923 1319 988 1366 non
1004 1304 1053 1365 est
1068 1319 1159 1368 mere

61 1416 204 1498 sumnum,
222 1418 353 1504 sedjam
365 1419 417 1484 hic
433 1426 467 1484 et
484 1438 570 1484 nunc
582 1423 707 1502 gravat,
724 1423 758 1482 et
770 1433 831 1499 pro
841 1417 993 1497 praesenti
1006 1415 1157 1487 habetur.

62 1533 198 1600 limmen
210 1532 314 1619 judex
334 1541 407 1619 post
428 1533 711 1600 comminationem
733 1533 851 1598 iactam
866 1543 937 1597 eam
952 1538 1158 1611 retractaret,

62 1657 156 1730 posset
173 1649 207 1714 in
223 1669 319 1714 causa
338 1667 489 1732 pergere,
515 1648 730 1714 nonobstante
752 1647 967 1731 appellatione
989 1665 1007 1710 a
1031 1649 1163 1713 commi·

62 1773 124 1829 nato
146 1766 354 1849 gravamine,
373 1773 471 1848 prout
507 1781 659 1847 expresse
685 1764 876 1830 decernitur
894 1763 926 1827 in
942 1761 1040 1829 modo
1064 1765 1164 1829 citato

68 1881 160 1962 capite
185 1885 261 1944 Cum
278 1887 421 1945 cessante.

98 1996 153 2060 llI.
181 1998 207 2059 A
225 2001 402 2078 pronomina
419 1995 674 2079 cntra-judiciali,
696 1999 788 2058 ctiam
808 1995 913 2073 [antro
927 1998 956 2055 et
970 2011 1030 2055 noc
1048 1997 1166 2056 commt-

62 2117 132 2189 ncta,
152 2113 303 2192 appellant
323 2119 431 2192 potest.
448 2113 553 2175 —lta
571 2103 771 2175 concludunt
794 2128 836 2174 ex
858 2108 1057 2174 Clementiae
1078 2111 1164 2174 simet

64 2223 100 2308 (3,
116 2229 152 2289 ele
170 2223 333 2310 Appellat.)
336 2274 348 2322 ,
365 2233 435 2291 tum
450 2227 553 2309 glossa
576 2224 620 2312 (in
648 2225 750 2291 verbo
767 2222 905 2308 Futuro),
924 2232 995 2290 tum
1012 2223 1164 2290 doctores

19 2405 21 2410 ,
63 2341 277 2405 communiter.

99 2457 173 2521 Tota
188 2474 267 2540 ergo
285 2456 420 2540 questio
435 2454 477 2522 de
503 2455 750 2539 appellationes
773 2459 887 2537 fictura
911 2456 1160 2542 gravaminibus,

62 2575 161 2651 potest
181 2569 227 2636 sic
248 2570 397 2637 breviter
415 2571 533 2654 exponi
554 2587 628 2636 cum
650 2573 943 2656 Schmalzgrueber
965 2593 972 2638 :
999 2595 1015 2634 n
1045 2570 1169 2637 Distin·'

66 2707 79 2744 v
91 2685 249 2769 guendum
269 2695 321 2753 est
340 2689 429 2752 inter
451 2687 702 2771 appellationem
717 2690 750 2753 in
773 2688 895 2774 judicio
911 2697 946 2754 et
968 2693 1060 2754 extra
1076 2687 1165 2772 judi-

67 2823 80 2858 v
93 2803 191 2868 cium:
213 2821 290 2868 nam
309 2812 402 2869 extra
414 2802 575 2888 judicium
595 2803 751 2889 appellari
769 2809 877 2886 potest
897 2803 1030 2868 etiamn
1050 2800 1172 2886 grava-'

67 2937 81 2975 v
94 2919 173 2984 mine
193 2919 307 2984 futuro
322 2925 357 2985 et
369 2915 514 2984 nondum
528 2919 617 2984 illato
638 2936 699 2984 nec
714 2919 917 2984 comminata.
939 2917 980 2983 At
996 2919 1030 2982 in
1043 2917 1165 3003 judicio

68 3035 243 3116 «appellari
269 3033 373 3100 solum
394 3039 503 3116 potest
520 3055 538 3099 a
554 3035 740 3116 gravamine
756 3033 821 3118 jam
841 3033 974 3111 inflicto,
989 3040 1023 3098 et
1042 3053 1060 3097 a
1079 3051 1166 3098 com·

68 3150 261 3216 «minatione
278 3149 474 3233 gravaminis
485 3148 658 3227 inferendi,
671 3148 789 3234 injuste
801 3149 887 3213 facta
904 3147 1129 3233 perjudicem.
1148 3173 1163 3210 a

69 3284 81 3322 n
98 3263 142 3348 (ln
152 3265 200 3329 tit.
215 3267 269 3343 28,
289 3265 346 3330 lib.
369 3265 543 3344 ldecret„
562 3285 594 3329 n.
617 3263 683 3350 17.)
741 3298 746 3313 ι

105 3379 249 3460 Quaene
264 3384 307 3444 5¹.
329 3417 374 3428 «-
388 3383 434 3444 Aa
453 3383 540 3444 detur
555 3383 722 3462 appellatio
740 3402 759 3445 o
777 3387 910 3445 cenmris
930 3389 1167 3447 excommunica·

67 3499 163 3575 tionis,
192 3503 392 3579 suspensionis
414 3503 444 3559 et
470 3500 654 3560 interdicti?
671 3535 714 3544 —
740 3497 766 3562 Ῑ.
797 3497 829 3561 Si
859 3495 962 3582 judex
997 3517 1166 3564 censuram

66 3613 244 3690 pronuntiet
265 3619 337 3694 post
359 3609 563 3696 interjectam
585 3613 837 3695 appellationem
866 3612 907 3678 ab
936 3612 1006 3698 ejus
1037 3606 1168 3679 senten·
1276 3691 1278 3695 Ι

66 3723 125 3801 tia,
148 3745 280 3792 censura
302 3727 370 3791 haec
389 3727 517 3791 omnino
539 3727 627 3792 nulla
648 3735 712 3804 est,
735 3735 770 3792 et
795 3729 970 3812 appellatio
992 3749 1011 3794 a
1037 3736 1168 3794 senten·

68 3837 109 3901 tia
133 3842 311 3907 nullatenus
335 3858 396 3925 per
425 3860 496 3907 eam
521 3861 689 3908 censuram
715 3843 905 3927 impeditur.
930 3845 1028 3910 Casus
1052 3864 1167 3929 nempe

67 3952 119 4016 ille
142 3963 187 4021 est
206 3978 213 4022 :
234 3951 453 4040 supponamus
475 3960 713 4041 pronuntiatam
738 3959 779 4024 ab
800 3957 959 4044 Episcopo
981 3961 1080 4026 fnmse
1101 3981 1171 4028 sen·
1283 4023 1286 4028 ,

68 4069 193 4135 tentiam
219 4080 330 4137 contra
357 4073 496 4156 aliquem
520 4074 684 4153 clericum,
703 4095 768 4140 non
796 4083 906 4140 tamen
930 4076 1027 4142 ullam
1056 4097 1171 4142 censu-

69 4169 157 4249 ram:
181 4188 332 4253 clericum
359 4207 439 4254 vero
462 4189 642 4272 appellasse
672 4190 713 4255 ab
741 4190 801 4256 hac
828 4193 1000 4258 sententia.
1025 4195 1115 4258 Tunc
1143 4193 1171 4258 si

70 4297 233 4385 Episcopus
252 4311 368 4370 'contra
389 4304 476 4370 hunc
497 4307 651 4371 clericum
675 4326 847 4376 censuram
863 4309 1170 4391 pronuntieturita

72 4413 134 4476 erit
150 4415 322 4486 istiusmodi
343 4437 499 4488 censura:
520 4422 597 4505 quia
616 4440 677 4506 per
693 4421 899 4510 interjectam
918 4425 1096 4509 legitimam
1115 4445 1171 4511 ap-
