2914 5122
510 321 589 371 PARS
611 321 771 373 suemus.
1160 315 1202 380 79

104 443 198 529 ticum
209 455 242 519 et
256 447 301 522 de
320 451 546 517 onustarum
558 451 600 513 aci
610 467 730 530 panon
748 448 920 536 (metecus
932 447 975 522 ed
994 451 1077 518 dnm
1097 453 1203 540 iuqui-

101 567 211 635 sitieris
237 565 369 654 proprie
392 563 516 636 dictum
541 561 753 649 pertinente),
780 584 845 638 oon
874 567 950 634 setis
980 569 1202 640 retinuerunt.

101 684 191 766 Quum
214 683 299 749 torte
316 681 393 750 ideo
414 681 648 766 neglexerunt,
672 681 747 764 quie
768 699 834 748 non
855 689 986 766 poterut
1003 683 1202 754 concordare

101 799 240 866 cumbae
257 799 462 866 conclusione
481 797 522 864 ab
540 797 617 882 ipsis
638 797 840 862 communius
856 795 1017 866 udmisse:
1043 820 1103 866 non
1121 821 1203 886 pre·

100 921 364 1000 requiriinianiane
373 916 548 998 duncjudca
561 934 600 976 ee
609 916 835 978 denuntiatione
841 918 990 998 procedit.
1002 918 1039 982 ln
1050 916 1133 984 hunc
1147 937 1202 984 uu·

99 1040 157 1100 tem
171 1031 407 1098 conclusionem
422 1048 479 1096 eos
494 1029 659 1108 trnbebet,
680 1035 751 1098 tum
767 1029 899 1116 quidem
916 1051 992 1104 mor
1006 1030 1203 1104 referendus

100 1149 220 1216 lumeni
240 1147 325 1234 juris
348 1155 473 1226 tentus,
505 1155 575 1214 tum
600 1148 805 1218 secularium
831 1136 1042 1218 tribunalium
1066 1147 1134 1234 jum
1157 1150 1203 1222 itu

100 1264 239 1334 obtinens
252 1265 375 1347 praxis.

136 1381 328 1448 Prorosrrro
343 1382 548 1448 lit-Etiam
563 1386 597 1448 in
607 1401 678 1446 casu
691 1383 912 1446 denuntiatoris
926 1387 1148 1466 inquisitionem
1160 1383 1202 1452 cd

99 1500 249 1564 uindictam
265 1500 415 1580 perditoque
420 1499 619 1580 postulantis,
638 1500 767 1578 insontia
785 1499 965 1579 requieritcr
982 1518 1022 1564 ecc
1029 1503 1102 1582 jure
1115 1517 1201 1570 rano

98 1621 154 1678 nuo
170 1620 413 1700 precequiritur.
426 1614 663 1697 —Propositio
686 1613 774 1693 huc,
801 1612 837 1679 in
861 1622 1018 1700 quantum
1037 1615 1145 1698 egitur
1158 1613 1201 1684 de

99 1734 214 1814 priuato
227 1731 334 1816 ulique
349 1729 597 1807 denuntiatore,
617 1731 875 1797 controvertitur
896 1751 903 1796 ε
925 1731 958 1796 iu
972 1735 1129 1816 quemum
1144 1751 1201 1800 eu-

99 1855 156 1914 tem
174 1849 279 1934 egitur
299 1845 342 1913 de
360 1846 510 1915 ministro
529 1845 664 1930 publico
687 1843 740 1933 (de
762 1844 863 1912 fiscali
884 1853 1084 1930 promotore,
1104 1848 1200 1919 verbi

99 1963 198 2050 petia)
216 1983 257 2031 ex
288 1963 390 2032 cilicio
417 1961 694 2030 denuntiationem
716 1970 937 2050 proponente,
961 1964 1032 2033 iere
1059 1983 1201 2034 commu·

99 2081 208 2146 nitere
233 2079 405 2147 cunonistis
426 2077 583 2162 rejicitur.
614 2077 760 2146 «retest
775 2076 895 2162 judex,
921 2079 967 2146 eit
990 2078 1201 2150 Reidenstuel

102 2196 169 2282 «(iu
183 2198 234 2264 tit.
258 2200 289 2274 1,
307 2197 365 2263 111).
388 2195 534 2276 idern,
556 2215 590 2262 n.
611 2192 703 2278 176),
727 2195 819 2262 nullu
838 2194 1045 2282 precedente
1069 2195 1200 2266 intumis

101 2313 290 2382 «instituere
311 2314 549 2400 inqpisitionem
575 2311 767 2397 specialem,
788 2309 832 2377 ud
854 2312 1007 2398 previum
1031 2311 1202 2385 denuntio

100 2459 111 2484 «
124 2431 240 2496 tionem
259 2430 400 2499 ministri
411 2449 470 2496 seu
484 2427 627 2496 officialis
638 2427 771 2512 publici,
786 2426 829 2494 ed
840 2427 1023 2514 indaganda
1035 2437 1069 2496 et
1078 2428 1201 2499 denun-

100 2545 234 2612 ·tiende
261 2545 395 2614 crimine
418 2565 459 2612 ex
488 2544 590 2611 officio
613 2541 804 2629 deputati...
832 2543 988 2628 Arguitur
1006 2544 1080 2628 lege
1103 2549 1199 2616 uiuus

98 2663 332 2748 «1111011016,
352 2660 385 2728 u.
404 2664 442 2728 de
456 2663 601 2729 Custodia
619 2657 725 2745 reon),
747 2665 784 2730 et
800 2660 874 2744 lege
892 2663 938 2726 Ea
955 2663 1075 2742 quidem
1099 2659 1144 2746 (i,
1165 2677 1195 2724 c.

98 2781 158 2842 «de
173 2775 291 2862 Accus.)
308 2777 355 2844 ibi
371 2779 654 2859 :usquecunque
667 2796 725 2862 per
743 2775 879 2858 usqimam
891 2777 1075 2859 presidibus
1088 2777 1200 2844 imun-

98 2900 249 2974 «liuntur,
267 2899 347 2958 citro
358 2895 501 2956 snemuio
517 2898 736 2956 accusationum
751 2910 838 2974 possa
854 2894 1001 2974 mrpendi
1016 2897 1199 2972 incoqreitunr

98 3030 177 3076 «non
188 3017 243 3076 ert.
265 3011 307 3080 ut
324 3009 358 3077 iu
372 3007 431 3076 hoc
444 3009 521 3076 setis
534 3008 733 3077 conveniunt
751 3006 913 3074 docmres.
936 3007 1074 3074 lienimu
1087 3013 1199 3078 eutem

98 3126 301 3193 «interillos
321 3125 542 3194 controversie
572 3131 642 3203 est,
664 3143 706 3191 en
733 3125 831 3192 etium
865 3121 908 3188 ed
932 3123 1119 3192 instantium
1140 3142 1199 3195 seu

98 3271 109 3296 ι
125 3242 400 3313 denuntiationem
413 3240 534 3324 privati
546 3240 719 3308 instituere
732 3241 832 3322 possit
842 3238 948 3324 judex
959 3238 1199 3324 inquisitionem

99 3349 292 3447 «speciulem
302 3357 373 3426 sine
386 3354 587 3441 precedenti
601 3355 769 3423 intumis.»
785 3357 834 3424 Ile
850 3362 938 3423 stetu
955 3355 1139 3439 questionis
1152 3356 1199 3424 sio

95 3471 208 3542 lectore
221 3474 414 3559 premonita
428 3471 472 3542 ed
489 3472 588 3543 thesis
599 3471 809 3556 probationes
825 3469 1045 3542 deveniemus.
1132 3524 1134 3528 .
1152 3521 1154 3528 ,

133 3591 279 3656 Probatur
301 3592 345 3667 1⁰,
368 3592 485 3660 cauare
499 3590 702 3669 pennati—-
713 3588 771 3652 list
786 3606 904 3671 nempe
923 3591 1060 3655 certeet
1078 3584 1121 3654 eb
1135 3605 1201 3656 out·

97 3703 180 3774 nibus
192 3714 229 3770 ut
245 3695 320 3773 telis
341 3703 477 3775 edusius
491 3703 606 3788 regula
626 3703 805 3786 encratis,
824 3702 1016 3788 presequiri
1035 3700 1198 3772 intumium

99 3823 288 3907 quandoper
312 3828 395 3889 uiam
419 3826 623 3903 inquisitionis
647 3817 845 3903 proceditur.
872 3824 957 3884 Sicut
981 3823 1199 3888 mencionem

99 3937 220 4018 icqiiirou
232 3943 318 4014 debet
335 3941 499 4022 precedere
512 3943 689 4020 inscriptio,
703 3943 747 4004 sio
762 3942 985 4018 inquietiorem
1005 3939 1134 4004 ctouosa
1151 3942 1199 4008 iu·

100 4055 522 4141 incertumincaeptum,
539 4051 591 4120 tit.
610 4057 642 4130 1,
662 4051 719 4118 lib.
740 4055 759 4116 5
779 4050 910 4137 deum).
932 4051 972 4118 Id
990 4053 1201 4124 1010101011-

102 4168 230 4248 genum
242 4178 292 4239 est
306 4172 421 4246 saltem
432 4169 480 4242 de·
489 4171 541 4242 uio
552 4174 758 4252 inquisitionis
766 4171 905 4251 ruriciis
918 4176 948 4234 et
956 4176 1081 4252 proprie
1091 4171 1200 4254 dicia,-

105 4287 195 4368 utqui,
222 4308 263 4357 ex
290 4285 491 4374 precedenti
518 4286 757 4373 propositione,
787 4284 868 4359 dum
898 4284 938 4358 ut
966 4284 1131 4370 inquisitio
1156 4281 1199 4364 ud

110 4396 271 4472 instantiam
291 4404 547 4483 denuntiatoris,
570 4402 734 4488 publicem
758 4401 876 4480 delteti¹
890 4399 1067 4475 1101101001
1089 4417 1200 4484 prose
