2914 5122
251 355 310 417 tit
595 369 783 416 rnncrarus
806 371 850 415 on
873 368 1021 416 runicus.

251 496 581 573 «senatusconsultis,
614 495 830 560 Prudentium
863 498 1040 580 responsis,
1075 495 1358 587 constitutionibus

250 609 482 697 «Principumi
506 631 596 676 suam
617 613 822 679 nativitatem
841 611 1008 678 adscribit.
1032 615 1183 677 Pretorio
1205 619 1270 689 est,
1293 629 1361 698 qaut
1440 705 1441 708 Ἴ

250 739 400 816 «praeter
417 731 630 797 intentionem
647 729 728 816 juris
747 731 859 808 civilis,
878 751 919 796 ex
934 729 1135 814 benignitate
1150 729 1315 813 praetoris,
1331 730 1360 794 in

249 880 262 904 ι
278 848 389 916 orbem
408 847 602 913 litterarium
624 855 673 912 est
691 846 831 913 inrecta.

292 999 305 1022 ιι
320 967 465 1050 Utraque
478 964 703 1030 subdiviturin
716 965 836 1029 realem
846 964 1101 1048 etpersonalem.
1112 965 1211 1028 Reatis
1225 961 1358 1041 dicitnr,

247 1115 259 1137 ι
275 1101 345 1168 quae
366 1083 471 1148 oritur
489 1101 529 1146 ex
545 1080 621 1166 jure
641 1081 674 1144 in
689 1099 741 1159 re,
765 1101 828 1166 quo
845 1100 962 1164 nempe
981 1101 1035 1146 res
1053 1081 1122 1163 ipsa
1138 1079 1233 1145 nobis
1249 1079 1362 1144 imme·

246 1231 258 1253 ι
274 1199 362 1264 diate
378 1195 609 1263 subordinatur
623 1199 656 1261 in
670 1194 785 1262 ordine
800 1195 843 1262 ad
861 1197 999 1282 aliquam
1016 1195 1264 1279 dispositionem
1281 1197 1363 1260 circu

247 1316 360 1382 «illam
385 1311 612 1380 exercendam.
640 1313 838 1378 Subsecatnr
861 1313 895 1378 in
920 1314 1137 1379 universalem
1159 1319 1193 1377 et
1218 1313 1362 1396 particu-

202 1418 204 1421 ’
246 1463 259 1487 ι
273 1412 388 1499 larem.
406 1435 592 1496 Universotis
604 1440 653 1496 est
666 1451 737 1517 qnae
749 1432 854 1496 oritur
865 1452 906 1497 ex
919 1430 992 1516 jure
1007 1429 1148 1516 quodam
1164 1430 1359 1506 universali,

246 1580 258 1602 ι
274 1547 512 1632 complectente
528 1549 679 1613 nimirum
691 1547 765 1631 jura
779 1547 885 1612 activa
899 1555 933 1612 et
948 1548 1091 1630 passiva;
1108 1554 1141 1612 et
1153 1547 1296 1625 haecest,
1313 1545 1362 1611 rel

245 1697 257 1720 ιι
268 1673 377 1749 petitio
387 1667 573 1730 baereditatis
582 1663 718 1741 directa,
729 1673 785 1730 out
794 1661 871 1729 fidei
882 1665 1164 1746 commissionarin;
1176 1663 1231 1730 rel
1243 1666 1362 1745 quercia

245 1815 257 1835 ι
273 1783 430 1862 inofficiosi
443 1788 623 1845 testamenti.
636 1783 850 1861 Particularia,
865 1781 919 1846 vel
931 1779 1102 1846 descendit
1112 1801 1152 1846 ex
1163 1779 1239 1865 jure
1251 1799 1362 1846 rerum

245 1931 256 1952 ι
272 1901 522 1982 incorporalium
532 1900 584 1964 vel
596 1899 824 1982 corporalium.
836 1899 930 1963 Prior
940 1899 1084 1964 continet
1096 1898 1262 1963 actionem
1275 1900 1363 1982 hypo

244 2047 256 2070 ιι
273 2019 446 2095 theocrion,
464 2035 645 2108 quamrcm
660 2015 786 2099 pignori
800 2035 916 2080 nexam
931 2016 1159 2100 persequimur
1176 2037 1183 2079 :
1198 2017 1361 2082 actionem

243 2163 255 2186 ι
270 2136 493 2214 confessarium,
510 2151 573 2217 qua
588 2133 779 2198 servitutem
792 2133 839 2197 rei
853 2139 970 2197 nostrae
988 2131 1161 2196 asserimus
1176 2153 1183 2196 :
1199 2133 1362 2198 actionem

243 2279 256 2304 ι
270 2255 466 2330 nepctortarn,
480 2267 543 2334 qua
555 2267 710 2332 negamus
720 2247 814 2312 alteri
825 2226 1059 2313 servitutemin
1068 2266 1104 2312 re
1113 2255 1226 2312 uostna
1235 2266 1363 2332 compe

217 2439 223 2455 Ι
240 2397 256 2444 ,ι
271 2373 355 2432 tere.
367 2367 534 2438 Posterior
544 2366 649 2429 oritur
661 2365 714 2430 rel
727 2385 767 2430 cx
780 2363 920 2430 dominio
933 2363 1040 2446 pleno,
1056 2365 1106 2428 rel
1118 2365 1227 2430 minus
1239 2365 1340 2448 pleno
1354 2387 1361 2429 :

243 2511 255 2536 ι
271 2501 311 2546 ex
324 2483 384 2546 hoc
399 2481 527 2569 (nempe
539 2487 638 2544 ninas
647 2479 746 2565 pleno)
759 2481 910 2566 provenit
921 2481 1005 2544 actio
1017 2481 1295 2562 empirttenttcarin,
1311 2481 1364 2547 rel

242 2599 358 2663 «utilis
375 2599 426 2663 rei
449 2597 632 2676 vindicatio,
659 2617 722 2682 qua
745 2617 832 2675 rem,
851 2595 943 2682 cujus
967 2597 1048 2662 utile
1066 2595 1247 2663 dominium
1262 2597 1363 2664 habe·

242 2747 256 2770 «
273 2735 353 2793 mus
373 2735 392 2780 a
415 2733 619 2800 quocumque
641 2695 825 2798 possessore
848 2715 1039 2797 repetimus
1068 2712 1156 2778 Illud
1183 2714 1363 2801 (donaturam

244 2863 255 2886 ι
266 2830 400 2916 plenum)
416 2832 610 2916 quandoque
622 2839 672 2896 est
685 2833 789 2911 fictam
803 2839 940 2908 tontum,
957 2829 1153 2916 quandoque
1165 2851 1284 2897 rerum
1297 2840 1359 2898 cst.

244 2979 256 3001 ι
272 2949 303 3013 st
321 2948 435 3013 fictum
455 2955 600 3026 tontum,
623 2946 784 3031 triplicem
803 2946 958 3031 producit
975 2947 1134 3011 actionem
1151 2949 1363 3030 parbtr'ctannm

245 3095 256 3120 ι
271 3085 406 3149 nempe,
423 3083 485 3149 qua
502 3084 572 3142 reS,
589 3065 751 3131 bonafide
767 3063 1011 3149 etjustotitulo
1028 3070 1179 3147 accepto,
1197 3066 1365 3148 repetitur

245 3214 258 3237 ι
272 3181 313 3247 ab
326 3201 366 3247 eo
377 3182 432 3266 qni
444 3181 516 3266 jure
530 3181 709 3247 infirmiore
723 3181 862 3246 candem
877 3180 1020 3264 possidet
1039 3202 1045 3245 :
1061 3187 1281 3262 rescissorinm,
1297 3201 1363 3267 qna

245 3291 309 3368 «is,
333 3289 425 3374 cujus
445 3309 499 3355 res
521 3289 562 3355 ab
577 3291 681 3356 altero
703 3309 782 3355 vere
804 3309 864 3353 usu
881 3295 975 3372 capta
995 3294 1060 3366 est,
1080 3286 1176 3372 justis
1197 3288 1363 3356 decausis

246 3405 412 3472 «intendit
441 3405 662 3472 adversarium
691 3425 756 3472 non
779 3405 984 3488 usucepisse‚
1009 3423 1083 3470 cum
1106 3412 1217 3470 tamen
1244 3425 1363 3473 usuce-

244 3549 257 3580 ι
273 3523 359 3607 perit
378 3543 385 3586 :
401 3524 602 3601 Pontianum,
623 3541 686 3607 qao
701 3521 898 3598 creditores,
921 3521 952 3584 in
969 3539 1108 3605 quorum
1131 3519 1286 3586 fraudem
1302 3521 1364 3588 de-

168 3685 169 3688 ι
246 3671 257 3694 ι
273 3640 360 3706 bitor
377 3641 431 3704 r'es
449 3659 522 3704 suas
542 3639 709 3717 alienavit,
729 3637 888 3703 adversus
905 3655 1107 3721 possessores
1127 3639 1361 3722 experiuntur.

246 3758 306 3822 «st
319 3757 496 3822 dominium
517 3757 558 3822 sit
578 3777 692 3836 vernn,
713 3763 869 3839 operatur
888 3761 933 3818 rer·
952 3757 1196 3836 vindicationem,
1214 3773 1280 3842 qua
1289 3775 1363 3823 rem

245 3905 260 3927 ι
274 3880 416 3938 nostram
433 3873 635 3956 corporalem
650 3872 691 3937 ab
706 3871 777 3956 ejus
794 3891 976 3955 possessore
992 3873 1180 3954 repetimus.

284 3985 977 4072 ¹«1ActioPersonnttsdispesciturtriiariam;
993 3995 1081 4070 puta,
1096 3988 1299 4055 iurationem
1312 3994 1363 4057 rei

246 4141 259 4164 ιι
274 4107 542 4194 persecutorianr,
570 4106 736 4188 poenalem«
754 4112 788 4169 et
811 4106 955 4170 mixtam.
979 4103 1069 4169 Actio
1092 4111 1138 4168 ret
1153 4115 1363 4188 persecutoria

246 4257 259 4280 ιι
274 4225 485 4307 dicitur,qua
499 4221 728 4306 persequimur
740 4219 778 4284 id
787 4219 875 4306 quod
887 4241 927 4286 ex
940 4221 1133 4305 patrimonio
1147 4221 1358 4289 nohtsabesr.

246 4375 257 4396 ι
273 4342 717 4422 Acttaponnitsnuncupatur,
733 4357 794 4422 qua
806 4355 935 4422 punam
948 4358 965 4402 a
977 4338 1051 4418 lege
1063 4338 1273 4402 constitutam
1285 4353 1363 4423 per-

241 4489 259 4513 .ι
274 4457 451 4541 sequimur.
477 4454 568 4518 Actio
588 4459 688 4516 mictu
711 4461 847 4519 vocatur
871 4473 936 4537 qun
957 4453 1074 4536 partim
1096 4451 1131 4516 id
1152 4453 1241 4538 quod
1265 4453 1362 4520 nobis
