2948 5126
556 393 635 444 rsus
658 393 817 445 securos.
1192 379 1235 446 ta

129 551 141 586 c
156 528 290 608 recepte
307 518 555 602 consuetudine,
574 519 672 588 hodie
687 519 846 606 quemvis,
858 521 937 588 licet
952 521 1031 592 alias
1046 521 1235 614 inhabilem!

127 665 139 689 ε
157 633 289 703 admitti
307 633 351 706 ad
364 633 644 709 denuntiationem
659 634 866 722 judicialem,
885 636 983 704 etiam
997 636 1160 722 publicam
1177 655 1236 707 seu

125 751 371 836 ‹criminalem3
391 771 432 820 eo
446 749 536 840 quod
556 771 617 838 per
640 749 919 822 denuntiationem
944 752 1050 823 solum
1071 743 1244 824 sternatur¹

124 895 137 919 ι
154 865 206 930 ria
221 862 524 952 adinquirendum.
543 895 556 919 ι·
1239 955 1243 962 Ι

157 980 218 1046 111.
248 982 407 1045 ennean
421 984 520 1063 quood
536 983 712 1049 hodiernum
723 989 789 1065 jos.
805 1019 851 1030 —
868 983 946 1066 Qum
973 981 1138 1066 pnaetnissa
1160 989 1236 1057 sunt

116 1096 326 1178 resumendo,
348 1096 493 1174 uidetur,
510 1103 541 1167 1ο
551 1118 593 1164 ex
608 1096 691 1184 juris
702 1098 850 1194 textibus
862 1099 1005 1182 rigorose
1021 1113 1088 1167 non
1105 1097 1237 1192 probari

116 1212 273 1304 quosdam
288 1232 359 1279 esse
369 1211 412 1279 ad
424 1212 685 1283 denuntiandum
697 1213 872 1302 inhabiles;
889 1217 924 1280 2⁰
938 1233 1045 1302 neque
1060 1212 1095 1283 id
1108 1211 1244 1310 nquius

118 1329 220 1406 evinci
235 1349 278 1397 es
302 1328 476 1398 doctorum
497 1331 710 1415 auctoritate;
726 1334 761 1398 3⁰
777 1338 812 1399 et
826 1331 952 1398 etiamsi
965 1349 1007 1395 ex
1021 1337 1160 1418 utroque
1174 1327 1242 1426 boa¹

118 1445 222 1530 capito
241 1444 287 1516 ad
297 1444 557 1520 denuntiandum
570 1453 662 1514 certo
675 1446 832 1522 inhabiles
842 1445 952 1514 forent
966 1445 1116 1536 quedam
1135 1445 1243 1542 homi-⁴

117 1581 194 1630 uum
207 1563 338 1641 classes,
351 1563 514 1631 contraria
534 1571 646 1633 tamen
667 1563 814 1648 generali
828 1561 1064 1632 cousuetudine
1078 1562 1240 1656 sublatam

118 1678 314 1756 censendam
325 1678 397 1747 iore
410 1679 530 1747 hancce
547 1679 630 1766 juris
648 1677 904 1764 dispositionem.
1234 1765 1238 1772 ι

159 1796 217 1860 His
235 1813 337 1880 porro
357 1796 597 1873 uastantibus,
626 1794 802 1862 dicendum
818 1793 950 1879 ridetur
963 1814 1058 1880 posse
1077 1793 1176 1865 hodic
1195 1794 1241 1890 ad

117 1911 399 1979 denuntiationem
437 1910 620 1977 faciendam
649 1909 779 1978 admitti
807 1929 1028 1998 quoscumque
1065 1911 1236 1990 homines,
1280 1919 1288 1934 ‘

120 2031 218 2098 etiam
230 2029 528 2096 excommunicatos
541 2035 575 2095 et
588 2028 736 2107 infames,
752 2027 852 2096 modo
866 2036 976 2096 tamen
983 2028 1085 2116 judici
1096 2029 1241 2096 indicent

119 2145 256 2213 idoneos
282 2151 396 2224 testes,
417 2147 521 2213 aliave
543 2145 662 2223 media,
679 2145 798 2232 quibus
816 2144 972 2213 delictum
994 2145 1127 2231 probari
1144 2163 1239 2230 posse

119 2262 309 2348 prudenter
319 2271 482 2348 speretur.

163 2383 230 2446 Neo
242 2381 343 2446 nimia
356 2380 509 2448 videatur
524 2381 593 2446 haec
606 2380 790 2464 conclusio;
808 2387 858 2446 est
873 2380 959 2446 euim
972 2357 1103 2465 ipsimet
1117 2380 1240 2448 denun-

120 2498 267 2572 tiationis
290 2497 487 2567 institutioni
510 2497 607 2566 valde
624 2504 854 2565 consentanea.
880 2499 1093 2575 Denuntiatio
1121 2516 1239 2581 nempe

118 2631 182 2685 non
198 2621 252 2681 est
265 2615 400 2699 proprie
419 2614 567 2698 specialis
581 2615 697 2700 aliquis
715 2633 904 2700 processus;
922 2613 981 2680 sed
996 2615 1120 2689 occasio
1144 2595 1239 2682 dum-

119 2739 220 2808 taxat,
239 2750 306 2818 qua
315 2730 543 2816 posita‚judex
550 2739 660 2816 potest
672 2731 909 2816 inquisitorium
917 2750 1101 2815 processum
1109 2730 1239 2808 inchoa-

117 2867 164 2930 re.
180 2847 295 2917 Judex
314 2848 435 2933 quippe
450 2867 516 2913 uon
523 2854 632 2934 potest
645 2848 877 2933 inquempiam
902 2845 1081 2932 procedere
1100 2846 1239 2932 nisijatp

118 2963 159 3042 de
174 2963 303 3031 delicto
321 2971 451 3050 patrato
470 2964 581 3048 gravia
593 2963 711 3031 indicia
718 2961 892 3046 acceperit.
907 2963 1005 3028 Parvi
1013 2970 1123 3029 autom
1136 2941 1240 3047 refert

118 3079 272 3169 aquibus
289 3078 473 3147 hominibus
487 3078 556 3146 haec
567 3078 688 3145 indicia
699 3079 762 3163 ipsi
780 3078 995 3146 exhibeantur
1012 3099 1019 3142 :
1037 3076 1095 3144 sed
1118 3078 1240 3144 bonum

118 3195 284 3270 societatis
297 3195 427 3261 omnino
441 3195 552 3279 exigit,
565 3203 603 3260 ut
618 3197 653 3260 in
664 3214 757 3262 reum
775 3194 930 3280 inquirat,
949 3194 1080 3281 quando
1094 3197 1128 3260 in
1140 3213 1240 3262 manu

118 3311 227 3390 habet,
250 3309 341 3380 unde
356 3329 432 3376 cum
441 3311 634 3377 convincere
646 3311 757 3395 possit.
775 3310 862 3396 Quid
875 3310 992 3391 refert,
1011 3311 1107 3378 verbi
1123 3311 1236 3406 gratia,

118 3426 284 3496 hebreum
306 3445 378 3492 esse
399 3427 452 3493 vel
472 3429 805 3506 cuoommunicatnm,
829 3429 885 3514 qui
901 3425 1003 3513 judici
1023 3428 1239 3495 ecclesiastico

118 3544 248 3615 nuntiat
258 3541 395 3628 alicujus
404 3542 514 3608 clerici
528 3543 694 3622 iaticum,
712 3545 742 3610 ei
769 3543 862 3613 simul
879 3543 1024 3610 indicans
1043 3542 1177 3610 idoneos
1189 3552 1239 3611 te-

118 3667 193 3738 stes,
210 3659 271 3746 qui
284 3677 355 3726 rem
369 3659 561 3725 confirmare
576 3659 715 3736 valeant,
729 3660 855 3726 velalia
864 3659 999 3727 tradens
1009 3660 1235 3747 instrumenta,

118 3794 187 3860 quae
213 3773 498 3860 vimprobatiouis
520 3774 682 3842 habeant?
705 3777 817 3841 Nonne
830 3775 948 3842 codem
962 3774 1059 3842 modo
1074 3776 1239 3864 inquirere

119 3891 255 3967 debebit
267 3889 383 3978 judex,
398 3910 436 3956 ac
456 3891 483 3958 si
496 3911 558 3976 per
572 3890 764 3959 catholicum
774 3899 809 3958 ct
822 3892 962 3978 probum
978 3893 1084 3960 virum
1102 3895 1240 3981 aequiva-

118 4006 223 4090 lentes
238 4007 351 4074 delicti
365 4007 574 4091 probationes
586 4009 788 4092 excepisset?

161 4127 280 4212 Neque
295 4124 467 4212 objiciatur
479 4144 572 4210 posse
586 4125 833 4193 denuntiantem
848 4126 881 4195 iu
892 4125 1051 4212 judicium
1065 4127 1107 4196 ad
1122 4112 1252 4205 confirss

119 4239 272 4316 mandam
294 4239 606 4310 denuntiationema
622 4241 732 4327 judice
754 4243 888 4310 vocari:
907 4251 993 4310 stare
1011 4249 1121 4312 autem
1135 4245 1169 4308 in
1185 4242 1239 4328 jn-

119 4354 204 4426 dicio
220 4377 286 4426 non
306 4375 401 4444 posse
419 4358 556 4425 infames
579 4366 614 4426 et
631 4361 935 4428 excommunicatos.
969 4361 1050 4430 Nam
1068 4358 1105 4434 id
1118 4357 1238 4444 probat

119 4478 245 4542 tantum
261 4493 326 4550 non
341 4491 435 4560 posse
445 4472 591 4573 judicem
603 4473 763 4566 ejusmodi
785 4475 1015 4552 denuntiantes
1030 4477 1064 4544 in
1081 4493 1237 4580 processu
