2838 5114
222 349 284 414 394
337 341 342 349 ’
562 367 748 414 rnncranns
772 367 815 413 nn
836 369 983 416 runicus.

224 515 238 550 u
252 489 424 574 totamtj...
440 491 472 555 Si
484 485 568 556 enim
583 491 640 558 Rei
651 494 733 557 laesae
749 493 928 579 majestatis
947 473 1093 563 humanae
1110 502 1143 564 in
1160 491 1322 586 conspectu

224 631 238 663 a
252 608 366 691 populi
376 608 442 671 vivi
453 595 694 686 cremabantur,
707 609 981 693 quemadmodum
993 616 1090 680 ctiam
1101 617 1218 682 milites
1228 618 1323 684 deser-

222 731 351 799 «tores,
375 732 495 807 quanto
520 723 633 807 majori
655 724 728 808 jure
750 725 785 789 id
808 727 893 792 bene
918 727 1110 812 dispositum
1135 734 1198 798 erit
1215 735 1246 798 in
1261 755 1324 801 reos

222 839 332 904 «laesae
359 839 533 923 majestatis
560 840 688 918 divinae,
719 850 755 906 et
782 841 969 908 desertores
995 846 1115 910 militiae
1143 847 1321 914 christiane.

223 955 333 1019 «Hinc
349 957 503 1020 memoria
520 953 653 1038 dignum
670 955 820 1042 estquod
835 957 1097 1026 dchrdinando
1114 964 1325 1047 Hispaniarum

222 1095 236 1130 a
252 1089 330 1154 rege
350 1071 454 1136 refert
470 1073 609 1136 Mariana
628 1072 722 1158 (libro
748 1078 786 1138 12
803 1074 891 1152 hist,
911 1095 983 1158 cap.
1007 1075 1072 1160 lll3
1099 1097 1216 1162 nempe
1232 1081 1325 1162 ipsum

220 1187 381 1251 «soluisse
408 1188 547 1271 propriis
568 1189 716 1254 manibus
739 1191 825 1272 ligna
845 1211 905 1275 pro
925 1191 1156 1257 comburendis
1181 1195 1325 1260 hereticis

220 1329 234 1364 n
251 1303 443 1367 ministrare.
473 1303 567 1368 Unde
593 1303 783 1370 deferentes
808 1307 895 1390 ligna
922 1307 1074 1372 adhunc
1108 1309 1207 1375 finem
1229 1309 1325 1375 indul·

219 1445 235 1481 a
250 1421 373 1502 gentius
396 1415 576 1496 lucrantur,
598 1429 633 1486 ut
651 1421 750 1486 tradit
774 1423 943 1505 Fagnanus
964 1425 1046 1510 (cap.
1068 1428 1114 1488 Act
1129 1429 1320 1506 audientium,

219 1560 235 1596 «
249 1557 281 1601 11.
295 1538 346 1612 52,
361 1539 397 1598 de
409 1535 585 1620 Honu'ctd.)¹
599 1559 613 1596 a
631 1537 716 1613 Haec,
734 1539 831 1602 citato
846 1540 928 1616 loco,
942 1539 1120 1606 Cardinalis
1134 1541 1242 1606 Petra.
1255 1542 1322 1622 Qua

215 1654 321 1719 omnia
345 1671 576 1730 memoramus,
599 1673 640 1718 ne
661 1653 1033 1741 videamur'qnidquam
1057 1656 1099 1721 de
1128 1658 1262 1722 veritate
1284 1657 1324 1720 ta-

217 1777 345 1835 ctorum
368 1769 486 1833 celare.
517 1789 518 1794 ¹

261 1889 293 1949 6.
312 1889 520 1966 Inqutstttonis
537 1889 702 1949 tribunalia
713 1906 832 1968 pecuum
852 1893 1005 1949 mortisia
1023 1889 1177 1952 hereticos
1191 1909 1247 1951 aton
1261 1909 1323 1969 pro

216 2003 407 2080 nuntiabunt,
425 2005 476 2064 scd
492 2008 598 2064 emisso
612 2011 715 2065 contro
732 2023 778 2064 cos
799 2009 946 2066 sententio
962 2006 1164 2066 declaratorio
1179 2005 1317 2082 durescat,

215 2123 353 2182 secutori
369 2125 512 2200 potestati
525 2123 695 2202 plectendos
712 2140 759 2181 cos
774 2121 990 2200 relinquebant.
1012 2143 1027 2178 a
1045 2119 1227 2184 Notandum
1244 2117 1320 2204 quod

220 2259 234 2293 n
247 2236 326 2300 licet
347 2255 472 2300 sacrum
496 2237 710 2320 inquisitionis
731 2237 874 2301 tribunal
893 2237 1074 2302 mitioribus
1097 2239 1202 2320 poenis
1220 2235 1319 2322 (jama

218 2353 409 2436 «prioribus
439 2351 587 2418 Ecclesiae
619 2353 742 2417 saeculis
768 2351 966 2436 constitutis)
997 2353 1167 2418 haereticos
1195 2353 1315 2430 alliciat,

218 2496 230 2525 a
247 2488 410 2552 nunquam
428 2475 537 2533 tamen
557 2469 639 2550 qnetit
654 2468 686 2532 in
705 2470 791 2551 ipsos
816 2471 930 2552 capitis
953 2489 1010 2533 seu
1035 2471 1150 2534 mortis
1177 2487 1315 2554 poenam:

218 2579 349 2650 «civilis
371 2586 455 2650 enim
475 2586 681 2667 magistratus
696 2586 789 2649 istam
806 2604 935 2668 semper
954 2573 1103 2649 decernit
1115 2594 1149 2650 et
1164 2586 1288 2668 irrogat.
1302 2605 1315 2641 a

217 2699 497 2788 (Editor'hullarii
521 2705 803 2781 manutenuerunt,
823 2709 911 2766 tomo
930 2705 959 2779 l,
978 2721 1051 2784 pag.
1074 2703 1148 2777 127,
1167 2709 1242 2764 nota
1260 2694 1314 2779 19.)

260 2827 291 2882 7.
310 2819 366 2882 His
381 2818 567 2903 praenota‘tis
584 2819 667 2881 circa
684 2835 813 2900 poenam
827 2817 909 2901 ignis
924 2818 956 2880 in
972 2817 1140 2881 haereticos
1155 2824 1312 2886 statutam,

214 2934 436 3019 expendamus
451 2955 501 3011 an,
521 2933 563 3000 ob
578 2933 759 2998 istiusmodi
774 2953 914 3018 poenam,
927 2934 1143 3017 inquisitionis
1159 2931 1314 2999 tribunalia

213 3050 376 3136 injustitie
396 3053 512 3117 merito
531 3051 654 3134 possint
672 3041 859 3115 insimulari.

257 3173 373 3247 Primo,
392 3169 548 3234 tribunali
571 3167 786 3252 inquisitionis
809 3165 1034 3250 imputandum
1061 3187 1127 3232 non
1154 3175 1213 3245 est,
1238 3161 1312 3251 quod

211 3284 313 3371 judex
335 3286 410 3352 huic
425 3284 776 3368 tribunali-praesidens
792 3304 957 3368 nunquam
979 3284 1073 3362 iecit,
1090 3267 1152 3350 nec
1168 3306 1208 3352 en
1226 3281 1310 3349 officio

212 3403 271 3468 sibi
291 3405 458 3468 commisso
482 3403 591 3468 iacere
611 3380 751 3485 unqdam
776 3400 876 3465 dehet
894 3423 900 3465 :
918 3402 1005 3484 atqui
1022 3401 1227 3485 inquisitores
1244 3418 1310 3464 nan·

212 3537 308 3603 qnam
323 3517 436 3582 mortis
448 3525 504 3581 aut
515 3517 596 3600 ignis
611 3535 740 3600 poenam
753 3515 785 3579 in
797 3515 965 3579 haereticos
979 3515 1042 3597 ipsi
1056 3515 1306 3599 pronuntiabant;

212 3643 302 3700 etex
317 3653 450 3698 munere
466 3653 524 3700 suo
541 3652 705 3718 uunquam
728 3631 887 3716 ejusmodi
904 3631 1097 3722 sententiam
1118 3630 1307 3714 pronuntiare

212 3749 336 3816 debent
353 3773 359 3815 :
378 3749 436 3815 sed
452 3749 494 3815 ad
509 3751 653 3832 ipsorum
677 3747 813 3813 officium
837 3746 1007 3812 dumtaxat
1028 3748 1173 3830 pertinet
1193 3754 1228 3812 nt
1248 3763 1307 3829 pro·

211 3865 363 3930 nuntient
386 3887 426 3930 an
449 3865 519 3950 quis
541 3866 582 3930 sit
603 3885 706 3930 necne
722 3865 903 3940 haereticus,
930 3882 1081 3946 eumque,
1099 3865 1126 3927 si
1140 3862 1305 3927 haereticum

212 3982 462 4059 declaraverint,
479 3981 770 4055 excommunicent,
788 3985 821 4042 ct
837 3983 949 4062 postca
964 3979 1166 4061 magistratui
1182 3972 1305 4042 seculari

210 4099 350 4177 tradant,
366 4087 458 4184 juxta
475 4101 644 4164 seculares
659 4103 692 4162 et
707 4097 875 4161 canonicas
890 4096 978 4178 leges
991 4095 1211 4178 plectendum.
1227 4083 1303 4174 Quod

210 4223 320 4283 autem
337 4214 379 4280 de
396 4215 483 4279 facto
508 4215 581 4280 olim
607 4211 762 4297 principis
787 4210 948 4274 saecularis
963 4211 1035 4287 lex,
1058 4208 1099 4273 ab
1116 4209 1247 4274 Ecclesia
1260 4221 1303 4284 ap

210 4331 357 4416 probata,
374 4345 507 4414 poenam'
521 4330 602 4412 ignis
616 4330 648 4392 in
664 4327 829 4392 hereticos
851 4324 1047 4391 decerneret
1059 4333 1092 4390 et
1104 4325 1263 4409 irrogaret,
1276 4314 1302 4380 id

211 4469 275 4516 non
300 4454 481 4514 statuerant
505 4446 713 4537 inquisitores
739 4467 745 4508 :
773 4463 851 4526 ergo
878 4442 1001 4508 etiamsi
1028 4425 1143 4518 nimia,
1174 4447 1253 4504 atron
1274 4439 1298 4494 el
