2948 5126
404 399 410 408 .
533 353 613 404 snas
636 351 796 404 smenon
1174 335 1218 400 ⁴5

115 496 172 563 qno
188 495 305 563 nempe
323 476 468 546 nondum
491 485 583 546 extat
604 477 746 556 mama,
770 475 891 542 fabum
905 480 956 542 eat
979 472 1135 542 delictum
1150 472 1216 562 jam

113 593 189 660 lama
215 595 383 679 vulgatum
405 614 470 661 non
493 593 626 664 essedo
653 596 692 662 iis
716 613 782 677 quc
801 600 928 678 pamm
949 594 1088 676 probari
1113 591 1217 680 Siqui-

112 709 179 776 dem
203 713 365 778 existente
390 711 621 794 diffamatione,
645 718 756 798 potest
772 709 876 795 judex
899 709 1076 796 inquirere,
1100 713 1135 776 et
1156 726 1218 794 per

112 826 336 913 inquisitorium
349 847 537 914 processum
555 829 652 898 facile
670 833 720 896 est
741 826 785 894 ad
804 826 916 894 delicti
931 825 1140 911 probationes
1162 823 1218 894 de·

112 945 225 1010 uenire.

150 1061 253 1127 Prima
267 1080 348 1146 ergo
362 1063 476 1148 regula
495 1061 565 1130 haec
585 1081 680 1149 quam
705 1063 887 1146 posuimus,
907 1068 1072 1144 tamquam
1086 1059 1218 1126 omnino

114 1185 193 1244 certa
208 1178 358 1246 habenda
376 1188 425 1246 est
437 1201 445 1266 ;
459 1199 521 1246 nec
543 1180 743 1266 ceteroquin
763 1179 798 1246 in
811 1179 1021 1265 questionem
1038 1198 1058 1244 a
1076 1176 1219 1244 doctori·

114 1292 166 1360 bus
183 1302 331 1360 vocatur.

151 1412 288 1480 acaum
303 1415 348 1478 2⁸.
362 1451 408 1462 -
421 1416 572 1480 Delictum
588 1417 732 1478 occultum
740 1463 751 1495 ,
769 1417 889 1478 etiarm
898 1415 1025 1495 probari
1037 1419 1151 1496 possit,
1168 1415 1221 1476 dc·

113 1535 240 1592 nuntiari
249 1535 357 1613 ‘nequit
364 1533 558 1611 judicialiter
573 1551 624 1594 scu
638 1533 680 1594 cd
692 1533 857 1594 vindictum
868 1532 1034 1612 publicam.
1051 1565 1096 1576 -
1112 1528 1222 1596 Thesis

115 1642 173 1708 hnc
185 1643 280 1710 valde
295 1647 562 1724 controvertitur,
581 1647 763 1730 praesertim
782 1647 808 1712 si
827 1654 942 1730 agatem
957 1645 999 1713 de
1024 1645 1149 1712 officiali
1159 1664 1223 1730 pu-

115 1758 201 1837 blico,
217 1760 259 1826 ad
274 1758 498 1827 denuntianda
513 1783 554 1828 ex
572 1761 674 1829 officio
695 1762 816 1829 delicta
831 1765 1020 1841 constituto,
1041 1761 1135 1829 verbi
1147 1779 1222 1846 gra-

115 1875 161 1953 tia,
176 1874 217 1942 de
228 1875 332 1942 fiscali
349 1883 537 1960 promotore
551 1878 741 1963 episcopalis
752 1879 863 1944 curiae.
890 1899 894 1908 ⁴

153 1992 361 2058 Nihilominus
370 1991 430 2058 sub
447 1994 596 2078 sequenti
610 1995 714 2077 capite
732 1993 760 2080 (5
771 1992 802 2078 2)
823 1993 1007 2080 probamus,
1027 1993 1223 2078 regulariter

115 2126 171 2174 non
189 2128 281 2192 posse
296 2107 441 2194 judicem
459 2110 581 2194 absque
593 2111 714 2194 previa
735 2109 868 2177 infamia
883 2111 1128 2195 inquisitionem
1139 2109 1226 2176 insti-

116 2230 213 2303 tuere,
231 2227 298 2292 sive
322 2224 481 2310 procedat
502 2245 542 2290 ax
567 2245 658 2292 mero
678 2245 736 2292 sno
752 2225 866 2304 officio,
886 2227 955 2294 sive
980 2223 1023 2294 ad
1043 2226 1227 2292 instantiam

116 2341 242 2427 abcujus
252 2343 489 2409 denuntiatoris
500 2363 629 2426 poenam
645 2342 756 2410 delicti
769 2343 978 2428 postulantis;
993 2342 1093 2428 idque
1109 2361 1226 2410 sarum

117 2476 276 2526 remanere
295 2460 424 2526 etiamsi
446 2459 508 2526 boe
532 2459 630 2526 modo
646 2459 843 2528 denuntians
860 2460 901 2526 sit
916 2461 985 2545 ipse
1006 2459 1126 2528 fiscalis
1150 2479 1227 2544 pro-

118 2576 332 2642 motor.'llanc
346 2593 464 2661 nempe
484 2577 724 2643 conclusionem
748 2577 888 2660 genuino
912 2576 1152 2660 pontificiorum
1168 2575 1227 2644 de-

119 2700 273 2760 cretorum
288 2712 385 2759 sensu
400 2701 515 2776 aperte
530 2692 680 2771 suaderi,
698 2701 733 2760 et
748 2694 782 2758 in
801 2713 873 2760 eam
894 2700 1026 2760 veteres
1038 2692 1120 2778 juris
1144 2694 1227 2760 sacri

118 2807 304 2893 interpretes
326 2810 534 2876 consensisse.
558 2839 571 2864 a
591 2810 729 2891 sivero,
753 2811 798 2876 ait
817 2810 931 2894 glossa,
948 2808 1108 2892 procedet
1122 2807 1228 2896 judex

121 2923 397 3009 «adpetitionem
419 2923 557 3010 alicujus
576 2927 781 3010 procurantis
799 2926 1095 3013 inquisitionem...,
1119 2926 1148 2994 si
1171 2926 1227 2994 ille

122 3057 136 3105 a
151 3042 259 3130 (nempe
273 3040 480 3126 denuntiatus)
494 3049 629 3128 negaret
643 3043 807 3110 infamiam
820 3043 1032 3127 precessisse,
1052 3051 1227 3128 cognoscet

122 3161 244 3245 aprimo
255 3158 360 3245 judex
376 3167 488 3226 utrum
507 3161 548 3226 sit
560 3159 775 3226 infamatus...
802 3163 890 3228 Altos
908 3181 969 3226 con
986 3164 1142 3243 procedet,
1164 3165 1228 3229 cici

121 3283 235 3359 «primo
248 3283 363 3342 constet
370 3279 449 3358 quod
461 3282 503 3340 cit
517 3279 711 3358 infamatus»
730 3276 774 3364 (in
785 3296 815 3342 c.
831 3277 884 3353 24,
897 3277 949 3343 tit.
967 3277 998 3356 l,
1011 3275 1220 3356 letdecret,

119 3393 209 3460 verbo
220 3397 271 3460 Ad
288 3391 524 3477 inquirendum).
543 3393 591 3459 Ex
608 3392 797 3462 auctoribus
817 3402 926 3462 autem
947 3394 1004 3479 qui
1027 3394 1224 3462 contrarium

118 3507 277 3588 affirmant,
296 3509 421 3595 aliquos
433 3510 570 3595 intelligi
584 3529 677 3595 possa
694 3517 849 3597 tanquam
860 3511 986 3578 locutos
997 3509 1040 3577 de
1054 3508 1225 3580 denuntia·

118 3625 247 3695 tionecd
264 3633 474 3694 ccrrcctc'cccm
484 3626 667 3704 dumtaxat,
685 3645 750 3694 non
769 3630 811 3692 ud
824 3647 964 3710 perram·
979 3634 1115 3694 ceteros
1130 3643 1222 3707 vero,

119 3745 287 3824 presertim
304 3741 517 3810 Reidenstuel
532 3744 577 3831 lin
597 3744 650 3810 tit.
669 3746 699 3822 l,
713 3743 792 3810 libri
808 3742 981 3822 5decrct.,
998 3764 1032 3810 n.
1047 3740 1102 3828 88)
1118 3743 1152 3808 in
1164 3742 1225 3813 bac

120 3874 151 3922 re
164 3855 319 3939 deviasse,
338 3865 373 3925 et
383 3860 491 3943 potius
508 3859 739 3945 relinquendos
759 3877 830 3926 esse
844 3858 989 3926 videtur.

126 3994 128 4002 ¹
159 3974 297 4045 Dicimus
311 3982 421 4040 autem
436 3977 636 4056 reputantem·
648 3969 723 4061 quia
740 3965 775 4040 in
788 3975 954 4042 nonnullis
968 3973 1111 4055 casibus,
1134 3973 1229 4046 verbi

121 4090 223 4172 gratia,
238 4090 266 4156 si
285 4109 327 4156 ex
346 4089 466 4158 delicto
481 4091 609 4158 occulto
624 4110 723 4176 grave
745 4089 900 4158 damnum
923 4091 1149 4162 communitati
1169 4105 1228 4162 scd

121 4206 258 4288 proximo
273 4205 475 4284 immineret,
500 4214 612 4290 posset
633 4205 818 4277 denuntiari
842 4205 885 4273 ad
907 4206 1060 4274 effectum
1075 4206 1228 4278 undere

124 4320 262 4402 publice,
279 4331 314 4389 et
335 4320 438 4407 judex
461 4321 506 4390 ad
527 4323 711 4390 instantiam
732 4323 806 4392 talis
833 4321 1079 4401 denuntiatoris,
1101 4323 1167 4390 imo
1185 4343 1228 4392 or

128 4453 207 4508 mero
226 4459 284 4508 suo
304 4439 411 4526 officio
430 4441 539 4528 posset
552 4438 749 4526 judicialiter
763 4439 955 4526 procedere.
1037 4496 1041 4505 .
