2838 5114
367 323 369 327 ’
469 361 549 409 esras
572 361 729 409 securos.
1086 347 1148 413 353

74 484 236 567 approbata,
255 486 452 552 mentionem
466 486 564 550 etiam
588 484 665 550 iacit
686 481 884 548 Benedictus
909 483 981 548 lilii
1008 485 1055 580 (cle
1074 489 1149 567 Syn.

72 602 177 681 diores,
193 601 245 667 lib.
270 610 300 680 7,
318 622 348 668 c.
365 607 418 679 71,
440 621 473 667 n.
488 603 519 686 4)
540 600 598 688 (l).

105 721 229 797 socom,
255 726 417 802 perpetuo
439 719 572 784 Romam
588 719 702 784 venire
722 735 874 784 recursus
895 737 914 782 a
937 716 1152 802 denegatione

70 829 208 908 ordinum,
234 833 332 898 etiam
348 854 367 898 a
386 853 452 898 non
475 835 607 900 arctatis
631 832 836 917 interjectos,
859 851 979 918 eosque
999 819 1154 901 recursus

68 947 165 1029 recipi,
182 955 214 1012 et
225 949 418 1032 Episcopum
434 948 649 1033 denegantem
665 949 773 1032 rogsri
794 954 831 1013 nt
854 967 918 1013 non
933 958 1090 1033 gravetur
1103 970 1155 1015 ra·

68 1061 152 1126 tiones
162 1061 378 1148 denegationis
395 1067 626 1141 transmittere,
639 1071 683 1143 et,
702 1063 764 1130 nisi
775 1084 821 1130 eae
838 1066 980 1130 rationes
992 1065 1086 1151 justae
1101 1085 1154 1132 re-

67 1178 221 1258 periantur,
242 1179 316 1246 fieri
336 1183 522 1247 recurrenti
545 1181 734 1246 facultatem
750 1189 788 1246 ut
808 1201 826 1246 a
846 1199 1052 1266 quocumque
1067 1181 1157 1248 ordi-

67 1295 121 1356 nari
141 1298 249 1380 possit;
280 1297 471 1364 estfactum
494 1298 604 1364 Roma
631 1298 816 1374 notorium,
840 1297 930 1383 quod
954 1297 1157 1364 documentis

66 1409 183 1488 probare
209 1412 297 1478 foret
320 1431 609 1496 supervacaneum.
635 1415 703 1478 Imo
723 1413 819 1498 hujus
842 1415 951 1498 praxis
973 1417 1157 1482 testimonia

63 1527 188 1607 reperies
201 1529 233 1592 in
253 1529 443 1596 collectione
462 1533 547 1594 Acies
569 1533 611 1593 du
631 1533 737 1611 cierpr
761 1533 799 1593 dc
820 1533 933 1594 Franco
962 1531 1158 1617 (assemhlde

62 1639 96 1706 de
115 1646 231 1725 1660‚§
251 1649 304 1724 13,
321 1651 400 1712 tom.
419 1647 451 1724 i,
469 1665 543 1730 pag.
560 1649 638 1725 691,
658 1646 737 1712 edit.
756 1648 848 1712 Paris
862 1647 972 1732 1770).

95 1762 211 1842 otjieies
248 1766 283 1826 1ο
310 1764 358 1827 Ex
381 1763 479 1839 sacris
505 1763 681 1828 canonibus
699 1763 919 1828 aEridentiua
944 1763 1070 1848 synodo
1087 1783 1160 1829 cora·

60 1871 191 1954 firmatis,
214 1897 282 1942 non
297 1875 421 1942 debent
435 1879 585 1962 Episcopi
607 1877 775 1956 ordinare,
799 1879 860 1944 nisi
879 1895 934 1944 eos
949 1880 1005 1963 qui
1019 1881 1082 1944 sint
1097 1882 1159 1945 uti-

58 1987 97 2054 les
117 2001 169 2057 aut
188 1994 365 2060 necessarii
379 1995 445 2060 suis
469 1995 635 2078 Ecclesiis3
656 2003 689 2060 et
713 1996 808 2061 simul
829 1995 1020 2062 eorumdem
1036 1995 1159 2082 jndicio

58 2105 238 2194 relinquitur
257 2117 296 2175 ut
317 2109 503 2177 discernant
526 2130 656 2196 quinam
677 2113 773 2178 utiles
795 2114 858 2177 siut
880 2121 937 2179 aut
959 2114 1155 2179 necessarii:

57 2221 93 2284 sic
110 2226 192 2290 enim
223 2226 325 2291 habet
346 2225 533 2296 Tridentino
559 2225 718 2312 synodus,
743 2229 848 2312 capite
878 2232 916 2294 16
941 2231 1088 2294 sessionis
1117 2232 1157 2296 23

57 2335 96 2419 (dc
116 2339 346 2426 Rcfcrrmtiooc)
359 2363 369 2405 :
390 2347 467 2407 Cura
483 2345 586 2406 nullus
602 2345 708 2406 deieci
730 2347 885 2423 ordinari,
913 2351 965 2426 qui
975 2348 1094 2426 jndicio
1112 2349 1161 2408 sui

55 2455 178 2540 Episcopi
203 2477 268 2524 cort
287 2465 328 2522 sit
351 2461 439 2522 utilis
453 2467 508 2522 uui
527 2466 710 2522 necessarius
732 2466 795 2522 suis
815 2463 968 2540 Ecclesiis,
995 2467 1049 2525 cir.
1075 2461 1160 2544 Ergo

54 2571 258 2642 ordinationis
271 2575 434 2642 concessio
448 2576 502 2642 vel
521 2574 697 2658 denegatio
714 2584 764 2641 est
781 2593 881 2660 penes
896 2576 1067 2642 arbitrium
1085 2577 1161 2659 Epi-

52 2690 137 2772 scopi.

88 2809 267 2888 despondeo.
313 2808 484 2889 Distinguo
524 2823 725 2890 consequens
754 2829 760 2871 :
790 2815 834 2870 est
862 2827 954 2890 peaes
997 2810 1159 2871 arbitrium

51 2924 192 3006 Episcopi,
216 2925 265 2990 ita
276 2932 386 2988 tamen
396 2931 432 2988 ut
446 2929 588 3007 nequeat
608 2922 786 3006 Episcopus
801 2922 1038 2989 ordinationem
1058 2923 1160 2990 dene·

50 3055 137 3118 gare,
157 3041 219 3105 nisi
233 3039 361 3126 judicet
379 3056 451 3104 eam
464 3058 526 3104 nec
541 3037 757 3104 necessariam
774 3056 843 3104 esse
857 3059 918 3104 nec
937 3040 1067 3116 utilem,
1083 3059 1159 3106 cou-

49 3157 139 3224 cedo:
154 3160 219 3226 hoc
231 3177 330 3225 sensu
342 3157 432 3242 quod
446 3158 547 3240 possit
559 3175 631 3222 eam
646 3153 820 3240 denegare,
837 3158 963 3222 etiamsi
978 3161 1158 3224 necessaria

47 3273 81 3338 stt
93 3276 145 3341 vel
155 3277 265 3352 usius,
280 3293 375 3358 nego.
390 3275 431 3338 Et
442 3273 561 3338 iterum
577 3293 583 3336 :
603 3276 659 3335 Est
667 3291 759 3354 perses
769 3275 931 3336 arbitrium
946 3277 1095 3357 Episcopi,
1112 3276 1158 3341 ita

48 3393 145 3456 tamen
159 3399 199 3456 nt
211 3393 241 3456 si
251 3391 430 3473 Episcopus
444 3387 669 3471 denegandam
684 3387 920 3454 ordinationem
937 3389 1079 3474 judicet,
1101 3411 1157 3475 pa-

46 3512 106 3572 teat
127 3515 246 3574 contra
270 3505 353 3573 illud
369 3501 525 3589 judicium
551 3523 703 3570 recursus
729 3503 771 3569 ad
794 3503 912 3570 Sedern
927 3506 1154 3588 Apostolicarn,

47 3613 182 3680 concedo
202 3637 209 3679 :
226 3614 290 3679 hoc
315 3631 412 3677 sensu
431 3610 519 3696 quod
540 3611 647 3675 nullus
667 3609 767 3676 detur
786 3617 899 3676 contra
914 3613 980 3676 tale
996 3611 1156 3696 judicium

46 3746 211 3810 recursus,
234 3748 330 3812 nego.
357 3729 539 3793 Voluerunt
557 3745 635 3809 ergo
651 3725 829 3791 Tsidentini
855 3727 988 3805 Patres,
1016 3729 1156 3814 antiquis

43 3847 216 3914 canonibus
237 3842 444 3920 inherendo,
474 3850 510 3907 ut
536 3840 578 3906 ad
596 3842 791 3926 Episcopum
812 3843 994 3926 pertineret
1012 3863 1156 3928 pronun-

71 4155 104 4218 (lj
117 4155 184 4204 ldenr
195 4152 308 4215 Gregorii
319 4151 378 4202 lllll
394 4150 511 4199 decretum
521 4148 642 4198 retulimus
653 4161 724 4210 supra
737 4147 817 4208 (hujus
828 4147 983 4196 subiectionis
994 4148 1068 4209 eapite
1078 4150 1093 4195 2
1103 4162 1155 4210 pro·

41 4249 127 4300 hadone
141 4249 179 4313 6),
197 4263 228 4297 es
249 4247 310 4296 lihrc
324 4245 354 4294 16
365 4241 524 4294 Litterarum
533 4243 691 4291 visitationis
705 4253 841 4290 sacrorum
856 4241 989 4302 liminum,
1005 4243 1088 4304 pagins
1101 4245 1147 4292 scr

40 4345 128 4394 subdis
140 4349 171 4396 st
189 4343 277 4406 aprilis
286 4341 361 4391 1668.

143 4443 177 4500 11.
1015 4432 1050 4491 28
