2914 5122
223 350 284 412 112
563 363 751 412 ruscrnros
774 365 818 412 uu
839 364 987 412 runicus.

211 491 326 576 agitur
350 489 413 556 hec
435 489 487 556 via
508 488 707 571 exceptionis
723 488 934 554 criminaliter
957 491 1138 560 intentato.
1162 490 1347 578 (schmalz-

207 607 375 692 grueher,
390 603 483 690 ibid.)

264 725 297 790 4.
318 724 351 788 Si
372 723 535 807 excipiens
553 721 672 805 probet
691 721 832 800 crimen,
853 729 1024 790 accusator
1039 724 1093 788 vel
1111 725 1205 788 testis
1224 731 1349 790 contra

220 859 317 926 quem
337 839 461 908 crimen
482 837 565 904 illud
580 836 749 921 probatur,
770 856 834 903 non
849 843 977 904 tantum
997 838 1159 906 removeri
1178 838 1285 904 debet
1301 838 1349 904 ab

218 956 422 1022 accusatione
434 951 740 1030 veltestificatione,
755 951 816 1016 sed
831 953 929 1018 etiam
940 955 1047 1037 puniri
1058 973 1155 1038 prena
1170 973 1188 1018 a
1203 953 1282 1038 jure
1295 953 1350 1018 illi

221 1071 348 1139 crimini
360 1078 501 1153 statuta,
518 1069 573 1136 vel
587 1070 615 1136 si
636 1068 725 1133 nulle
744 1069 818 1134 talis
837 1076 959 1136 statuta
978 1077 1040 1148 cst,
1060 1069 1274 1138 condemnari
1302 1068 1351 1134 ad

221 1187 425 1266 arbitrariam
439 1184 641 1270 condignam.

267 1307 299 1369 t.
324 1303 390 1370 Sic
416 1309 529 1368 contra
547 1300 591 1366 sic
615 1300 797 1384 excipiens,
814 1301 937 1366 crimen
956 1319 1020 1366 non
1039 1300 1175 1384 probet,
1193 1299 1304 1366 dehet
1331 1322 1352 1366 a

220 1420 330 1506 jndice
346 1438 407 1503 per
420 1417 595 1502 specialem
609 1417 803 1482 sententiam
817 1415 942 1484 absolvi
956 1414 1021 1496 ille,
1039 1425 1154 1482 contro
1169 1436 1269 1502 quem
1287 1417 1353 1484 de-

222 1537 335 1602 lictum
351 1532 585 1620 objiciebatur;
603 1540 638 1598 et
653 1529 784 1616 quidem
800 1533 845 1598 ita
864 1540 902 1596 ut
913 1551 1013 1617 super
1029 1551 1069 1598 ec
1083 1533 1216 1598 crimine
1230 1532 1353 1600 denuo

223 1652 378 1730 accusari,
396 1651 494 1718 etiam
508 1648 550 1715 ab
566 1649 640 1726 olio,
665 1666 730 1712 non
748 1648 887 1730 amplius
903 1650 1020 1732 possit;
1037 1654 1075 1714 ut
1086 1669 1161 1714 cum
1177 1653 1355 1716 communi

223 1768 395 1836 doctorum
412 1768 574 1834 sententia
585 1764 721 1831 adnotat
735 1765 1023 1850 schmalzgrueber
1042 1767 1108 1854 (cit.
1124 1764 1223 1852 loco).

268 1889 301 1950 6.
327 1886 376 1950 An
392 1901 470 1950 vero
485 1884 554 1966 ipse
570 1881 735 1964 excipiens
753 1882 974 1960 criminaliter,
997 1888 1031 1946 et
1044 1883 1076 1948 iu
1093 1881 1265 1966 probando
1285 1886 1355 1950 cri-

225 2003 311 2068 mine
329 1999 496 2078 deficiens,
517 1997 628 2082 puniri
648 1995 769 2062 debeat
783 2004 936 2082 tanquam
952 1997 1174 2076 calumniator,
1192 2006 1302 2081 prout
1328 2001 1357 2064 si

225 2139 285 2203 per
300 2119 384 2184 viam
400 2116 611 2182 accusationis
626 2115 805 2198 ageretur?
820 2153 865 2162 -
880 2113 1109 2198 Respondetur
1120 2115 1290 2198 negative.
1312 2119 1358 2182 Et

225 2237 287 2300 hoc
298 2233 393 2300 valde
407 2231 541 2298 notabili
553 2229 737 2296 discrimine
754 2229 864 2296 differt
883 2231 1033 2314 exceptio
1052 2234 1254 2306 criminaliter
1275 2252 1357 2316 pro

225 2352 339 2436 posita,
358 2369 478 2416 amera
496 2349 711 2416 accusatione.
729 2333 941 2413 Concluditur
958 2356 1067 2414 autem
1086 2347 1147 2414 hoc
1165 2347 1357 2416 discrimen

226 2487 267 2533 ex
280 2468 396 2551 legeSr'
410 2467 582 2530 adulteram
596 2463 661 2549 (38,
680 2461 713 2526 ff.
729 2459 907 2548 doddoni,
920 2460 1030 2548 quoad
1040 2461 1102 2529 hoc
1113 2463 1146 2530 in
1158 2463 1230 2531 foro
1243 2466 1358 2532 eccle

154 2645 161 2654 .
190 2561 193 2570 λ
226 2584 355 2650 sinstico
369 2589 514 2666 recepta,
532 2580 644 2666 inqua
667 2577 757 2642 dicta
768 2575 853 2661 juris
872 2575 1040 2662 dispositio
1051 2580 1217 2662 reperitur
1235 2580 1358 2663 quoad

226 2699 435 2782 criminaliter
451 2697 683 2782 excipientem,
706 2702 741 2760 et
763 2695 797 2758 in
815 2692 985 2779 probando
1007 2692 1229 2761 deiicientem.
1249 2696 1357 2764 Ratio

225 2822 337 2882 nutem
347 2815 421 2882 talis
429 2812 647 2898 dispositionis
662 2817 724 2888 est,
741 2813 820 2894 quod
829 2816 970 2894 parcitur
984 2819 1120 2876 occauoio
1135 2818 1188 2894 qai
1197 2832 1358 2894 provoca·

228 2940 277 2996 tus
290 2938 345 2996 est.
365 2928 460 3017 (Vide
477 2926 648 2994 laudatum
667 2925 968 3010 Schmalzgrueber,
989 2928 1022 2992 in
1041 2928 1093 2992 tit.
1117 2931 1145 3008 l,
1168 2925 1272 3014 limi
1291 2930 1357 3001 de-

228 3056 326 3127 cret,
343 3067 377 3112 n.
401 3041 492 3129 250.)

645 3223 648 3230 Ι
739 3279 825 3356 §IV.

564 3504 650 3552 Norma
667 3503 744 3566 quoad
758 3503 1007 3566 quasi-exceptionem.

213 3817 218 3822 .
273 3751 610 3836 Quasi-exceptionem
633 3769 731 3834 supro
747 3751 943 3830 vocavimus,
966 3769 1038 3816 eam
1057 3768 1140 3836 qum,
1164 3769 1230 3816 non
1249 3773 1272 3816 a
1301 3777 1357 3820 roo

230 3871 433 3954 proponitur,
450 3866 543 3932 seda
560 3865 707 3950 qualibet
724 3864 786 3930 alia
802 3884 950 3949 persona,
969 3865 1016 3942 ad
1036 3866 1290 3950 impediendum
1311 3893 1356 3939 ne

229 3985 380 4072 indignus
395 3983 439 4050 ad
452 3982 663 4050 Proelnturam
682 3980 914 4066 dignitatemve
933 3990 990 4048 aut
1006 3981 1200 4053 beneficium
1216 4004 1360 4068 promo-

231 4111 358 4170 veatur.
377 4105 477 4168 Deea
491 4107 600 4168 antem
613 4099 660 4164 sic
679 4094 827 4164 decrevit
840 4099 1048 4166 Innocentius
1070 4100 1117 4166 111
1136 4121 1143 4165 :
1163 4104 1240 4166 Com
1257 4123 1361 4188 oppo-

230 4228 316 4285 nitur
329 4228 364 4284 at
379 4224 445 4302 quis
464 4221 682 4300 opromotiooe
697 4214 788 4294 officii
808 4217 856 4278 ccl
878 4215 1012 4294 beneficii
1028 4219 1220 4300 mladotar,
1237 4226 1268 4282 si
1280 4231 1360 4288 astte
1454 4305 1455 4308 Ἴ

229 4338 486 4418 confirmationem
505 4335 657 4414 objicitur,
679 4351 740 4396 occ
764 4338 880 4414 cogitur
897 4338 1062 4414 qumquam.
1077 4336 1238 4398 inscribere
1242 4359 1261 4420 a·
1276 4347 1359 4420 quta
1454 4361 1455 4426 p

230 4460 343 4518 crimea
354 4452 408 4514 too
420 4452 505 4514 modo
510 4450 682 4534 probatica,
702 4451 827 4532 impedit
840 4451 1086 4533 promoscidam,
1104 4451 1157 4514 sec
1168 4469 1229 4514 nort
1243 4454 1358 4535 dejicit
1454 4462 1455 4546 i
