2838 5114
239 349 303 410 402
584 363 771 412 rmnrarus
793 363 837 412 nn
859 363 1029 412 sunrons.»

282 485 364 552 Item
378 482 421 552 de
440 485 505 554 litis
524 489 758 555 contestatione
780 489 904 572 egimus
927 489 1023 554 simul
1040 483 1148 574 quoad
1168 489 1298 557 civilem
1313 497 1342 554 et

237 603 434 669 criminalem
449 623 647 686 processum,
664 605 807 670 sectione
823 607 854 684 3,
873 605 1079 671 subsectione
1094 609 1127 683 3,
1148 606 1255 690 capite
1277 609 1305 671 1.

281 719 368 784 lllIl.
388 717 548 785 «Deinde
564 719 712 802 proestari
728 719 811 785 solet
827 717 1049 803 juramentum
1076 721 1263 799 calumniae,
1284 721 1342 785 evi·

238 833 376 900 atandoe
391 835 525 913 scilicet,
542 841 609 901 tam
628 853 690 918 per
708 841 852 901 actorem
872 853 969 920 ιριιιιι
988 855 1049 920 per
1062 854 1170 902 reum.
1191 857 1208 898 n
1232 835 1343 923 (Pelle-

235 951 328 1034 grini,
344 951 416 1017 loco
435 948 560 1034 citato.)

278 1067 327 1131 De
343 1064 530 1150 juramento
545 1065 723 1145 calumniae,
737 1067 883 1134 veritatis
897 1075 931 1134 et
946 1067 1086 1145 malitiae,
1105 1065 1215 1153 quoad
1225 1071 1343 1133 utrum-

231 1198 294 1265 que
312 1199 498 1263 processum
514 1181 648 1264 egimus
670 1181 812 1248 sectione
825 1185 856 1260 3,
875 1182 1082 1248 subsectione
1098 1185 1130 1261 3,
1149 1201 1179 1247 c,
1200 1185 1234 1248 3.

274 1297 330 1363 lll.
350 1301 395 1362 De
415 1303 540 1361 iumine
555 1299 741 1380 probatorio.
762 1335 807 1346 -
828 1321 844 1360 a
861 1299 1047 1365 successive
1064 1297 1163 1364 datur
1187 1299 1341 1364 terminus

232 1413 298 1477 «in
316 1431 410 1479 causa
435 1412 478 1479 ad
503 1413 708 1496 probandum
730 1413 951 1480 incumbentia
977 1415 1063 1479 intra
1091 1413 1217 1498 aliquot
1239 1419 1340 1479 certos

232 1552 249 1590 u
267 1527 346 1607 dies,
369 1529 425 1615 qui
437 1537 486 1595 est
503 1529 633 1615 utrique
649 1533 734 1621 parti
748 1531 936 1608 communis,
951 1529 1106 1595 videlicet
1121 1529 1226 1595 actori
1245 1529 1289 1595 ad
1297 1528 1339 1592 ia-

232 1643 397 1710 aciendas
419 1666 493 1712 suas
518 1647 733 1730 probationes,
752 1654 787 1712 et
811 1663 869 1713 reo
893 1655 1056 1713 convento
1084 1645 1127 1712 ad
1156 1645 1338 1711 faciendum

230 1785 246 1821 e
262 1781 336 1827 suas
351 1761 566 1828 defensiones.
582 1787 596 1823 ι
616 1761 813 1850 (pellegrini,
830 1762 903 1828 loco
915 1761 1039 1846 citato.)
1051 1764 1101 1827 De
1114 1763 1257 1828 termino
1274 1779 1339 1846 pro

226 1877 363 1955 baterio,
382 1897 508 1943 necnon
535 1879 577 1942 de
599 1871 810 1962 positionibus
833 1883 867 1943 et
888 1879 1051 1956 articulis,
1070 1877 1212 1944 diximus
1234 1875 1338 1963 quoad

225 2001 401 2078 utrumqne
420 2013 617 2078 processum,
633 1996 777 2059 sectione
793 1997 824 2070 3,
844 1993 1049 2060 subsectione
1063 1998 1094 2072 3,
1110 1994 1218 2079 eapite
1234 1996 1268 2059 l.

270 2109 309 2174 ll.
335 2114 380 2173 De
389 2113 599 2191 positionibus.
616 2148 661 2158 -
678 2133 693 2170 u
713 2112 798 2176 Dato
808 2109 948 2175 termino
960 2109 1129 2194 praedicto‚
1147 2109 1222 2176 fieri
1237 2111 1337 2178 solent

228 2223 431 2309 «aliquando
450 2227 637 2308 positiones,
654 2242 756 2308 super
778 2225 895 2310 quibus
917 2224 1181 2308 respondendum
1208 2234 1259 2292 est
1284 2243 1338 2310 per

219 2359 244 2397 ι«
263 2346 389 2420 partem
405 2339 585 2419 adversam,
601 2339 643 2405 ad
659 2340 864 2406 edoctumut
878 2342 1071 2406 releventur
1087 2339 1283 2406 adinvicem
1301 2339 1337 2406 ab

229 2481 242 2514 α
259 2475 358 2523 onere
374 2455 545 2540 probandi.
568 2483 582 2518 u
603 2453 802 2544 (Pellegrini,
818 2458 890 2523 loeo
903 2456 972 2541 eit.)

268 2575 322 2640 XI.
343 2579 386 2638 De
402 2578 552 2639 articulis.
570 2611 614 2622 -
644 2604 656 2629 κ
674 2571 772 2655 Quod
787 2575 814 2639 si
828 2583 938 2659 partes
953 2592 1014 2658 per
1029 2575 1204 2658 positiones
1217 2575 1336 2641 nullum

226 2690 417 2755 «senserint
428 2688 635 2756 commodum
655 2689 864 2772 probationis,
890 2686 1074 2772 producere
1096 2689 1203 2755 solent
1224 2688 1336 2755 artion-

224 2829 240 2866 a
257 2806 316 2882 los,
336 2824 436 2889 super
449 2805 567 2890 quibus
590 2807 815 2870 examinantur
832 2812 933 2871 testes
953 2808 987 2869 in
1010 2805 1075 2870 vim
1097 2805 1331 2889 probationum,

226 2946 241 2982 a
259 2920 465 3006 praecedente
496 2921 650 2986 citatione
680 2921 780 3004 partis
803 2919 965 3000 adversae,
996 2921 1242 2988 adridendum
1268 2922 1334 2988 illos

225 3059 242 3096 u
258 3036 388 3120 jurare3
406 3042 440 3100 et
452 3036 485 3099 in
504 3035 620 3101 codem
639 3035 780 3100 termino
794 3053 856 3117 per
870 3035 964 3101 aliam
976 3043 1102 3118 partem
1112 3035 1333 3118 producuntur
1414 3121 1415 3126 ἵ

225 3179 240 3209 a
258 3151 524 3235 interrogatoria3
544 3169 644 3234 super
657 3125 776 3235 quibus
789 3149 1014 3234 interrogandi
1023 3159 1099 3216 sunt
1118 3152 1209 3236 prius
1223 3157 1329 3226 testes

225 3291 241 3327 u
259 3274 292 3332 et
309 3273 421 3350 postea
435 3267 657 3351 respondeant
672 3265 826 3346 articulis.
847 3291 863 3328 u
882 3263 997 3353 (Idem,
1015 3266 1111 3352 ibid.)

264 3382 336 3447 XIl.
362 3385 406 3444 De
423 3387 542 3445 testium
551 3383 748 3464 productione
765 3390 795 3445 ei
809 3387 958 3448 examine.
983 3421 1029 3432 -
1055 3407 1071 3446 a
1089 3383 1169 3449 Post
1182 3381 1329 3450 articulo

225 3521 241 3559 a
259 3516 333 3562 rum
345 3504 379 3561 et
388 3499 711 3580 interrogatoriorum
724 3498 982 3581 productionem,
996 3499 1035 3565 fit
1047 3501 1158 3596 citatio
1172 3497 1327 3574 antestes,

224 3639 240 3676 «
258 3621 296 3679 ut
313 3609 472 3679 accedant
486 3611 528 3678 ad
542 3615 675 3690 curiam,
690 3613 732 3678 ad
745 3633 780 3680 se
799 3613 1047 3681 examinandum
1065 3613 1109 3703 (l)
1125 3635 1223 3700 super
1248 3613 1327 3694 illis3

224 3757 237 3787 a
257 3737 291 3794 et
309 3728 593 3794 eodemeontextu
606 3730 726 3795 citetur
739 3747 815 3813 pars
835 3730 973 3796 adversa
988 3729 1031 3795 ad
1051 3729 1229 3796 videndum
1248 3730 1329 3812 ipso

224 3867 240 3905 u
256 3863 329 3909 rum
343 3846 476 3910 testium
490 3844 677 3929 juramenta
689 3843 731 3910 de
751 3846 890 3911 veritate
907 3845 1048 3912 dicenda
1061 3865 1162 3930 super
1177 3845 1329 3913 contentis

225 3987 241 4024 u
260 3963 294 4028 in
309 3963 464 4029 articulis.
480 3983 496 4022 u
511 3959 627 4046 (Idem,
642 3959 790 4046 ibidem.)

263 4079 350 4146 XIIl.
368 4085 413 4144 De
432 4085 551 4142 testium
561 4079 727 4141 absentium
736 4083 874 4142 oramine
882 4097 1038 4161 eorumque
1052 4085 1263 4172 nominatim.
1285 4111 1326 4128 -·

253 4361 288 4426 (ll
306 4363 390 4425 idest,
406 4373 431 4411 ut
444 4363 506 4411 eirca
517 4362 637 4412 veritatem
650 4363 803 4412 articulorum
816 4365 976 4414 examinentur
989 4373 1013 4414 et
1028 4364 1155 4428 deponent
1170 4367 1217 4415 lion
1231 4373 1319 4414 uatum

218 4458 324 4517 hirsutae,
336 4455 376 4504 sed
386 4457 490 4504 obscure
500 4457 567 4504 etium
578 4455 715 4518 quandoque
724 4457 846 4506 latinitatis
856 4465 891 4506 est
903 4457 1056 4518 pellegrinus.
