2930 5114
261 332 326 396 aot
607 347 795 400 muneras
817 349 862 398 os
882 349 1031 398 marcus.

261 475 418 554 aalma,
435 476 565 555 suto...,
583 477 704 540 tiam...
715 477 882 542 uuor...
897 475 944 561 (et
955 470 1191 558 nedenoeps).
1206 475 1366 555 luquoua

262 589 364 665 filesa.
376 623 421 638 --
433 593 495 672 Epo
510 592 539 654 N
543 637 565 668 .‚
583 596 772 676 maturator.
783 595 901 673 —Epo
916 595 944 654 N
948 639 969 670 .,
979 597 1168 672 procurator.
1183 625 1228 640 ·-
1240 593 1301 672 Epo
1314 596 1362 668 Ν.,

261 709 427 768 actuarius.
449 726 466 766 a

684 991 818 1059 CAPUT
841 995 934 1060 LXV.

131 1245 136 1254 ¹
204 1298 216 1308 .
302 1262 411 1309 FORMA
434 1263 589 1312 FERENDAE
610 1264 793 1312 SENTENTIAE
816 1263 919 1312 SUPER
941 1263 1069 1312 VALORE
1092 1263 1339 1312 APPELLATIONIS

625 1380 666 1428 AB
696 1380 990 1429 tursntocuuonllt.

302 1648 429 1713 citetur
447 1647 613 1732 appellans
628 1646 671 1713 ad
684 1647 881 1714 audiendam
897 1647 1092 1714 sententiam
1105 1670 1113 1732 3
1132 1666 1270 1734 proquo
1285 1649 1365 1714 adbi-

257 1762 328 1828 beri
342 1761 476 1846 poterit,
495 1763 627 1828 mutatis
652 1761 826 1840 mutandis,
855 1762 996 1827 formula
1018 1765 1170 1846 superius
1183 1763 1321 1848 tradita;
1338 1771 1365 1828 et

251 1877 374 1944 eodem
389 1886 609 1964 comparente,
630 1879 656 1944 si
681 1878 752 1964 ejus
765 1880 940 1963 appellatio
960 1879 1131 1964 judicetur
1149 1879 1326 1947 subsistens
1338 1882 1365 1944 in

253 1992 327 2078 jure
343 2002 378 2059 et
391 1995 424 2059 in
440 1994 539 2073 facto,
558 1996 790 2078 pronuntietur
803 1997 835 2060 in
855 1995 942 2060 hunc
956 1995 1112 2062 modum:

301 2133 318 2172 a
337 2114 377 2174 la
397 2117 515 2176 nomiae
526 2117 659 2177 Moirai.
677 2117 781 2178 Arnen.
800 2145 845 2160 -·-
862 2117 934 2176 Visa
947 2115 1150 2195 appellatione
1163 2119 1365 2196 interpositae

254 2229 375 2291 unum
393 2232 423 2293 N
426 2277 448 2307 .,
470 2249 519 2292 reo
531 2235 691 2311 pruteno,
710 2248 800 2310 super
820 2234 968 2294 scatentia
986 2230 1227 2308 interlocutoria,
1246 2231 1311 2294 lata
1318 2249 1367 2311 per

254 2348 447 2410 rwuuadum
462 2350 502 2410 N.
519 2350 672 2410 Vivarium
686 2347 869 2428 pecualem,
888 2349 1041 2410 dioceseos
1053 2348 1236 2426 N.jurlieem
1252 2349 1366 2410 ordian-

254 2469 345 2543 rium,
369 2467 475 2543 dte...,
500 2483 653 2543 mene...,
676 2483 812 2528 auno...:
830 2468 905 2526 uisis
932 2468 1031 2526 cauus
1055 2466 1216 2545 praedictae
1241 2465 1367 2546 appella-

245 2584 346 2642 ·tioais
369 2599 390 2642 a
418 2587 580 2643 memormo
605 2599 654 2642 reo
674 2586 824 2662 pruteuut
848 2583 1035 2661 propositis,·
1049 2582 1181 2659 visisque
1203 2586 1235 2641 et
1260 2584 1366 2640 nutare

247 2699 425 2778 panus
440 2699 825 2779 meermannianam,
847 2698 1190 2759 aratrrssmoamarn
1211 2697 1249 2758 aa
1272 2695 1364 2777 appet-
1443 2683 1444 2686 ‘

250 2816 335 2878 ¹laute
342 2818 510 2897 productis,
521 2835 578 2897 per
596 2816 673 2879 ioue
688 2821 823 2878 nostram
839 2819 1018 2878 seutentiam
1038 2815 1231 2876 ¹ataclaramas
1248 2819 1279 2876 et
1298 2815 1365 2876 lici-

251 2951 328 3012 rnus,
346 2933 424 2994 nate
436 2934 529 3013 subse
545 2951 566 2993 a
579 2938 741 2994 memuato
749 2933 854 3013 judice
866 2932 1090 3009 interlocutum,
1111 2936 1141 2992 et
1158 2931 1230 2992 berae
1243 2931 1365 3012 appella

253 3057 326 3113 tum.
349 3054 538 3131 Quapropter
553 3067 672 3112 cauum
683 3050 856 3130 aproeNoto
868 3049 1029 3110 reverendo
1044 3051 1085 3111 Ν.
1106 3050 1227 3110 Vinaria
1240 3048 1364 3128 peaerali

250 3169 385 3230 liumus
404 3170 433 3230 N
436 3214 443 3230 .
465 3167 508 3229 art
531 3173 667 3229 austriam
681 3167 943 3246 aaetropatitaaura
960 3164 1096 3226 thuaul
1114 3181 1286 3227 nummus.
1313 3165 1363 3226 Da·

244 3291 325 3360 um,
350 3289 406 3348 etc.
433 3317 478 3332 -
498 3287 562 3365 Epo
583 3287 614 3348 N
617 3329 638 3360 .,
669 3286 807 3346 Vicara'us
834 3282 985 3363 peueralis
1006 3280 1251 3343 archidioeceseos
1270 3284 1309 3345 N.
1324 3315 1361 3328 -

250 3403 315 3482 Epo
330 3405 387 3480 Ν.,
408 3406 573 3465 aurarius.
592 3422 608 3460 n

294 3515 390 3600 Quod
401 3516 427 3582 si
440 3517 615 3602 appellatio
627 3514 774 3616 judicata
786 3513 887 3580 fuerit
897 3513 1122 3591 insubsistens,
1140 3521 1216 3598 post
1230 3513 1357 3580 verbnm

246 3637 443 3698 'Duwramus
469 3640 631 3716 ponatur:

295 3773 312 3813 r
329 3752 715 3826 naturamnaturaim,
730 3752 801 3812 boae
814 3752 906 3830 pitius
921 3769 940 3811 a
953 3755 1116 3811 ruerraorato
1125 3751 1230 3831 judice
1244 3749 1358 3810 luterio

248 3879 359 3946 cutura,
378 3870 457 3932 aule
473 3887 493 3930 a
502 3869 649 3948 predita
664 3869 784 3930 domiuo
802 3870 843 3932 N.
861 3868 1058 3948 appellatum.
1082 3869 1284 3947 Quapropter,
1307 3882 1356 3925 aaa

247 3989 381 4050 obstante
391 3986 541 4067 predicta
554 3986 767 4066 appellatione,
784 3985 888 4047 debere
898 3983 1221 4065 predictumjuattaem
1236 3985 1355 4044 incana

241 4105 401 4184 paream
415 4109 506 4182 pratu
517 4103 554 4165 de
558 4106 631 4184 jure
641 4103 827 4164 unanimus
837 4108 867 4163 et
869 4104 1115 4182 pronuntiamus.
1133 4101 1260 4176 Datum,
1279 4103 1351 4158 etc.»
1439 4139 1440 4176 Ξ

292 4217 401 4286 Debet
413 4225 523 4282 antem
539 4233 712 4299 processus
724 4215 831 4282 iactus
845 4236 863 4282 a
873 4214 984 4301 jndice
1003 4217 1044 4278 ud
1062 4233 1159 4296 quea,
1177 4213 1272 4278 simul
1290 4227 1350 4276 auu

247 4323 420 4411 sentenia,
438 4334 525 4399 mitti
543 4327 588 4398 'ad
612 4330 760 4418 judicem
780 4352 798 4398 a
814 4351 879 4418 qno
894 4332 1096 4417 appellatum
1112 4331 1193 4409 luit,
1209 4337 1244 4396 et
1258 4333 1347 4396 toton

246 4448 346 4542 inseri
359 4449 445 4516 inter
459 4457 543 4530 acta,
558 4450 583 4515 si
598 4450 773 4536 appellatio
799 4449 899 4520 fuerit
920 4448 1066 4535 judicata
1091 4448 1307 4515 insubsistens.
1321 4441 1346 4506 Si
1438 4495 1439 4524 ,
