2836 5118
234 349 299 412 350
593 364 779 412 rnrcrsrus
801 364 843 410 na
866 361 1014 411 runicus.

235 489 260 552 si
279 488 379 558 verba
395 487 496 572 ipsius
518 494 643 557 attente
660 485 916 572 perpendantur,
936 486 1063 571 patebit
1086 504 1187 558 uerus
1205 504 1320 553 semu:

241 605 472 689 «Quamquam
490 604 557 670 haec
578 604 744 670 verissima
755 604 829 680 sint,
849 604 964 690 inquit,
982 610 1129 670 attamen
1145 600 1325 685 reprehensi·

240 721 339 799 ubilis
357 721 444 787 foret
465 721 652 806 Episcopus,
670 720 697 784 si
717 721 749 784 in
765 738 823 785 sua
837 719 963 804 synodo
979 718 1176 800 declararet,
1200 738 1233 784 se
1254 717 1326 790 dein

241 866 255 892 κ
272 855 350 920 ceps
365 855 406 902 ex
420 837 548 920 privata
562 843 689 902 tantum
699 836 844 911 scientia,
859 854 954 920 poens
970 835 1189 920 suspensionis
1204 833 1329 900 adivinis

242 951 572 1042 sanimadversurum
590 953 623 1015 in
645 951 791 1032 elericos,
816 970 897 1038 quos
917 951 1063 1036 graviter
1081 949 1252 1035 deliquisse
1265 968 1330 1016 con

243 1069 405 1152 «pererit,
429 1074 566 1150 quamuis
589 1087 691 1132 eorum
713 1069 855 1132 delictum
877 1088 937 1132 non
959 1074 1054 1150 possit
1079 1072 1113 1130 in
1136 1070 1203 1147 soro
1228 1073 1332 1128 cutenu

244 1187 479 1250 «concludenter
497 1186 634 1266 probari,
655 1191 712 1248 aut
730 1180 814 1247 illud
832 1203 897 1250 non
915 1181 1071 1266 expediat
1090 1182 1124 1247 in
1142 1182 1276 1248 aliorum
1291 1201 1334 1246 no

245 1303 378 1367 «titiam
402 1299 569 1366 deducere
588 1297 769 1384 :ejusmodi
788 1298 948 1388 siqnidem
973 1299 1163 1365 constitutio
1182 1296 1335 1386 quemdam

245 1416 438 1484 «redoleret
456 1416 704 1482 ambitionem...
725 1416 860 1480 »Porro
887 1414 1010 1500 duplici
1029 1434 1126 1482 sensu
1151 1414 1224 1485 fieri
1247 1420 1336 1498 potest

240 1543 277 1600 ut
306 1533 460 1599 delictum
480 1540 622 1622 nequeat
650 1534 857 1596 concludenter
888 1537 921 1595 in
949 1535 1015 1612 soro
1044 1540 1168 1596 esterno
1196 1529 1333 1614 probari:

245 1653 276 1712 10
292 1649 367 1733 qnia
382 1648 482 1734 aliqui
493 1653 605 1723 testes,
622 1645 665 1713 nd
677 1646 805 1738 plenam
817 1645 1042 1732 probationem
1051 1647 1235 1725 necessarii,
1248 1647 1278 1712 in
1291 1665 1336 1729 pu-

241 1763 326 1844 blico
335 1763 457 1848 judicio
473 1781 662 1846 comparere
680 1770 714 1834 et
729 1762 894 1848 deponere
910 1772 1079 1846 recusant;
1098 1767 1132 1828 2⁰
1146 1763 1222 1848 quia
1242 1761 1336 1847 proba·

242 1883 357 1964 tiones,
384 1881 510 1946 etiamsi
534 1879 577 1945 ad
605 1880 712 1946 forum
746 1888 918 1946 externum
942 1878 1199 1962 deducerentur,
1228 1878 1337 1963 plenam

242 1995 466 2080 probationem
482 2016 545 2060 non
559 1995 735 2092 efficerent.
754 1996 791 2059 In
807 1997 906 2080 priori
925 2015 1005 2080 ergo
1029 2015 1126 2061 sensu
1146 1995 1338 2079 interpretari

243 2119 378 2195 possunt
404 2132 442 2176 ea
464 2111 575 2191 verba,
595 2117 731 2204 quamuis
753 2132 854 2176 eorum
877 2115 1018 2176 delictum
1037 2132 1098 2176 nort
1120 2119 1216 2194 possit
1237 2118 1268 2176 in
1286 2114 1338 2191 loro
1403 2111 1405 2198 l

242 2236 366 2292 entcrno
382 2232 588 2293 concludenter
603 2232 727 2310 probari
739 2250 749 2292 :
763 2229 909 2314 quamvis
927 2227 1049 2294 scilicet
1066 2247 1180 2306 eorum
1204 2227 1339 2294 delictum
1404 2217 1406 2312 l

243 2364 307 2410 non
319 2344 542 2430 possitinioro
562 2354 699 2412 externo
715 2342 952 2415 concludenter
964 2345 1108 2428 probari,
1126 2349 1161 2410 od
1174 2345 1341 2424 cumcunl
1406 2323 1407 2404 l

244 2464 372 2542 stuculc,
390 2482 455 2544 pute
468 2465 637 2544 impediunt
648 2481 685 2524 ne
695 2464 885 2544 probationes
900 2466 932 2524 in
947 2481 979 2524 eo
993 2464 1058 2541 loro
1072 2464 1277 2540 deducuntur;
1290 2476 1342 2527 uon
1407 2429 1408 2510 i

245 2585 355 2644 autem
371 2597 410 2644 eo
429 2575 519 2662 quod
533 2579 676 2645 rationes
690 2580 727 2641 dc
743 2598 774 2640 se
788 2575 1019 2645 insufficientes
1029 2579 1093 2652 siut
1111 2576 1155 2642 ad
1169 2575 1342 2656 concludere
1408 2537 1409 2610 i

245 2702 299 2760 ter
313 2691 518 2778 probandum
532 2695 565 2758 in
576 2693 648 2759 foro
668 2701 814 2771 externo,
831 2695 857 2758 si
873 2700 1005 2778 possent
1022 2695 1056 2758 in
1075 2713 1115 2758 eo
1130 2693 1203 2762 foro
1226 2691 1339 2766 deduci.

290 2811 532 2879 districtam.
557 2848 602 2858 -
618 2815 727 2894 Nequit
744 2815 907 2892 Episcopus
925 2814 1146 2877 ordinationem
1161 2813 1343 2893 ousqucjnu

247 2948 337 3008 cnuto
352 2947 503 3008 recusare,·
518 2935 547 2990 et
562 2947 581 2989 c
596 2933 780 2990 recusatione
792 2934 877 3010 putet
894 2947 1008 3008 semper
1022 2930 1064 2992 ud
1078 2932 1195 3010 Pupam
1212 2945 1340 2990 recursus.

249 3079 293 3091 -
308 3043 366 3107 Hic
379 3040 596 3128 expendenda
610 3041 699 3107 venit
713 3043 857 3128 quaestio,
876 3063 917 3106 an
932 3043 1109 3128 Episcopus
1122 3044 1224 3126 possit
1237 3039 1345 3111 ocdua-

249 3160 370 3228 tionem
391 3178 543 3224 recusare
566 3159 607 3236 ei,
625 3159 681 3243 qui
702 3157 846 3223 ordinari
858 3159 1011 3242 postulat,
1029 3158 1160 3244 quando
1190 3160 1224 3224 in
1248 3177 1284 3224 eo
1296 3173 1345 3220 nec

250 3276 412 3353 defectus,
426 3295 486 3340 neo
498 3273 653 3340 delictum
665 3276 840 3360 reperitur,
854 3293 925 3360 quae
935 3276 1000 3340 sint
1014 3295 1109 3343 causa
1121 3276 1264 3359 legitima
1274 3291 1345 3342 enm·

251 3389 327 3466 dem
345 3412 364 3457 a
379 3392 477 3456 sacris
492 3389 659 3457 ordinibus
679 3389 825 3465 arcendi.
846 3389 897 3456 Ad
912 3388 1005 3475 cujus
1020 3389 1218 3458 difficultatis
1231 3389 1346 3456 solutio

250 3526 336 3586 nem,
354 3524 552 3592 exponemus
577 3509 609 3570 1⁰
627 3507 855 3574 nonnullorum
884 3508 1069 3590 opinionem
1092 3507 1285 3586 conclusioni
1301 3522 1347 3570 no

251 3631 325 3689 strae
350 3630 502 3706 exparte
528 3623 740 3706 contrariam;
758 3626 792 3690 2⁰
805 3623 1046 3704 conclusionem·
1070 3624 1173 3707 ipsam
1196 3641 1301 3698 veram
1321 3624 1349 3687 el

251 3737 487 3806 admittendam
505 3737 724 3806 ostendemus.

296 3860 322 3923 Ι.
353 3863 525 3940 Enpmitur
548 3865 702 3922 centrario
725 3862 937 3927 nonnullorum
960 3867 1072 3944 opinio.
1095 3895 1140 3908 -
1175 3859 1276 3944 Aliqui
1302 3854 1350 3922 sci·

250 3973 329 4038 licet
340 3981 492 4058 tanquam
511 3974 703 4058 principium
720 3982 856 4058 ponunt,
877 3974 1115 4042 ordinationem
1130 3974 1174 4042 ad
1195 3975 1351 4059 gratiosm

251 4089 508 4175 J'urisdictionem
523 4091 705 4174 pertinere3
728 4099 841 4175 postea
869 4110 948 4170 vero
973 4095 1146 4176 gratiosam
1169 4089 1353 4177 jurisdictio

254 4227 330 4272 nem
345 4205 458 4272 dicunt
480 4207 574 4272 iniis
599 4207 733 4283 verstri,
757 4226 826 4290 quae
852 4227 912 4292 pro
934 4207 1030 4276 libitu
1052 4209 1230 4292 Episcopus
1251 4221 1353 4273 conce

256 4320 335 4389 dere
357 4322 411 4387 vel
434 4341 585 4398 recusare
611 4329 737 4406 potest3
760 4325 806 4388 ita
823 4332 872 4401 ut,
889 4325 914 4396 si
928 4325 1065 4407 gratiam
1088 4331 1230 4402 rccuset,
1247 4321 1352 4388 nudam

256 4434 406 4536 injuriam
420 4433 517 4498 faciat
531 4435 572 4511 ei,
592 4434 647 4519 qui
660 4436 823 4520 repulsam
838 4438 980 4520 patitur:
994 4435 1082 4503 unde
1102 4436 1259 4515 inferunt,
1275 4429 1352 4498 ordi-
