2836 5118
240 323 304 390 272
582 333 770 382 racemus
792 333 837 380 nr
858 330 1007 380 runicus.

239 479 389 546 unapars
401 455 903 545 appellet'adlrcbiepisccpnm,
919 461 953 519 et
964 451 1250 536 alternad'Paprm
1261 453 1336 540 1111111

238 576 283 644 ad
305 578 427 660 Papam
450 571 608 658 appellari
634 577 744 654 potest
769 570 886 636 omisso
912 565 1046 652 medio),
1063 568 1281 654 qui-appellat
1300 568 1336 634 111

238 690 361 776 Papam
374 687 476 754 debet
489 685 531 752 de
546 685 607 752 boc
623 686 797 752 certiorem
812 685 921 752 facere
932 682 1249 769 drcbiepiscopum:
1275 683 1339 748 olle
1408 775 1409 780 Ἰ

201 811 203 816 ’
239 807 318 891 quin
330 805 357 870 is
368 801 474 868 valide
486 799 657 886 procedet.
679 799 994 886 (Schnuzgrueber,
1011 802 1085 866 loco
1097 802 1167 880 cit,
1186 821 1219 866 n.
1237 797 1300 884 55.)

239 975 247 981 ..
283 912 481 978 Prorosrno
502 911 558 974 11¹.
582 945 629 958 -
649 915 698 976 Ad
720 917 849 996 Papam,
867 904 986 978 omens
1009 917 1197 980 intermediis
1218 917 1341 979 0111111111

241 1029 453 1116 tribunalibus,
472 1027 623 1108 appellari
631 1034 742 1110 potest,
760 1033 822 1092 11111·
834 1032 921 1110 Papo
935 1035 999 1110 ipse
1011 1035 1195 1094 contraitum
1208 1032 1298 1094 adimi
1305 1049 1343 1093 re

239 1148 322 1226 pioni
336 1144 510 1208 indulserit.
527 1175 573 1188 -
594 1164 609 1202 o
629 1141 655 1206 Α
677 1159 883 1228 quocumque
905 1141 1017 1226 judice
1044 1144 1102 1231 (ait
1117 1144 1344 1228 beureniusin

243 1283 259 1320 11
274 1263 350 1324 Foro
367 1260 573 1333 ecclesiastico,
590 1255 689 1322 111111.
708 1259 762 1334 28,
778 1257 803 1332 l,
821 1257 995 1336 tdeoret,
1014 1277 1046 1343 q.
1071 1257 1168 1344 1063)
1184 1263 1344 1326 imment

244 1393 260 1434 11
277 1371 322 1438 ad
337 1372 457 1456 Papam
475 1368 634 1453 appellari
658 1377 766 1452 potest
787 1387 829 1434 ex
844 1378 914 1436 toto
930 1372 1022 1451 orbe,
1039 1377 1073 1442 iu
1087 1377 1193 1441 causis
1205 1376 1346 1442 ecclesio·

245 1487 363 1552 asticis
388 1491 423 1552 ct
440 1483 671 1568 spiritualibus.
699 1483 798 1569 Cujus
815 1487 899 1550 ratio
925 1496 977 1554 est
992 1488 1161 1573 plenitudo
1185 1492 1346 1574 potestatis

244 1600 426 1678 «residens
444 1602 478 1665 in
500 1601 600 1684 Papo,
619 1598 771 1684 quodque
792 1601 881 1686 Papa
902 1603 943 1668 sit
952 1601 1149 1670 ¹ordinarius
1161 1602 1346 1669 'Ordinatio
1410 1647 1411 1650 ,

244 1739 260 1778 1
273 1736 346 1784 rum
361 1715 503 1783 omnium
528 1713 675 1799 judicum
698 1715 902 1794 inferiorum,
922 1726 1174 1785 concurrentem
1196 1738 1272 1783 cum
1293 1717 1347 1784 illis

242 1856 257 1892 1
275 1833 310 1897 in
323 1830 419 1898 dictis
426 1831 530 1896 causis
542 1829 800 1914 jurisdictionem
812 1829 945 1898 habens.
963 1833 1075 1916 Neque
1087 1823 1347 1898 communicando

241 1973 257 2010 1
273 1946 529 2033 jurisdictionem
549 1953 617 2012 tam
635 1941 841 2034 ordinariam
857 1965 953 2034 quam
967 1946 1150 2031 delegatam
1164 1948 1257 2026 aliis,
1283 1965 1347 2012 ase

242 2061 405 2128 «abdicat
418 2081 520 2128 suam.
539 2084 555 2122 u
867 2111 869 2116 .
916 2069 919 2076 ⁴
984 2107 985 2112 1
1070 2109 1072 2117 ,
1329 2117 1330 2120 ,

288 2177 489 2261 «Excipitur
513 2196 605 2242 casus
637 2194 703 2260 quo
727 2176 911 2259 appellatur
929 2195 950 2242 a
965 2177 1182 2262 subdelegato
1214 2176 1350 2262 delegati

243 2297 391 2379 «Papae,
422 2293 478 2380 qui
500 2292 743 2375 subdelegsvit,
769 2310 830 2358 noc
849 2299 891 2358 tn
915 2301 1028 2371 toturn,
1057 2293 1117 2360 sed
1141 2293 1264 2378 cliqmd
1293 2291 1349 2357 sibi

244 2410 486 2478 «reservando.
505 2411 595 2474 Tunc
609 2407 717 2487 euim,
734 2424 807 2474 eum
825 2407 993 2493 delegatus
1009 2410 1121 2492 Papae,
1141 2413 1351 2492 representet
1412 2392 1413 2440 ³

244 2553 265 2596 1,·
276 2545 448 2613 personam
467 2523 638 2609 ejusdem,
656 2522 841 2590 tondebat
857 2524 1016 2609 appellari
1031 2524 1074 2590 ad
1089 2524 1198 2608 ips'um
1212 2524 1347 2607 Papam,

245 2642 333 2709 ised
344 2641 386 2708 ad
397 2641 614 2724 delegantem
628 2661 646 2700 n
662 2639 975 2725 (schmalzprueber,
987 2642 1024 2704 in
1033 2641 1090 2704 tit.
1102 2642 1156 2717 28,
1166 2640 1197 2704 ·1.
1208 2641 1232 2703 Ι1
1242 2637 1348 2714 decr,

242 2779 276 2824 n.
291 2755 359 2842 51.)
377 2755 571 2838 Multiplices
580 2753 663 2839 J'uris
679 2763 801 2832 textus,
816 2755 935 2839 quibus
949 2769 1090 2838 presens
1104 2754 1217 2832 thesis,
1232 2772 1351 2820 necnon

243 2872 412 2941 memorati
442 2887 534 2935 casus
566 2870 737 2952 exceptio,
767 2869 890 2934 firmari
924 2871 1044 2948 solent,
1072 2869 1234 2938 indicatos
1258 2869 1351 2936 habes

241 2987 330 3072 opud
349 2985 500 3053 laudatos
522 2991 689 3062 auctores,
710 2971 819 3051 ‘citatis
841 2985 932 3050 locis.

246 3140 258 3152 ·-
286 3105 352 3169 Nos
362 3101 465 3168 fusius
479 3097 691 3182 probandam,
704 3117 765 3181 pro
773 3100 873 3182 ipsius
881 3101 1053 3184 gravitate,
1066 3100 1218 3166 eamdem
1228 3101 1348 3176 thesin,

242 3216 475 3284 adtractatum
484 3216 526 3278 de·
534 3218 621 3295 Papo
635 3215 856 3291 remittentes,
865 3213 917 3280 bic
932 3213 1101 3281 dumtaxat
1114 3213 1348 3290 adnotabimus,

243 3332 439 3400 contrariom
468 3328 650 3396 doctrinam
685 3345 899 3415 nequaquam·-
915 3350 934 3396 a
952 3331 1023 3397 viro
1046 3330 1208 3399 catholico
1233 3331 1352 3400 admitti

243 3467 354 3532 posse,
372 3454 487 3531 utpote
503 3463 574 3529 quae
594 3445 723 3510 omnino
747 3464 884 3512 erronea
899 3454 960 3523 est,
978 3447 1013 3512 in
1030 3445 1168 3513 schisma
1185 3446 1348 3524 inducens,

243 3572 279 3631 et
293 3564 419 3646 sapiens
436 3561 596 3626 heresim.
999 3603 1001 3606 -
1098 3613 1100 3618 ,

162 3708 165 3714 ·
250 3713 253 3718 ·
287 3677 1351 3761 Prorosruo111¹.-mfoooqoooooottrom,per0nwnaotom

243 3816 309 3860 111111
328 3799 481 3859 Francisco
494 3796 513 3856 1
525 3796 647 3871 1111111111,
668 3794 759 3856 Sedes
775 3794 944 3873 Apostolicc
955 3795 1136 3874 indulserat,
1151 3802 1187 3859 ct
1204 3797 1247 3858 od
1260 3799 1351 3875 ipsam

244 3917 361 3976 omissis
374 3905 719 3989 intermediisjcdicibcs
733 3911 1079 3990 cocpossetcppeilori.
1108 3945 1143 3957 -
1171 3908 1256 3975 Vide
1272 3905 1352 3973 ldin

241 4029 312 4113 ipso
340 4025 420 4091 dicti
447 4019 637 4091 concordati
665 4031 761 4090 textu
785 4042 988 4108 expressum.
1017 4023 1222 4092 Perdurasse
1246 4031 1351 4090 autem

242 4143 362 4210 dictam
373 4133 612 4225 dispositionem
627 4136 731 4223 usque
745 4139 789 4205 ad
803 4159 1005 4207 novumcum
1012 4142 1176 4208 Gallicana
1187 4140 1351 4225 republica

242 4255 474 4324 concordatum
487 4256 563 4328 anni
584 4256 679 4332 1802,
698 4253 834 4322 dubium
854 4276 922 4324 uon
934 4265 995 4324 est.
1019 4257 1069 4323 Ab
1085 4277 1124 4322 eo
1139 4265 1251 4324 tamen
1266 4271 1353 4322 exce

242 4369 306 4461 pte
319 4373 542 4442 remanserant
549 4370 607 4457 (de
614 4370 692 4456 jure
699 4371 824 4451 saltem,
841 4372 1044 4458 quidquidin
1057 4373 1352 4452 lactoottentatnm
