<?xml version="1.0" encoding="UTF-8"?>
<!DOCTYPE html PUBLIC "-//W3C//DTD XHTML 1.0 Transitional//EN"
    "http://www.w3.org/TR/xhtml1/DTD/xhtml1-transitional.dtd">
<html xmlns="http://www.w3.org/1999/xhtml" xml:lang="en" lang="en">
 <head>
  <title>
</title>
<meta http-equiv="Content-Type" content="text/html;charset=utf-8" />
  <meta name='ocr-system' content='tesseract 3.04.00' />
  <meta name='ocr-capabilities' content='ocr_page ocr_carea ocr_par ocr_line ocrx_word'/>
</head>
<body>
  <div class='ocr_page' id='page_1' title='image "./tractatusdejudi01bouigoog_0442.png"; bbox 0 0 2838 5114; ppageno 0'>
   <div class='ocr_carea' id='block_1_1' title="bbox 466 286 1178 376">
    <p class='ocr_par' dir='ltr' id='par_1_1' title="bbox 466 286 1178 376">
     <span class='ocr_line' id='line_1_1' title="bbox 466 286 1178 376; baseline 0.014 -11"><span class='ocrx_word' id='word_1_1' title='bbox 466 286 469 290; x_wconf 62' lang='grc'><strong>’</strong></span> <span class='ocrx_word' id='word_1_2' title='bbox 493 321 573 370; x_wconf 80' lang='lat' dir='ltr'><strong>rans</strong></span> <span class='ocrx_word' id='word_1_3' title='bbox 595 299 753 368; x_wconf 73' lang='lat' dir='ltr'><strong>secuso«.</strong></span> <span class='ocrx_word' id='word_1_4' title='bbox 1117 311 1178 376; x_wconf 93' lang='grc'><strong>433</strong></span> 
     </span>
    </p>
   </div>
   <div class='ocr_carea' id='block_1_2' title="bbox 70 445 1182 1802">
    <p class='ocr_par' dir='ltr' id='par_1_2' title="bbox 76 445 1182 625">
     <span class='ocr_line' id='line_1_2' title="bbox 77 445 1182 530; baseline 0.013 -26"><span class='ocrx_word' id='word_1_5' title='bbox 77 445 303 508; x_wconf 86' lang='lat' dir='ltr'><strong>«incestarum</strong></span> <span class='ocrx_word' id='word_1_6' title='bbox 323 445 510 528; x_wconf 81' lang='lat' dir='ltr'><strong>nuptiarum</strong></span> <span class='ocrx_word' id='word_1_7' title='bbox 528 446 685 530; x_wconf 79' lang='lat' dir='ltr'>probrum</span> <span class='ocrx_word' id='word_1_8' title='bbox 699 447 732 510; x_wconf 94' lang='lat' dir='ltr'><strong>in</strong></span> <span class='ocrx_word' id='word_1_9' title='bbox 752 465 809 512; x_wconf 85' lang='lat' dir='ltr'><strong>sua</strong></span> <span class='ocrx_word' id='word_1_10' title='bbox 832 447 953 512; x_wconf 84' lang='lat' dir='ltr'><strong>familia</strong></span> <span class='ocrx_word' id='word_1_11' title='bbox 975 467 1041 514; x_wconf 91' lang='lat' dir='ltr'><strong>non</strong></span> <span class='ocrx_word' id='word_1_12' title='bbox 1065 451 1182 518; x_wconf 91' lang='lat' dir='ltr'><strong>tolera·</strong></span> 
     </span>
     <span class='ocr_line' id='line_1_3' title="bbox 76 561 188 625; baseline 0.036 -4"><span class='ocrx_word' id='word_1_13' title='bbox 76 561 188 625; x_wconf 82' lang='lat' dir='ltr'><strong>«turi.</strong></span> 
     </span>
    </p>

    <p class='ocr_par' dir='ltr' id='par_1_3' title="bbox 70 675 1181 1802">
     <span class='ocr_line' id='line_1_4' title="bbox 112 675 1180 762; baseline 0.007 -22"><span class='ocrx_word' id='word_1_14' title='bbox 112 675 370 761; x_wconf 90' lang='lat' dir='ltr'><strong>«Proceditqne</strong></span> <span class='ocrx_word' id='word_1_15' title='bbox 397 677 470 756; x_wconf 91' lang='lat' dir='ltr'><strong>boc,</strong></span> <span class='ocrx_word' id='word_1_16' title='bbox 493 679 553 744; x_wconf 90' lang='lat' dir='ltr'><strong>etsi</strong></span> <span class='ocrx_word' id='word_1_17' title='bbox 582 677 747 762; x_wconf 82' lang='lat' dir='ltr'><strong>deponant</strong></span> <span class='ocrx_word' id='word_1_18' title='bbox 772 698 832 762; x_wconf 93' lang='lat' dir='ltr'><strong>pro</strong></span> <span class='ocrx_word' id='word_1_19' title='bbox 853 680 1057 748; x_wconf 90' lang='lat' dir='ltr'><strong>matrimonio</strong></span> <span class='ocrx_word' id='word_1_20' title='bbox 1085 684 1180 748; x_wconf 85' lang='lat' dir='ltr'><strong>ansti-</strong></span> 
     </span>
     <span class='ocr_line' id='line_1_5' title="bbox 74 791 1176 882; baseline 0.009 -28"><span class='ocrx_word' id='word_1_21' title='bbox 74 791 221 872; x_wconf 91' lang='lat' dir='ltr'><strong>«nendo,</strong></span> <span class='ocrx_word' id='word_1_22' title='bbox 243 801 278 860; x_wconf 90' lang='lat' dir='ltr'><strong>et</strong></span> <span class='ocrx_word' id='word_1_23' title='bbox 296 799 410 859; x_wconf 90' lang='lat' dir='ltr'><strong>contra</strong></span> <span class='ocrx_word' id='word_1_24' title='bbox 423 803 628 860; x_wconf 68' lang='lat' dir='ltr'><strong>accusantem</strong></span> <span class='ocrx_word' id='word_1_25' title='bbox 639 795 721 861; x_wconf 93' lang='lat' dir='ltr'><strong>illud</strong></span> <span class='ocrx_word' id='word_1_26' title='bbox 739 803 892 881; x_wconf 89' lang='lat' dir='ltr'><strong>tanquam</strong></span> <span class='ocrx_word' id='word_1_27' title='bbox 905 797 1098 882; x_wconf 89' lang='lat' dir='ltr'><strong>invalidum;</strong></span> <span class='ocrx_word' id='word_1_28' title='bbox 1117 800 1176 864; x_wconf 93' lang='lat' dir='ltr'><strong>nisi</strong></span> 
     </span>
     <span class='ocr_line' id='line_1_6' title="bbox 74 909 1178 994; baseline 0.009 -24"><span class='ocrx_word' id='word_1_29' title='bbox 74 917 261 993; x_wconf 88' lang='lat' dir='ltr'><strong>«appareat</strong></span> <span class='ocrx_word' id='word_1_30' title='bbox 281 909 370 994; x_wconf 88' lang='lat' dir='ltr'><strong>quod</strong></span> <span class='ocrx_word' id='word_1_31' title='bbox 391 911 475 976; x_wconf 88' lang='lat' dir='ltr'><strong>alter</strong></span> <span class='ocrx_word' id='word_1_32' title='bbox 493 911 753 976; x_wconf 84' lang='lat' dir='ltr'><strong>contrahentium</strong></span> <span class='ocrx_word' id='word_1_33' title='bbox 771 911 902 976; x_wconf 83' lang='lat' dir='ltr'><strong>affectet</strong></span> <span class='ocrx_word' id='word_1_34' title='bbox 918 911 1001 977; x_wconf 92' lang='lat' dir='ltr'><strong>illud</strong></span> <span class='ocrx_word' id='word_1_35' title='bbox 1015 916 1178 980; x_wconf 78' lang='lat' dir='ltr'><strong>matrime</strong></span> 
     </span>
     <span class='ocr_line' id='line_1_7' title="bbox 74 1023 1179 1109; baseline 0.006 -25"><span class='ocrx_word' id='word_1_36' title='bbox 74 1023 206 1106; x_wconf 91' lang='lat' dir='ltr'><strong>«nium;</strong></span> <span class='ocrx_word' id='word_1_37' title='bbox 222 1023 277 1088; x_wconf 88' lang='lat' dir='ltr'><strong>vel</strong></span> <span class='ocrx_word' id='word_1_38' title='bbox 291 1042 332 1088; x_wconf 85' lang='lat' dir='ltr'><strong>ex</strong></span> <span class='ocrx_word' id='word_1_39' title='bbox 345 1024 593 1088; x_wconf 83' lang='lat' dir='ltr'><strong>circumstantiis</strong></span> <span class='ocrx_word' id='word_1_40' title='bbox 608 1023 832 1088; x_wconf 88' lang='lat' dir='ltr'><strong>testimoninm</strong></span> <span class='ocrx_word' id='word_1_41' title='bbox 844 1023 974 1090; x_wconf 87' lang='lat' dir='ltr'><strong>illorum</strong></span> <span class='ocrx_word' id='word_1_42' title='bbox 991 1034 1179 1109; x_wconf 89' lang='lat' dir='ltr'><strong>suspectum</strong></span> 
     </span>
     <span class='ocr_line' id='line_1_8' title="bbox 73 1137 1181 1226; baseline 0.006 -25"><span class='ocrx_word' id='word_1_43' title='bbox 73 1161 86 1200; x_wconf 92' lang='lat'><strong>«</strong></span> <span class='ocrx_word' id='word_1_44' title='bbox 100 1145 259 1222; x_wconf 88' lang='lat' dir='ltr'><strong>appareat</strong></span> <span class='ocrx_word' id='word_1_45' title='bbox 272 1138 406 1204; x_wconf 89' lang='lat' dir='ltr'><strong>arbitrio</strong></span> <span class='ocrx_word' id='word_1_46' title='bbox 417 1137 545 1223; x_wconf 87' lang='lat' dir='ltr'><strong>judicis,</strong></span> <span class='ocrx_word' id='word_1_47' title='bbox 557 1147 595 1204; x_wconf 92' lang='lat' dir='ltr'><strong>nt</strong></span> <span class='ocrx_word' id='word_1_48' title='bbox 608 1139 635 1203; x_wconf 91' lang='lat' dir='ltr'><strong>si</strong></span> <span class='ocrx_word' id='word_1_49' title='bbox 646 1157 762 1222; x_wconf 91' lang='lat' dir='ltr'><strong>sponsa</strong></span> <span class='ocrx_word' id='word_1_50' title='bbox 779 1145 868 1220; x_wconf 90' lang='lat' dir='ltr'><strong>petat</strong></span> <span class='ocrx_word' id='word_1_51' title='bbox 879 1140 913 1203; x_wconf 91' lang='lat' dir='ltr'><strong>in</strong></span> <span class='ocrx_word' id='word_1_52' title='bbox 924 1142 1030 1204; x_wconf 88' lang='lat' dir='ltr'><strong>virum</strong></span> <span class='ocrx_word' id='word_1_53' title='bbox 1039 1141 1181 1226; x_wconf 90' lang='lat' dir='ltr'><strong>aliquem</strong></span> 
     </span>
     <span class='ocr_line' id='line_1_9' title="bbox 72 1253 1180 1338; baseline 0.005 -21"><span class='ocrx_word' id='word_1_54' title='bbox 72 1275 135 1320; x_wconf 88' lang='lat' dir='ltr'><strong>«se</strong></span> <span class='ocrx_word' id='word_1_55' title='bbox 150 1256 354 1338; x_wconf 90' lang='lat' dir='ltr'><strong>superiorem</strong></span> <span class='ocrx_word' id='word_1_56' title='bbox 381 1253 516 1332; x_wconf 87' lang='lat' dir='ltr'><strong>divitiis,</strong></span> <span class='ocrx_word' id='word_1_57' title='bbox 534 1254 760 1320; x_wconf 89' lang='lat' dir='ltr'><strong>nobilitate...:</strong></span> <span class='ocrx_word' id='word_1_58' title='bbox 781 1261 860 1319; x_wconf 86' lang='lat' dir='ltr'><strong>tunc</strong></span> <span class='ocrx_word' id='word_1_59' title='bbox 886 1257 972 1319; x_wconf 91' lang='lat' dir='ltr'><strong>enim</strong></span> <span class='ocrx_word' id='word_1_60' title='bbox 999 1255 1042 1321; x_wconf 91' lang='lat' dir='ltr'><strong>ad</strong></span> <span class='ocrx_word' id='word_1_61' title='bbox 1064 1257 1180 1322; x_wconf 88' lang='lat' dir='ltr'><strong>testifi-</strong></span> 
     </span>
     <span class='ocr_line' id='line_1_10' title="bbox 72 1369 1180 1460; baseline 0.003 -25"><span class='ocrx_word' id='word_1_62' title='bbox 72 1372 243 1439; x_wconf 87' lang='lat' dir='ltr'><strong>«candum</strong></span> <span class='ocrx_word' id='word_1_63' title='bbox 263 1390 467 1460; x_wconf 79' lang='lat' dir='ltr'><strong>nequaquam</strong></span> <span class='ocrx_word' id='word_1_64' title='bbox 488 1378 564 1436; x_wconf 87' lang='lat' dir='ltr'><strong>sunt</strong></span> <span class='ocrx_word' id='word_1_65' title='bbox 579 1369 776 1436; x_wconf 90' lang='lat' dir='ltr'><strong>admittendi</strong></span> <span class='ocrx_word' id='word_1_66' title='bbox 796 1377 947 1454; x_wconf 86' lang='lat' dir='ltr'><strong>parentes</strong></span> <span class='ocrx_word' id='word_1_67' title='bbox 975 1372 1028 1436; x_wconf 84' lang='lat' dir='ltr'><strong>vel</strong></span> <span class='ocrx_word' id='word_1_68' title='bbox 1046 1391 1180 1438; x_wconf 89' lang='lat' dir='ltr'><strong>consan-</strong></span> 
     </span>
     <span class='ocr_line' id='line_1_11' title="bbox 71 1486 1179 1571; baseline 0.006 -23"><span class='ocrx_word' id='word_1_69' title='bbox 71 1511 85 1549; x_wconf 86' lang='lat' dir='ltr'><strong>a</strong></span> <span class='ocrx_word' id='word_1_70' title='bbox 104 1488 300 1571; x_wconf 84' lang='lat' dir='ltr'><strong>guineitalis</strong></span> <span class='ocrx_word' id='word_1_71' title='bbox 314 1506 448 1570; x_wconf 86' lang='lat' dir='ltr'><strong>sponsae,</strong></span> <span class='ocrx_word' id='word_1_72' title='bbox 467 1488 535 1552; x_wconf 91' lang='lat' dir='ltr'><strong>sive</strong></span> <span class='ocrx_word' id='word_1_73' title='bbox 557 1494 722 1570; x_wconf 79' lang='lat' dir='ltr'><strong>queratur</strong></span> <span class='ocrx_word' id='word_1_74' title='bbox 737 1486 779 1552; x_wconf 91' lang='lat' dir='ltr'><strong>de</strong></span> <span class='ocrx_word' id='word_1_75' title='bbox 803 1487 1090 1570; x_wconf 84' lang='lat' dir='ltr'><strong>consanguinitate,</strong></span> <span class='ocrx_word' id='word_1_76' title='bbox 1110 1489 1179 1555; x_wconf 89' lang='lat' dir='ltr'><strong>sive</strong></span> 
     </span>
     <span class='ocr_line' id='line_1_12' title="bbox 70 1603 1179 1684; baseline 0.001 -17"><span class='ocrx_word' id='word_1_77' title='bbox 70 1604 142 1670; x_wconf 90' lang='lat' dir='ltr'><strong>«de</strong></span> <span class='ocrx_word' id='word_1_78' title='bbox 172 1610 344 1669; x_wconf 89' lang='lat' dir='ltr'><strong>contractu</strong></span> <span class='ocrx_word' id='word_1_79' title='bbox 371 1603 585 1684; x_wconf 85' lang='lat' dir='ltr'><strong>matrimonii,</strong></span> <span class='ocrx_word' id='word_1_80' title='bbox 621 1603 681 1667; x_wconf 91' lang='lat' dir='ltr'><strong>nisi</strong></span> <span class='ocrx_word' id='word_1_81' title='bbox 711 1611 907 1668; x_wconf 89' lang='lat' dir='ltr'><strong>concurrant</strong></span> <span class='ocrx_word' id='word_1_82' title='bbox 933 1604 1179 1670; x_wconf 78' lang='lat' dir='ltr'><strong>circumstantiae</strong></span> 
     </span>
     <span class='ocr_line' id='line_1_13' title="bbox 70 1713 1171 1802; baseline 0.003 -23"><span class='ocrx_word' id='word_1_83' title='bbox 70 1739 85 1779; x_wconf 88' lang='lat' dir='ltr'><strong>a</strong></span> <span class='ocrx_word' id='word_1_84' title='bbox 102 1724 243 1802; x_wconf 90' lang='lat' dir='ltr'><strong>propter</strong></span> <span class='ocrx_word' id='word_1_85' title='bbox 257 1733 338 1800; x_wconf 85' lang='lat' dir='ltr'><strong>quas</strong></span> <span class='ocrx_word' id='word_1_86' title='bbox 351 1715 573 1780; x_wconf 89' lang='lat' dir='ltr'><strong>testimonium</strong></span> <span class='ocrx_word' id='word_1_87' title='bbox 588 1715 653 1778; x_wconf 86' lang='lat' dir='ltr'><strong>tale</strong></span> <span class='ocrx_word' id='word_1_88' title='bbox 668 1713 874 1798; x_wconf 84' lang='lat' dir='ltr'><strong>judicaretur</strong></span> <span class='ocrx_word' id='word_1_89' title='bbox 890 1732 954 1778; x_wconf 90' lang='lat' dir='ltr'><strong>non</strong></span> <span class='ocrx_word' id='word_1_90' title='bbox 970 1723 1171 1799; x_wconf 90' lang='lat' dir='ltr'><strong>suspectum.</strong></span> 
     </span>
    </p>
   </div>
   <div class='ocr_carea' id='block_1_3' title="bbox 61 1830 1185 4227">
    <p class='ocr_par' dir='ltr' id='par_1_4' title="bbox 62 1830 1180 3298">
     <span class='ocr_line' id='line_1_14' title="bbox 109 1830 1180 1916; baseline 0 -22"><span class='ocrx_word' id='word_1_91' title='bbox 109 1857 126 1896; x_wconf 95' lang='lat'><strong>«</strong></span> <span class='ocrx_word' id='word_1_92' title='bbox 139 1832 380 1916; x_wconf 86' lang='lat' dir='ltr'><strong>Reppelluntur</strong></span> <span class='ocrx_word' id='word_1_93' title='bbox 395 1839 503 1895; x_wconf 90' lang='lat' dir='ltr'><strong>autem</strong></span> <span class='ocrx_word' id='word_1_94' title='bbox 517 1851 535 1896; x_wconf 91' lang='lat' dir='ltr'><strong>a</strong></span> <span class='ocrx_word' id='word_1_95' title='bbox 550 1830 734 1896; x_wconf 90' lang='lat' dir='ltr'><strong>testimonio</strong></span> <span class='ocrx_word' id='word_1_96' title='bbox 750 1839 863 1896; x_wconf 88' lang='lat' dir='ltr'><strong>contra</strong></span> <span class='ocrx_word' id='word_1_97' title='bbox 878 1831 1117 1895; x_wconf 85' lang='lat' dir='ltr'><strong>matrimonium</strong></span> <span class='ocrx_word' id='word_1_98' title='bbox 1132 1831 1180 1896; x_wconf 93' lang='lat' dir='ltr'><strong>di-</strong></span> 
     </span>
     <span class='ocr_line' id='line_1_15' title="bbox 69 1944 1180 2030; baseline 0.001 -18"><span class='ocrx_word' id='word_1_99' title='bbox 69 1948 219 2028; x_wconf 87' lang='lat' dir='ltr'><strong>«cendo,</strong></span> <span class='ocrx_word' id='word_1_100' title='bbox 238 1955 360 2030; x_wconf 79' lang='lat' dir='ltr'><strong>praeter</strong></span> <span class='ocrx_word' id='word_1_101' title='bbox 378 1946 455 2012; x_wconf 83' lang='lat' dir='ltr'><strong>abas</strong></span> <span class='ocrx_word' id='word_1_102' title='bbox 473 1945 604 2010; x_wconf 87' lang='lat' dir='ltr'><strong>aliunde</strong></span> <span class='ocrx_word' id='word_1_103' title='bbox 623 1953 801 2028; x_wconf 90' lang='lat' dir='ltr'><strong>suspectos,</strong></span> <span class='ocrx_word' id='word_1_104' title='bbox 827 1949 858 2009; x_wconf 80' lang='grc' dir='ltr'><strong>1ο</strong></span> <span class='ocrx_word' id='word_1_105' title='bbox 874 1947 929 2029; x_wconf 90' lang='lat' dir='ltr'><strong>qui</strong></span> <span class='ocrx_word' id='word_1_106' title='bbox 944 1944 986 2010; x_wconf 92' lang='lat' dir='ltr'><strong>ad</strong></span> <span class='ocrx_word' id='word_1_107' title='bbox 1008 1945 1043 2011; x_wconf 94' lang='lat' dir='ltr'><strong>id</strong></span> <span class='ocrx_word' id='word_1_108' title='bbox 1062 1946 1180 2013; x_wconf 85' lang='lat' dir='ltr'><strong>facien·</strong></span> 
     </span>
     <span class='ocr_line' id='line_1_16' title="bbox 68 2059 1177 2148; baseline 0.004 -22"><span class='ocrx_word' id='word_1_109' title='bbox 68 2063 176 2130; x_wconf 92' lang='lat' dir='ltr'><strong>«dum</strong></span> <span class='ocrx_word' id='word_1_110' title='bbox 189 2063 245 2128; x_wconf 88' lang='lat' dir='ltr'><strong>vel</strong></span> <span class='ocrx_word' id='word_1_111' title='bbox 261 2060 477 2128; x_wconf 88' lang='lat' dir='ltr'><strong>omittendum</strong></span> <span class='ocrx_word' id='word_1_112' title='bbox 497 2063 635 2144; x_wconf 87' lang='lat' dir='ltr'><strong>pecunia</strong></span> <span class='ocrx_word' id='word_1_113' title='bbox 646 2059 858 2126; x_wconf 89' lang='lat' dir='ltr'><strong>inducuntur.</strong></span> <span class='ocrx_word' id='word_1_114' title='bbox 884 2060 1008 2148; x_wconf 86' lang='lat' dir='ltr'><strong>(Capite</strong></span> <span class='ocrx_word' id='word_1_115' title='bbox 1020 2065 1104 2126; x_wconf 83' lang='lat' dir='ltr'><strong>Sicut</strong></span> <span class='ocrx_word' id='word_1_116' title='bbox 1122 2066 1177 2141; x_wconf 77' lang='lat'><strong>29,</strong></span> 
     </span>
     <span class='ocr_line' id='line_1_17' title="bbox 68 2173 1177 2260; baseline 0.003 -19"><span class='ocrx_word' id='word_1_117' title='bbox 68 2184 136 2244; x_wconf 83' lang='lat' dir='ltr'><strong>«dc</strong></span> <span class='ocrx_word' id='word_1_118' title='bbox 157 2181 293 2244; x_wconf 84' lang='lat' dir='ltr'><strong>Testtbus</strong></span> <span class='ocrx_word' id='word_1_119' title='bbox 305 2185 335 2240; x_wconf 84' lang='lat' dir='ltr'><strong>ct</strong></span> <span class='ocrx_word' id='word_1_120' title='bbox 349 2173 466 2258; x_wconf 77' lang='lat' dir='ltr'><strong>attasi.)</strong></span> <span class='ocrx_word' id='word_1_121' title='bbox 489 2179 522 2240; x_wconf 77' lang='lat'><strong>2⁰</strong></span> <span class='ocrx_word' id='word_1_122' title='bbox 537 2177 600 2256; x_wconf 88' lang='lat' dir='ltr'><strong>Qui</strong></span> <span class='ocrx_word' id='word_1_123' title='bbox 616 2177 847 2254; x_wconf 87' lang='lat' dir='ltr'><strong>testimoninm,</strong></span> <span class='ocrx_word' id='word_1_124' title='bbox 864 2196 928 2240; x_wconf 94' lang='lat' dir='ltr'><strong>non</strong></span> <span class='ocrx_word' id='word_1_125' title='bbox 946 2178 1078 2260; x_wconf 90' lang='lat' dir='ltr'><strong>propria</strong></span> <span class='ocrx_word' id='word_1_126' title='bbox 1097 2197 1177 2244; x_wconf 90' lang='lat' dir='ltr'><strong>voce</strong></span> 
     </span>
     <span class='ocr_line' id='line_1_18' title="bbox 68 2291 1174 2379; baseline -0.001 -21"><span class='ocrx_word' id='word_1_127' title='bbox 68 2301 300 2379; x_wconf 74' lang='lat' dir='ltr'><strong>«presentes,</strong></span> <span class='ocrx_word' id='word_1_128' title='bbox 326 2291 386 2357; x_wconf 90' lang='lat' dir='ltr'><strong>sed</strong></span> <span class='ocrx_word' id='word_1_129' title='bbox 411 2291 562 2356; x_wconf 88' lang='lat' dir='ltr'><strong>absentes</strong></span> <span class='ocrx_word' id='word_1_130' title='bbox 592 2310 653 2374; x_wconf 92' lang='lat' dir='ltr'><strong>per</strong></span> <span class='ocrx_word' id='word_1_131' title='bbox 683 2293 810 2357; x_wconf 89' lang='lat' dir='ltr'><strong>litteras</strong></span> <span class='ocrx_word' id='word_1_132' title='bbox 837 2291 1020 2376; x_wconf 85' lang='lat' dir='ltr'><strong>perhibent.</strong></span> <span class='ocrx_word' id='word_1_133' title='bbox 1049 2291 1174 2378; x_wconf 86' lang='lat' dir='ltr'><strong>(Capite</strong></span> 
     </span>
     <span class='ocr_line' id='line_1_19' title="bbox 67 2405 1176 2488; baseline 0.001 -18"><span class='ocrx_word' id='word_1_134' title='bbox 67 2432 82 2470; x_wconf 91' lang='lat'><strong>«</strong></span> <span class='ocrx_word' id='word_1_135' title='bbox 102 2413 267 2487; x_wconf 73' lang='lat' dir='ltr'><strong>Arabici,</strong></span> <span class='ocrx_word' id='word_1_136' title='bbox 281 2409 333 2473; x_wconf 88' lang='lat' dir='ltr'><strong>tit.</strong></span> <span class='ocrx_word' id='word_1_137' title='bbox 348 2411 401 2484; x_wconf 90' lang='lat'><strong>18,</strong></span> <span class='ocrx_word' id='word_1_138' title='bbox 418 2406 522 2472; x_wconf 80' lang='lat' dir='ltr'><strong>libril</strong></span> <span class='ocrx_word' id='word_1_139' title='bbox 538 2405 679 2488; x_wconf 89' lang='lat' dir='ltr'><strong>decret.;</strong></span> <span class='ocrx_word' id='word_1_140' title='bbox 697 2425 819 2471; x_wconf 89' lang='lat' dir='ltr'><strong>canone</strong></span> <span class='ocrx_word' id='word_1_141' title='bbox 833 2411 932 2470; x_wconf 85' lang='lat' dir='ltr'><strong>Testes</strong></span> <span class='ocrx_word' id='word_1_142' title='bbox 950 2409 1002 2486; x_wconf 86' lang='lat'><strong>15,</strong></span> <span class='ocrx_word' id='word_1_143' title='bbox 1021 2426 1124 2471; x_wconf 87' lang='lat' dir='ltr'><strong>cansae</strong></span> <span class='ocrx_word' id='word_1_144' title='bbox 1144 2411 1176 2486; x_wconf 87' lang='lat'><strong>3,</strong></span> 
     </span>
     <span class='ocr_line' id='line_1_20' title="bbox 65 2517 1175 2608; baseline 0 -24"><span class='ocrx_word' id='word_1_145' title='bbox 65 2541 130 2608; x_wconf 90' lang='lat' dir='ltr'><strong>«q.</strong></span> <span class='ocrx_word' id='word_1_146' title='bbox 158 2518 206 2605; x_wconf 84' lang='lat'><strong>9.)</strong></span> <span class='ocrx_word' id='word_1_147' title='bbox 239 2520 407 2602; x_wconf 82' lang='lat' dir='ltr'><strong>Excipitur</strong></span> <span class='ocrx_word' id='word_1_148' title='bbox 438 2520 464 2581; x_wconf 91' lang='lat' dir='ltr'><strong>si</strong></span> <span class='ocrx_word' id='word_1_149' title='bbox 496 2518 560 2581; x_wconf 90' lang='lat' dir='ltr'><strong>sint</strong></span> <span class='ocrx_word' id='word_1_150' title='bbox 597 2535 742 2600; x_wconf 79' lang='lat' dir='ltr'><strong>personae</strong></span> <span class='ocrx_word' id='word_1_151' title='bbox 772 2517 898 2583; x_wconf 90' lang='lat' dir='ltr'><strong>nobiles</strong></span> <span class='ocrx_word' id='word_1_152' title='bbox 927 2524 961 2582; x_wconf 91' lang='lat' dir='ltr'><strong>et</strong></span> <span class='ocrx_word' id='word_1_153' title='bbox 989 2519 1175 2584; x_wconf 85' lang='lat' dir='ltr'><strong>illustres...</strong></span> 
     </span>
     <span class='ocr_line' id='line_1_21' title="bbox 66 2635 1180 2719; baseline 0.001 -20"><span class='ocrx_word' id='word_1_154' title='bbox 66 2660 82 2699; x_wconf 93' lang='lat'><strong>«</strong></span> <span class='ocrx_word' id='word_1_155' title='bbox 98 2643 132 2704; x_wconf 86' lang='lat'><strong>3⁰</strong></span> <span class='ocrx_word' id='word_1_156' title='bbox 148 2638 211 2719; x_wconf 87' lang='lat' dir='ltr'><strong>Qui</strong></span> <span class='ocrx_word' id='word_1_157' title='bbox 226 2635 466 2701; x_wconf 86' lang='lat' dir='ltr'><strong>matrimonium</strong></span> <span class='ocrx_word' id='word_1_158' title='bbox 484 2641 616 2698; x_wconf 88' lang='lat' dir='ltr'><strong>accusat</strong></span> <span class='ocrx_word' id='word_1_159' title='bbox 629 2640 663 2699; x_wconf 89' lang='lat' dir='ltr'><strong>et</strong></span> <span class='ocrx_word' id='word_1_160' title='bbox 677 2641 767 2699; x_wconf 88' lang='lat' dir='ltr'><strong>actor</strong></span> <span class='ocrx_word' id='word_1_161' title='bbox 786 2641 852 2716; x_wconf 79' lang='lat' dir='ltr'><strong>est,</strong></span> <span class='ocrx_word' id='word_1_162' title='bbox 871 2654 912 2699; x_wconf 82' lang='lat' dir='ltr'><strong>er</strong></span> <span class='ocrx_word' id='word_1_163' title='bbox 931 2635 1076 2716; x_wconf 82' lang='lat' dir='ltr'><strong>generali</strong></span> <span class='ocrx_word' id='word_1_164' title='bbox 1091 2635 1180 2719; x_wconf 92' lang='lat' dir='ltr'><strong>prin-</strong></span> 
     </span>
     <span class='ocr_line' id='line_1_22' title="bbox 65 2748 1180 2838; baseline 0 -23"><span class='ocrx_word' id='word_1_165' title='bbox 65 2777 82 2815; x_wconf 90' lang='lat'><strong>«</strong></span> <span class='ocrx_word' id='word_1_166' title='bbox 100 2755 185 2838; x_wconf 90' lang='lat' dir='ltr'><strong>cipio</strong></span> <span class='ocrx_word' id='word_1_167' title='bbox 203 2751 293 2836; x_wconf 91' lang='lat' dir='ltr'><strong>quod</strong></span> <span class='ocrx_word' id='word_1_168' title='bbox 313 2770 378 2816; x_wconf 91' lang='lat' dir='ltr'><strong>non</strong></span> <span class='ocrx_word' id='word_1_169' title='bbox 396 2750 497 2834; x_wconf 85' lang='lat' dir='ltr'><strong>possit</strong></span> <span class='ocrx_word' id='word_1_170' title='bbox 515 2749 602 2813; x_wconf 90' lang='lat' dir='ltr'><strong>idem</strong></span> <span class='ocrx_word' id='word_1_171' title='bbox 626 2767 697 2813; x_wconf 89' lang='lat' dir='ltr'><strong>esse</strong></span> <span class='ocrx_word' id='word_1_172' title='bbox 719 2748 814 2813; x_wconf 91' lang='lat' dir='ltr'><strong>simul</strong></span> <span class='ocrx_word' id='word_1_173' title='bbox 837 2756 928 2814; x_wconf 90' lang='lat' dir='ltr'><strong>actor</strong></span> <span class='ocrx_word' id='word_1_174' title='bbox 946 2757 980 2814; x_wconf 90' lang='lat' dir='ltr'><strong>et</strong></span> <span class='ocrx_word' id='word_1_175' title='bbox 1000 2751 1103 2815; x_wconf 91' lang='lat' dir='ltr'><strong>testis.</strong></span> <span class='ocrx_word' id='word_1_176' title='bbox 1120 2751 1180 2817; x_wconf 78' lang='grc'>111-</span> 
     </span>
     <span class='ocr_line' id='line_1_23' title="bbox 65 2842 1180 2952; baseline 0.001 -23"><span class='ocrx_word' id='word_1_177' title='bbox 65 2869 216 2952; x_wconf 77' lang='lat' dir='ltr'><strong>«cipitur</strong></span> <span class='ocrx_word' id='word_1_178' title='bbox 231 2867 257 2930; x_wconf 90' lang='lat' dir='ltr'><strong>si</strong></span> <span class='ocrx_word' id='word_1_179' title='bbox 270 2865 373 2950; x_wconf 85' lang='lat' dir='ltr'><strong>judex</strong></span> <span class='ocrx_word' id='word_1_180' title='bbox 389 2886 430 2930; x_wconf 83' lang='lat' dir='ltr'><strong>ex</strong></span> <span class='ocrx_word' id='word_1_181' title='bbox 446 2864 549 2929; x_wconf 89' lang='lat' dir='ltr'><strong>officio</strong></span> <span class='ocrx_word' id='word_1_182' title='bbox 565 2842 705 2948; x_wconf 66' lang='lat' dir='ltr'><strong>inquirat</strong></span> <span class='ocrx_word' id='word_1_183' title='bbox 721 2885 727 2928; x_wconf 94' lang='lat'><strong>:</strong></span> <span class='ocrx_word' id='word_1_184' title='bbox 742 2863 803 2927; x_wconf 95' lang='lat' dir='ltr'><strong>hoc</strong></span> <span class='ocrx_word' id='word_1_185' title='bbox 819 2864 904 2929; x_wconf 91' lang='lat' dir='ltr'><strong>enim</strong></span> <span class='ocrx_word' id='word_1_186' title='bbox 921 2883 997 2930; x_wconf 90' lang='lat' dir='ltr'><strong>casn</strong></span> <span class='ocrx_word' id='word_1_187' title='bbox 1013 2865 1040 2930; x_wconf 87' lang='lat' dir='ltr'><strong>is</strong></span> <span class='ocrx_word' id='word_1_188' title='bbox 1055 2866 1109 2950; x_wconf 93' lang='lat' dir='ltr'><strong>qui</strong></span> <span class='ocrx_word' id='word_1_189' title='bbox 1123 2867 1180 2931; x_wconf 90' lang='lat' dir='ltr'><strong>im-</strong></span> 
     </span>
     <span class='ocr_line' id='line_1_24' title="bbox 66 2978 1179 3068; baseline 0.002 -22"><span class='ocrx_word' id='word_1_190' title='bbox 66 3007 83 3046; x_wconf 93' lang='lat'><strong>«</strong></span> <span class='ocrx_word' id='word_1_191' title='bbox 99 2982 276 3068; x_wconf 90' lang='lat' dir='ltr'><strong>pedimenti</strong></span> <span class='ocrx_word' id='word_1_192' title='bbox 289 2981 498 3047; x_wconf 87' lang='lat' dir='ltr'><strong>denuntiator</strong></span> <span class='ocrx_word' id='word_1_193' title='bbox 512 2987 571 3059; x_wconf 88' lang='lat' dir='ltr'><strong>est,</strong></span> <span class='ocrx_word' id='word_1_194' title='bbox 581 2979 623 3045; x_wconf 90' lang='lat' dir='ltr'><strong>ad</strong></span> <span class='ocrx_word' id='word_1_195' title='bbox 633 2978 873 3044; x_wconf 89' lang='lat' dir='ltr'><strong>testificandum</strong></span> <span class='ocrx_word' id='word_1_196' title='bbox 891 2979 931 3046; x_wconf 89' lang='lat' dir='ltr'><strong>de</strong></span> <span class='ocrx_word' id='word_1_197' title='bbox 945 2979 1179 3064; x_wconf 88' lang='lat' dir='ltr'><strong>impedimento</strong></span> 
     </span>
     <span class='ocr_line' id='line_1_25' title="bbox 66 3094 1175 3183; baseline 0.001 -23"><span class='ocrx_word' id='word_1_198' title='bbox 66 3099 292 3164; x_wconf 71' lang='lat' dir='ltr'><strong>«admittitur.</strong></span> <span class='ocrx_word' id='word_1_199' title='bbox 313 3120 328 3159; x_wconf 82' lang='lat' dir='ltr'><strong>a</strong></span> <span class='ocrx_word' id='word_1_200' title='bbox 350 3095 661 3183; x_wconf 83' lang='lat' dir='ltr'><strong>(Scbmalzgrneber,</strong></span> <span class='ocrx_word' id='word_1_201' title='bbox 681 3095 715 3158; x_wconf 91' lang='lat' dir='ltr'><strong>in</strong></span> <span class='ocrx_word' id='word_1_202' title='bbox 740 3094 791 3160; x_wconf 89' lang='lat' dir='ltr'><strong>tit.</strong></span> <span class='ocrx_word' id='word_1_203' title='bbox 815 3099 866 3172; x_wconf 84' lang='grc'>18,</span> <span class='ocrx_word' id='word_1_204' title='bbox 885 3094 963 3160; x_wconf 89' lang='lat' dir='ltr'><strong>libri</strong></span> <span class='ocrx_word' id='word_1_205' title='bbox 984 3098 1003 3161; x_wconf 95' lang='grc'>4</span> <span class='ocrx_word' id='word_1_206' title='bbox 1030 3094 1175 3175; x_wconf 78' lang='lat' dir='ltr'><strong>decret,</strong></span> 
     </span>
     <span class='ocr_line' id='line_1_26' title="bbox 62 3211 302 3298; baseline -0.004 -18"><span class='ocrx_word' id='word_1_207' title='bbox 62 3237 96 3282; x_wconf 92' lang='lat' dir='ltr'><strong>n.</strong></span> <span class='ocrx_word' id='word_1_208' title='bbox 115 3219 157 3281; x_wconf 80' lang='lat'><strong>22</strong></span> <span class='ocrx_word' id='word_1_209' title='bbox 172 3211 302 3298; x_wconf 88' lang='lat' dir='ltr'><strong>etseq.)</strong></span> 
     </span>
    </p>

    <p class='ocr_par' dir='ltr' id='par_1_5' title="bbox 61 3329 1185 4227">
     <span class='ocr_line' id='line_1_27' title="bbox 107 3329 1179 3416; baseline -0.006 -17"><span class='ocrx_word' id='word_1_210' title='bbox 107 3335 258 3416; x_wconf 71' lang='lat' dir='ltr'><strong>Qunsrm</strong></span> <span class='ocrx_word' id='word_1_211' title='bbox 273 3334 317 3394; x_wconf 80' lang='lat'><strong>6¹¹.</strong></span> <span class='ocrx_word' id='word_1_212' title='bbox 335 3367 381 3378; x_wconf 89' lang='lat'><em>-</em></span> <span class='ocrx_word' id='word_1_213' title='bbox 396 3331 553 3410; x_wconf 82' lang='lat' dir='ltr'><strong>Qttodaam</strong></span> <span class='ocrx_word' id='word_1_214' title='bbox 569 3335 610 3392; x_wconf 86' lang='lat' dir='ltr'><strong>stt</strong></span> <span class='ocrx_word' id='word_1_215' title='bbox 627 3335 742 3409; x_wconf 83' lang='lat' dir='ltr'><strong>tempus</strong></span> <span class='ocrx_word' id='word_1_216' title='bbox 754 3333 838 3390; x_wconf 78' lang='lat' dir='ltr'><strong>intra</strong></span> <span class='ocrx_word' id='word_1_217' title='bbox 851 3329 941 3408; x_wconf 82' lang='lat' dir='ltr'><strong>qaod,</strong></span> <span class='ocrx_word' id='word_1_218' title='bbox 958 3333 1011 3409; x_wconf 83' lang='lat' dir='ltr'><strong>pai</strong></span> <span class='ocrx_word' id='word_1_219' title='bbox 1025 3335 1179 3392; x_wconf 84' lang='lat' dir='ltr'><strong>matrimo-</strong></span> 
     </span>
     <span class='ocr_line' id='line_1_28' title="bbox 61 3440 1179 3526; baseline -0.004 -12"><span class='ocrx_word' id='word_1_220' title='bbox 61 3455 109 3514; x_wconf 80' lang='lat' dir='ltr'><strong>nii</strong></span> <span class='ocrx_word' id='word_1_221' title='bbox 125 3451 299 3514; x_wconf 84' lang='lat' dir='ltr'><strong>«uilitatem</strong></span> <span class='ocrx_word' id='word_1_222' title='bbox 320 3453 456 3525; x_wconf 77' lang='lat' dir='ltr'><strong>«satsat,</strong></span> <span class='ocrx_word' id='word_1_223' title='bbox 477 3449 581 3508; x_wconf 81' lang='lat' dir='ltr'><strong>audiri</strong></span> <span class='ocrx_word' id='word_1_224' title='bbox 598 3446 783 3507; x_wconf 68' lang='grc'>1111111111-</span> <span class='ocrx_word' id='word_1_225' title='bbox 801 3470 813 3496; x_wconf 83' lang='lat'><strong>«</strong></span> <span class='ocrx_word' id='word_1_226' title='bbox 831 3440 970 3506; x_wconf 80' lang='lat' dir='ltr'><strong>Auditur</strong></span> <span class='ocrx_word' id='word_1_227' title='bbox 986 3443 1085 3507; x_wconf 92' lang='lat' dir='ltr'><strong>etiam</strong></span> <span class='ocrx_word' id='word_1_228' title='bbox 1105 3452 1179 3526; x_wconf 90' lang='lat' dir='ltr'><strong>post</strong></span> 
     </span>
     <span class='ocr_line' id='line_1_29' title="bbox 65 3557 1179 3644; baseline -0.004 -16"><span class='ocrx_word' id='word_1_229' title='bbox 65 3588 82 3628; x_wconf 90' lang='lat'><strong>«</strong></span> <span class='ocrx_word' id='word_1_230' title='bbox 97 3569 139 3632; x_wconf 84' lang='lat'><strong>30</strong></span> <span class='ocrx_word' id='word_1_231' title='bbox 150 3565 205 3631; x_wconf 84' lang='lat' dir='ltr'><strong>vel</strong></span> <span class='ocrx_word' id='word_1_232' title='bbox 222 3565 265 3629; x_wconf 89' lang='grc'><strong>40</strong></span> <span class='ocrx_word' id='word_1_233' title='bbox 280 3581 389 3639; x_wconf 88' lang='lat' dir='ltr'><strong>annos,</strong></span> <span class='ocrx_word' id='word_1_234' title='bbox 409 3560 507 3626; x_wconf 91' lang='lat' dir='ltr'><strong>modo</strong></span> <span class='ocrx_word' id='word_1_235' title='bbox 517 3568 646 3644; x_wconf 89' lang='lat' dir='ltr'><strong>paratas</strong></span> <span class='ocrx_word' id='word_1_236' title='bbox 662 3558 873 3642; x_wconf 87' lang='lat' dir='ltr'><strong>probationes</strong></span> <span class='ocrx_word' id='word_1_237' title='bbox 888 3557 1013 3636; x_wconf 84' lang='lat' dir='ltr'><strong>offerat,</strong></span> <span class='ocrx_word' id='word_1_238' title='bbox 1034 3559 1086 3624; x_wconf 89' lang='lat' dir='ltr'><strong>vel</strong></span> <span class='ocrx_word' id='word_1_239' title='bbox 1101 3559 1179 3623; x_wconf 88' lang='lat' dir='ltr'><strong>alias</strong></span> 
     </span>
     <span class='ocr_line' id='line_1_30' title="bbox 65 3673 1178 3766; baseline -0.002 -25"><span class='ocrx_word' id='word_1_240' title='bbox 65 3704 83 3744; x_wconf 92' lang='lat'><strong>«</strong></span> <span class='ocrx_word' id='word_1_241' title='bbox 101 3682 315 3766; x_wconf 87' lang='lat' dir='ltr'><strong>suspicionem</strong></span> <span class='ocrx_word' id='word_1_242' title='bbox 331 3685 462 3763; x_wconf 83' lang='lat' dir='ltr'><strong>purget.</strong></span> <span class='ocrx_word' id='word_1_243' title='bbox 482 3679 594 3761; x_wconf 86' lang='lat' dir='ltr'><strong>Neque</strong></span> <span class='ocrx_word' id='word_1_244' title='bbox 615 3677 702 3741; x_wconf 85' lang='lat' dir='ltr'><strong>onim</strong></span> <span class='ocrx_word' id='word_1_245' title='bbox 715 3675 955 3740; x_wconf 89' lang='lat' dir='ltr'><strong>matrimonium</strong></span> <span class='ocrx_word' id='word_1_246' title='bbox 971 3673 1011 3738; x_wconf 90' lang='lat' dir='ltr'><strong>ab</strong></span> <span class='ocrx_word' id='word_1_247' title='bbox 1026 3675 1117 3739; x_wconf 92' lang='lat' dir='ltr'><strong>initio</strong></span> <span class='ocrx_word' id='word_1_248' title='bbox 1128 3675 1178 3739; x_wconf 92' lang='lat' dir='ltr'><strong>in-</strong></span> 
     </span>
     <span class='ocr_line' id='line_1_31' title="bbox 65 3787 1178 3876; baseline -0.003 -19"><span class='ocrx_word' id='word_1_249' title='bbox 65 3819 83 3860; x_wconf 95' lang='lat'><strong>«</strong></span> <span class='ocrx_word' id='word_1_250' title='bbox 98 3796 237 3862; x_wconf 84' lang='lat' dir='ltr'><strong>validum</strong></span> <span class='ocrx_word' id='word_1_251' title='bbox 251 3793 535 3876; x_wconf 89' lang='lat' dir='ltr'><strong>tractu.temporis</strong></span> <span class='ocrx_word' id='word_1_252' title='bbox 554 3791 762 3869; x_wconf 88' lang='lat' dir='ltr'><strong>convalescit,</strong></span> <span class='ocrx_word' id='word_1_253' title='bbox 782 3797 838 3854; x_wconf 89' lang='lat' dir='ltr'><strong>aut</strong></span> <span class='ocrx_word' id='word_1_254' title='bbox 854 3787 1019 3855; x_wconf 89' lang='lat' dir='ltr'><strong>mediante</strong></span> <span class='ocrx_word' id='word_1_255' title='bbox 1031 3789 1178 3873; x_wconf 87' lang='lat' dir='ltr'><strong>praescri-</strong></span> 
     </span>
     <span class='ocr_line' id='line_1_32' title="bbox 64 3905 1179 3998; baseline -0.006 -20"><span class='ocrx_word' id='word_1_256' title='bbox 64 3937 82 3978; x_wconf 93' lang='lat'><strong>«</strong></span> <span class='ocrx_word' id='word_1_257' title='bbox 104 3915 212 3998; x_wconf 89' lang='lat' dir='ltr'><strong>ptione</strong></span> <span class='ocrx_word' id='word_1_258' title='bbox 225 3910 494 3997; x_wconf 89' lang='lat' dir='ltr'><strong>impedimentum</strong></span> <span class='ocrx_word' id='word_1_259' title='bbox 514 3909 653 3975; x_wconf 90' lang='lat' dir='ltr'><strong>tollitur.</strong></span> <span class='ocrx_word' id='word_1_260' title='bbox 678 3909 747 3972; x_wconf 94' lang='lat' dir='ltr'><strong>lmo</strong></span> <span class='ocrx_word' id='word_1_261' title='bbox 768 3905 867 3971; x_wconf 89' lang='lat' dir='ltr'><strong>datur</strong></span> <span class='ocrx_word' id='word_1_262' title='bbox 880 3906 1040 3972; x_wconf 84' lang='lat' dir='ltr'><strong>accusatio</strong></span> <span class='ocrx_word' id='word_1_263' title='bbox 1066 3913 1179 3972; x_wconf 88' lang='lat' dir='ltr'><strong>contra</strong></span> 
     </span>
     <span class='ocr_line' id='line_1_33' title="bbox 65 4020 1179 4116; baseline -0.005 -23"><span class='ocrx_word' id='word_1_264' title='bbox 65 4053 83 4093; x_wconf 94' lang='lat'><strong>«</strong></span> <span class='ocrx_word' id='word_1_265' title='bbox 101 4032 191 4110; x_wconf 91' lang='lat' dir='ltr'><strong>illud,</strong></span> <span class='ocrx_word' id='word_1_266' title='bbox 210 4032 272 4098; x_wconf 90' lang='lat' dir='ltr'><strong>etsi</strong></span> <span class='ocrx_word' id='word_1_267' title='bbox 284 4050 345 4116; x_wconf 92' lang='lat' dir='ltr'><strong>pro</strong></span> <span class='ocrx_word' id='word_1_268' title='bbox 359 4030 469 4094; x_wconf 87' lang='lat' dir='ltr'><strong>valore</strong></span> <span class='ocrx_word' id='word_1_269' title='bbox 486 4027 569 4092; x_wconf 93' lang='lat' dir='ltr'><strong>illius</strong></span> <span class='ocrx_word' id='word_1_270' title='bbox 586 4024 746 4090; x_wconf 89' lang='lat' dir='ltr'><strong>sententia</strong></span> <span class='ocrx_word' id='word_1_271' title='bbox 757 4023 819 4088; x_wconf 89' lang='lat' dir='ltr'><strong>lata</strong></span> <span class='ocrx_word' id='word_1_272' title='bbox 838 4020 905 4106; x_wconf 88' lang='lat' dir='ltr'><strong>jam</strong></span> <span class='ocrx_word' id='word_1_273' title='bbox 924 4031 1029 4106; x_wconf 89' lang='lat' dir='ltr'><strong>esset;</strong></span> <span class='ocrx_word' id='word_1_274' title='bbox 1047 4023 1123 4107; x_wconf 82' lang='lat' dir='ltr'><strong>qtria</strong></span> <span class='ocrx_word' id='word_1_275' title='bbox 1145 4023 1179 4087; x_wconf 92' lang='lat' dir='ltr'><strong>in</strong></span> 
     </span>
     <span class='ocr_line' id='line_1_34' title="bbox 64 4137 1185 4227; baseline -0.007 -17"><span class='ocrx_word' id='word_1_276' title='bbox 64 4149 299 4215; x_wconf 89' lang='lat' dir='ltr'><strong>«matrimonio</strong></span> <span class='ocrx_word' id='word_1_277' title='bbox 318 4146 479 4212; x_wconf 88' lang='lat' dir='ltr'><strong>sententia</strong></span> <span class='ocrx_word' id='word_1_278' title='bbox 507 4160 672 4227; x_wconf 88' lang='lat' dir='ltr'><strong>nunquam</strong></span> <span class='ocrx_word' id='word_1_279' title='bbox 695 4141 811 4206; x_wconf 89' lang='lat' dir='ltr'><strong>transit</strong></span> <span class='ocrx_word' id='word_1_280' title='bbox 836 4141 870 4204; x_wconf 96' lang='lat' dir='ltr'><strong>in</strong></span> <span class='ocrx_word' id='word_1_281' title='bbox 896 4158 968 4205; x_wconf 92' lang='lat' dir='ltr'><strong>rem</strong></span> <span class='ocrx_word' id='word_1_282' title='bbox 988 4137 1185 4223; x_wconf 73' lang='lat' dir='ltr'><strong>judicatam.</strong></span> 
     </span>
    </p>
   </div>
   <div class='ocr_carea' id='block_1_4' title="bbox 64 4256 739 4351">
    <p class='ocr_par' dir='ltr' id='par_1_6' title="bbox 64 4256 739 4351">
     <span class='ocr_line' id='line_1_35' title="bbox 64 4256 739 4351; baseline -0.009 -24"><span class='ocrx_word' id='word_1_283' title='bbox 64 4286 84 4327; x_wconf 92' lang='lat'><strong>«</strong></span> <span class='ocrx_word' id='word_1_284' title='bbox 105 4265 225 4351; x_wconf 81' lang='lat' dir='ltr'><strong>(Capite</strong></span> <span class='ocrx_word' id='word_1_285' title='bbox 241 4270 335 4330; x_wconf 82' lang='lat' dir='ltr'><strong>Lato«</strong></span> <span class='ocrx_word' id='word_1_286' title='bbox 356 4271 387 4341; x_wconf 88' lang='lat'><strong>7,</strong></span> <span class='ocrx_word' id='word_1_287' title='bbox 405 4266 443 4325; x_wconf 85' lang='lat' dir='ltr'><strong>de</strong></span> <span class='ocrx_word' id='word_1_288' title='bbox 459 4266 542 4326; x_wconf 77' lang='lat' dir='ltr'><strong>Stat.</strong></span> <span class='ocrx_word' id='word_1_289' title='bbox 561 4256 739 4342; x_wconf 72' lang='lat' dir='ltr'><strong>sarajas.)</strong></span> 
     </span>
    </p>
   </div>
   <div class='ocr_carea' id='block_1_5' title="bbox 115 4370 1183 4553">
    <p class='ocr_par' dir='ltr' id='par_1_7' title="bbox 115 4370 1183 4553">
     <span class='ocr_line' id='line_1_36' title="bbox 115 4370 1183 4465; baseline -0.012 -20"><span class='ocrx_word' id='word_1_290' title='bbox 115 4411 127 4436; x_wconf 67' lang='grc' dir='ltr'>α</span> <span class='ocrx_word' id='word_1_291' title='bbox 145 4383 190 4448; x_wconf 84' lang='grc'><strong>111</strong></span> <span class='ocrx_word' id='word_1_292' title='bbox 210 4400 275 4465; x_wconf 92' lang='lat' dir='ltr'><strong>quo</strong></span> <span class='ocrx_word' id='word_1_293' title='bbox 293 4379 452 4463; x_wconf 88' lang='lat' dir='ltr'><strong>sequitur,</strong></span> <span class='ocrx_word' id='word_1_294' title='bbox 466 4374 554 4461; x_wconf 91' lang='lat' dir='ltr'><strong>quod</strong></span> <span class='ocrx_word' id='word_1_295' title='bbox 570 4374 667 4440; x_wconf 89' lang='lat' dir='ltr'><strong>etiam</strong></span> <span class='ocrx_word' id='word_1_296' title='bbox 683 4373 803 4438; x_wconf 89' lang='lat' dir='ltr'><strong>actioni</strong></span> <span class='ocrx_word' id='word_1_297' title='bbox 822 4371 876 4437; x_wconf 86' lang='lat' dir='ltr'><strong>vel</strong></span> <span class='ocrx_word' id='word_1_298' title='bbox 890 4370 1085 4436; x_wconf 86' lang='lat' dir='ltr'><strong>accusationi</strong></span> <span class='ocrx_word' id='word_1_299' title='bbox 1101 4386 1183 4452; x_wconf 77' lang='lat' dir='ltr'><strong>prm-</strong></span> 
     </span>
     <span class='ocr_line' id='line_1_37' title="bbox 204 4482 1058 4553; baseline -0.016 -2"><span class='ocrx_word' id='word_1_300' title='bbox 204 4496 235 4553; x_wconf 87' lang='lat' dir='ltr'><strong>ll.</strong></span> <span class='ocrx_word' id='word_1_301' title='bbox 946 4530 950 4536; x_wconf 88' lang='lat'><strong>.</strong></span> <span class='ocrx_word' id='word_1_302' title='bbox 1022 4482 1058 4538; x_wconf 73' lang='grc'><strong>38</strong></span> 
     </span>
    </p>
   </div>
   <div class='ocr_carea' id='block_1_6' title="bbox 0 0 1424 5114">
    <p class='ocr_par' dir='ltr' id='par_1_8' title="bbox 0 0 1424 5114">
     <span class='ocr_line' id='line_1_38' title="bbox 0 0 1424 5114; baseline 0 5"><span class='ocrx_word' id='word_1_303' title='bbox 0 0 1424 5114; x_wconf 95' lang='lat' dir='ltr'><strong> </strong></span> 
     </span>
    </p>
   </div>
  </div>
 </body>
</html>
