2836 5118
241 360 303 424 27⁴
586 367 774 416 macraras
796 368 840 413 na
861 365 1009 414 runicus.

239 521 318 582 ωσι,
333 519 374 563 aa
385 503 496 563 varaia
506 501 629 578 scriptia
645 495 784 574 (mimda
796 495 858 556 ait?
873 525 919 554 —r
936 492 969 554 1⁰
986 490 1018 557 st
1027 487 1215 572 appelletur
1226 491 1339 550 amena·

239 624 334 694 neoti,
349 634 408 680 eeu
418 619 525 678 stante
540 610 638 695 pede,
653 617 692 674 ut
704 609 885 693 loquuntur
898 606 1099 690 pragmatici,
1114 603 1211 680 idest,
1228 600 1336 676 strum,

240 743 275 801 et
288 730 396 818 judice
414 727 521 794 adhue
539 743 600 810 pro
618 724 774 790 tribunali
791 721 939 800 sedente,
957 719 1030 786 fieri
1049 725 1157 802 potest
1178 715 1341 801 appellatio

240 851 315 917 aiva
342 866 423 914 vaae
438 867 445 911 :
460 852 495 910 et
524 839 640 908 suffieit
658 848 738 906 tuno
757 840 878 918 dicere,
898 840 1015 921 appella
1031 837 1083 902 vel
1102 855 1239 918 pooaaaa,
1255 838 1341 916 prout

240 963 382 1032 habetur
407 962 441 1028 in
457 959 657 1025 lastinianeo
679 955 764 1041 jure,
781 954 890 1041 quoad
906 953 967 1018 hoo
989 953 1022 1017 in
1043 951 1118 1017 foro
1135 947 1342 1016 ecelesiastica

175 1103 181 1116 ¹
240 1087 374 1164 recepto
389 1077 475 1164 (lege
490 1078 550 1140 Sed
561 1080 589 1138 oi
604 1075 635 1151 2,
653 1072 686 1138 ff.
708 1071 1041 1153 deAppallata'oaibae).

286 1200 320 1261 2⁰
337 1195 368 1260 Si
382 1193 566 1279 appelletur
579 1197 649 1273 poet
672 1191 877 1266 intervallum,
902 1185 1078 1271 appellatio
1092 1186 1126 1248 iu
1141 1183 1272 1266 seriptis
1283 1180 1345 1246 fierl

241 1311 353 1390 debet,
371 1308 621 1394 appellatorium
632 1323 751 1388 nempe
764 1305 910 1370 libellum
923 1299 1135 1388 porrigendo.
1150 1300 1248 1386 (Lege
1260 1304 1345 1364 Asea·

242 1434 337 1492 tantm
353 1431 384 1504 5,
403 1424 437 1490 ff.
455 1428 492 1489 cle
509 1423 788 1506 Appellatiom'oaa;
807 1426 840 1484 et
856 1419 930 1502 lege
952 1423 1011 1482 Eae
1033 1424 1086 1500 qni
1102 1419 1136 1495 6,
1157 1433 1187 1480 o.
1213 1412 1346 1500 ejusdem

239 1541 354 1626 tituli.)

286 1659 439 1740 Qrmarro
456 1658 500 1720 2⁸.
522 1689 555 1704 -
584 1655 665 1734 (laid
679 1659 713 1716 a'o
728 1654 828 1715 libello
842 1653 1042 1733 appellatorio
1058 1669 1079 1712 a
1092 1647 1348 1725 ooataoota'odefiol-

245 1781 309 1839 tiae
326 1771 596 1854 apamooeoeat?
611 1803 657 1816 -
677 1789 694 1828 a
716 1765 859 1849 Exprimi
873 1763 970 1832 debet
986 1767 1057 1850 quis
1071 1765 1228 1848 appellet,
1248 1770 1348 1829 eontra

251 1905 391 1972 «quem,
409 1893 444 1950 at
466 1904 485 1950 a
511 1901 576 1967 qua
601 1882 774 1947 sententia.
790 1880 932 1966 (Conone
945 1885 1019 1944 Post
1045 1882 1279 1962 appellationem
1301 1880 1347 1952 tt,
1410 1915 1411 1922 ι

248 2020 383 2067 aeauaae
403 2003 436 2078 2,
455 2018 487 2084 q.
505 2001 544 2082 a,
562 1998 634 2081 lege
647 1993 829 2080 Appellaada'
844 1997 873 2072 l,
894 1995 928 2060 ff.
944 1997 982 2059 da
994 1992 1128 2080 Appula(

292 2117 436 2184 «omitti
456 2116 490 2180 ln
514 2134 553 2179 ea
573 2120 728 2197 possunt:
759 2112 791 2174 1⁰
806 2129 924 2177 nomen
947 2110 1065 2197 juonis
1090 2115 1132 2176 ad
1156 2129 1259 2194 pom,
1287 2108 1351 2194 quia

247 2239 435 2300 «censetur
457 2230 657 2313 appellatum
687 2226 730 2293 ad
755 2225 893 2292 eumad
920 2247 1018 2313 quem
1039 2227 1081 2293 de
1101 2228 1177 2313 jure
1194 2224 1352 2310 paoaooari

249 2374 265 2414 ιι
283 2348 384 2414 debet
395 2370 403 2432 ;
416 2351 450 2412 2⁰
461 2364 582 2414 namen
594 2341 712 2428 judicis
723 2363 742 2406 a
752 2364 819 2424 pao,
834 2345 980 2428 quamvis
993 2345 1027 2408 in
1038 2363 1099 2408 usn
1110 2345 1155 2408 eit
1164 2341 1246 2408 illud
1259 2339 1353 2424 expri

250 2481 265 2517 a
284 2474 387 2538 mere;
406 2458 440 2519 3⁰
456 2451 607 2535 allegatio
626 2469 729 2516 eausa
751 2449 938 2533 appellandi
958 2457 991 2514 ιἰι
1013 2457 1129 2534 specie:
1143 2447 1264 2514 suffieit
1277 2450 1352 2516 enim

250 2595 265 2640 ι
282 2570 309 2644 si
320 2567 486 2653 appellans
496 2566 531 2635 in
545 2583 666 2648 genere
678 2563 766 2632 dieat
780 2583 815 2630 se
829 2573 999 2648 gravatum
1009 2583 1089 2644 esee,
1105 2565 1159 2630 vel
1171 2564 1354 2631 sententiam
1409 2573 1410 2582 ¹

251 2703 353 2757 «esse
373 2681 542 2767 injustam,
561 2680 613 2746 vel
638 2681 666 2746 si
691 2679 778 2762 dieat
800 2684 928 2763 appello.
955 2681 997 2747 llt
1014 2682 1097 2746 ratio
1119 2688 1170 2747 est
1192 2681 1266 2766 quia
1286 2686 1354 2744 tuno
1409 2769 1410 2772 Ἴ

252 2828 267 2864 ι
286 2800 409 2868 frustra
423 2798 622 2880 allegaretur
640 2815 736 2862 causa
748 2797 782 2861 in
794 2798 914 2879 speeie,
937 2815 1012 2861 eum
1026 2795 1127 2881 judex
1142 2817 1162 2862 a
1176 2815 1234 2877 qao
1252 2795 1293 2860 de
1310 2793 1354 2861 illa
1409 2777 1410 2820 l

253 2942 269 2980 a
289 2933 484 2999 cognoscere
496 2933 562 2981 non
575 2912 706 2996 debeat,
725 2913 846 2996 quippe
855 2911 921 2997 jam
936 2911 1068 2979 functus
1081 2912 1185 2979 officio
1194 2931 1264 2978 suo.
1277 2913 1356 2975 an'e

255 3055 270 3112 ις
278 3039 378 3116 μίαν,
397 3031 425 3096 si
436 3030 610 3113 appellatio
622 3029 680 3094 liat
692 3027 863 3094 ineasibus
878 3027 979 3113 ajure
994 3029 1103 3094 veleb
1116 3027 1247 3095 homine
1261 3025 1356 3111 proli

221 3158 223 3162 ·
255 3149 376 3231 obitis,
399 3165 473 3216 nam
487 3165 561 3210 oum
580 3165 620 3214 eo
636 3163 712 3210 oasa
726 3144 893 3228 appellans
910 3143 1029 3209 habeat
1048 3144 1131 3230 juris
1144 3141 1356 3229 praesumptio·

256 3289 272 3328 ι
289 3283 367 3332 nem
383 3270 496 3334 eontra
510 3281 544 3328 se
557 3309 564 3340 ,
579 3280 644 3329 non
660 3268 795 3326 tenetur
804 3259 907 3345 judex
918 3263 1126 3344 appellationi
1137 3260 1208 3347 ejus
1220 3260 1352 3334 deterre,

257 3404 273 3444 a
288 3379 478 3462 nisialleget
489 3395 618 3445 oausam
627 3376 864 3454 rationabilem,
875 3375 1023 3462 obquam
1033 3378 1357 3460 eeseetistaprerum

257 3498 371 3582 optio.
390 3518 407 3556 ι
429 3491 796 3580 (ttaSehmetzgrueter,
816 3493 851 3556 in
865 3493 918 3560 tit.
937 3496 991 3571 28,
1009 3495 1033 3560 l.
1048 3496 1068 3558 2
1086 3492 1228 3572 decret,
1248 3511 1280 3556 ιι,
1297 3483 1356 3570 59.)

300 3612 363 3693 Qui
378 3607 603 3693 appellandae
621 3609 782 3674 sententia
800 3607 966 3674 definitim
981 3611 1141 3693 expressit
1158 3610 1294 3696 aliquam
1312 3619 1358 3686 ap
1408 3657 1409 3708 4

257 3726 440 3813 pellationis
454 3742 591 3801 eausam,
614 3730 722 3807 potest
742 3742 851 3820 eoram
872 3723 981 3808 judice
1005 3728 1047 3789 ad
1071 3745 1157 3807 poem
1179 3725 1259 3790 alias
1272 3723 1357 3788 etiam
1408 3729 1409 3758 ¹

259 3861 370 3908 causas
383 3859 447 3905 non
462 3857 633 3923 expressas
646 3841 799 3923 prosequi
820 3862 827 3906 :
846 3841 911 3905 imo
923 3841 1021 3906 etiam
1036 3859 1121 3907 nova
1142 3841 1355 3908 instrumenta,

259 3959 313 4025 vel
326 3976 427 4023 novos
440 3962 542 4021 testes
559 3953 754 4037 producere,
773 3963 806 4022 et
825 3956 917 4039 prius
932 3975 996 4022 non
1018 3956 1155 4040 allegata
1169 3956 1315 4040 allegare,
1331 3953 1358 4012 et

259 4093 324 4143 non
338 4072 474 4157 probata
489 4069 649 4154 probare;
668 4078 766 4153 prout
780 4077 906 4137 constat
923 4090 964 4136 ea·
981 4071 1086 4156 eapite
1104 4075 1236 4136 Ioannes
1255 4070 1313 4158 (10,
1328 4067 1359 4129 a

260 4193 334 4256 Fide
346 4183 636 4269 instrumentorum(
652 4205 693 4253 er
707 4186 780 4269 lege
793 4190 915 4268 Enopa
930 4186 975 4274 (6,
987 4205 1018 4251 o.
1034 4189 1072 4251 aa
1086 4185 1234 4272 Appellq)
1250 4182 1357 4263 exlege

261 4311 322 4373 Per
339 4307 415 4368 lana
430 4302 473 4389 (l,
495 4320 525 4366 o.
543 4304 580 4364 de
595 4305 696 4384 Temp.
713 4299 853 4386 appell..)
872 4303 1043 4368 Seeust
988 4310 1043 4368 aut
1045 4321 1097 4368 em
1109 4303 1145 4366 in
1159 4297 1357 4430 appellatione

261 4423 368 4492 alt't
320 4444 352 4492 ιιι
354 4419 574 4504 terluculurla,
592 4423 629 4482 ul
642 4419 750 4488 statam
763 4417 904 4492 diutim·
