2948 5126
544 347 624 398 rsus
647 348 805 399 samana.
827 405 829 412 ,
1193 339 1231 403 17

163 471 515 550 &condemnandum
531 474 661 542 oblatus
677 483 727 544 est
744 475 955 541 accusationis
968 472 1109 557 libellus,
1126 484 1234 567 potest

118 586 251 672 quidem
263 596 434 656 accusator
443 590 484 655 ab·
496 593 700 658 accusatione
710 590 880 676 desistere;
897 589 956 656 sed
969 597 1047 657 tunc
1066 591 1233 675 irnponen·

118 702 199 768 dum
213 704 244 770 ei
259 712 308 769 est
319 709 517 789 perpetuum
535 705 716 786 silentium,
740 707 785 770 ita
799 713 836 771 ut
848 724 1012 791 nunquam
1026 703 1131 790 possit
1144 726 1234 773 eum-

1 831 2 836 ’
118 815 251 885 demde
268 819 385 886 eodem
400 821 532 886 crimine
551 840 704 887 accusare
721 828 777 886 aut
791 819 958 887 infamare.
978 821 1111 888 Constat
1126 843 1166 888 ex
1182 842 1235 889 ca·

117 937 185 1021 pite
198 936 358 1023 Licet(ll,
369 937 464 1002 ‘tituli
482 939 509 1015 l,
528 937 604 1003 libri
620 936 802 1023 5decret.),
822 937 879 1004 ubi
893 939 1001 1021 ap‘tur
1012 938 1054 1005 de
1075 940 1235 1006 canonicis

1 1055 2 1148 j
117 1053 307 1134 Bisuntinis‚
323 1053 379 1139 qui
390 1051 675 1139 Archiepiscopum
685 1074 779 1120 suum
791 1053 879 1138 apud
893 1054 1011 1121 Sedem
1022 1055 1235 1140 apostolicam

118 1177 362 1248 accusaverant,
385 1175 420 1235 et
443 1178 555 1252 postea
579 1170 621 1235 ab
640 1169 847 1236 accusatione
866 1167 1062 1236 destiterunt
1079 1193 1087 1237 ε
1104 1171 1146 1238 de
1173 1191 1236 1258 qua

1 1283 2 1326 ἓ
118 1287 324 1352 accusatione
339 1287 385 1352 sic
404 1286 554 1353 decernit
572 1289 781 1354 Innocentius
796 1288 844 1353 ΠΙ
859 1310 866 1353 :
883 1293 945 1354 Nos
959 1294 1055 1370 ipiicr
1074 1292 1165 1354 dictis
1186 1311 1236 1354 ca-

119 1409 236 1468 nocicis
249 1424 339 1486 super
347 1407 504 1486 predictis
520 1407 674 1468 silentium
688 1407 831 1468 dommus
848 1409 1069 1488 imponendum,
1089 1427 1126 1470 ne
1149 1415 1177 1470 ie
1199 1410 1237 1470 de

118 1527 225 1583 coeiero
236 1524 379 1601 eissuper
397 1519 445 1582 iis
460 1538 599 1582 accusare
620 1521 708 1582 liceat
723 1520 771 1581 oei
788 1525 880 1583 eiiam
899 1523 1058 1602 infamare.
1077 1525 1157 1604 Quia
1168 1541 1237 1585 cero

1 1633 2 1648 ¹
113 1635 258 1716 predicti
271 1638 405 1696 cononici
419 1640 497 1697 citra
512 1635 664 1699 vinculum
680 1637 886 1716 inscriptionis
900 1638 1041 1698 desistere
1063 1639 1232 1718 coluerunt,

1 1751 2 1762 ’
125 1757 171 1814 eis
182 1753 220 1814 de
225 1756 310 1834 juris
321 1756 515 1834 permissione
531 1755 566 1815 id
579 1771 639 1814 ooo
652 1753 796 1814 ducimus
809 1754 1030 1834 imputandum.

167 1869 278 1929 Tertio.
297 1863 329 1928 Si
346 1874 515 1931 accusator
535 1865 683 1930 libellum
705 1863 772 1949 jam
800 1865 949 1948 protulit,
972 1886 1037 1932 non
1062 1875 1171 1950 potest
1196 1868 1237 1935 ab

116 1981 335 2046 accusatione
346 1979 515 2060 desistere,
534 1982 596 2045 nisi
611 1980 791 2064 approbata
805 2001 823 2045 a
837 1979 948 2065 judice
956 1979 1044 2066 justa
1058 1981 1236 2050 desistendi

1 2095 2 2104 ’
116 2115 228 2161 causa.
245 2095 293 2174 Si,
313 2093 409 2160 verbi
426 2095 539 2182 gratia,
554 2094 707 2160 advertat
723 2115 758 2160 se
774 2114 900 2161 errasse
918 2097 1126 2164 innocentem
1139 2119 1235 2165 accu-

117 2208 235 2290 sando,
256 2230 320 2277 non
337 2217 464 2275 tantum
478 2217 597 2294 potest,
618 2209 678 2276 sed
692 2217 825 2275 tenetur
839 2209 1019 2276 desistendi
1035 2212 1237 2279 voluntatem

116 2326 302 2394 declarare.
320 2326 425 2411 Atque
440 2325 557 2391 eadem
566 2326 628 2410 ipsi
643 2325 732 2391 licita
745 2334 796 2392 est
813 2325 988 2392 declaratio
1003 2327 1133 2413 quondo
1146 2329 1239 2396 videt

117 2462 156 2509 se
183 2443 304 2507 crimen
320 2438 459 2525 probare
485 2460 550 2506 non
573 2439 767 2524 possesed
789 2447 883 2519 tunc,
911 2449 949 2506 ut
967 2443 1238 2511 calumniatorum

117 2578 252 2644 poenam
268 2555 408 2642 effugiat,
429 2555 529 2622 debet
550 2556 689 2640 probare
712 2575 746 2623 se
769 2554 937 2623 bonafide
956 2557 999 2623 ad
1022 2558 1238 2628 accusandum

119 2674 292 2740 accessisse
303 2695 312 2757 3
325 2670 414 2758 quod
431 2690 549 2755 nempe
567 2691 683 2737 verum
698 2671 901 2755 reputaverit
920 2672 1055 2752 crimen,
1071 2682 1239 2739 necantes

119 2787 304 2855 adverterit
318 2785 549 2852 insufficientes
567 2806 648 2865 esse,
667 2805 747 2872 quas
757 2768 907 2870 'allegare
921 2784 1125 2871 proponebat
1139 2789 1238 2854 ratio-

120 2924 192 2971 nes.
211 2902 251 2970 Id
269 2904 297 2968 si
314 2901 454 2987 probare
474 2905 626 2986 nequeat,
644 2903 807 2987 inceptam
821 2904 1058 2970 accusationem
1084 2901 1238 2988 deserere

19 3001 20 3004 Ἴ
119 3041 187 3087 non
200 3021 327 3090 sinitur.

166 3141 293 3218 (triario.
312 3135 344 3199 Si
357 3133 467 3201 oblato
487 3133 612 3214 libello,
639 3142 674 3199 et
691 3152 756 3200 non
780 3133 960 3216 approbata
981 3154 1000 3199 a
1022 3133 1132 3219 judice
1154 3132 1239 3200 desi-

118 3251 229 3320 stendi
253 3269 360 3327 causa,
379 3248 585 3314 nihilominus
610 3255 780 3314 accusator
805 3248 898 3314 litem
924 3250 1076 3335 persequi
1094 3257 1235 3328 recuset,

124 3374 156 3437 l⁰
177 3365 382 3435 damnandus
408 3372 458 3430 est
474 3363 517 3429 ad
533 3382 689 3447 expensas
708 3371 742 3430 et
756 3363 961 3430 resarcienda
977 3363 1105 3432 damna.
1125 3367 1159 3430 2⁰
1174 3366 1238 3431 Re-

119 3482 292 3571 pellendus
308 3488 369 3558 est,
387 3481 413 3545 si
432 3486 545 3564 postea
558 3481 643 3546 velit
655 3481 892 3545 accusationem
909 3482 1072 3564 prosequi,
1089 3483 1123 3546 3⁰
1136 3480 1238 3545 Poena

119 3587 253 3684 insuper
283 3593 558 3674 extraordinaria,
588 3593 706 3680 judicis
730 3592 876 3673 arbitrio,
904 3594 1171 3678 plectendusest.
1188 3597 1238 3660 De

119 3736 184 3803 quo
200 3713 277 3781 uide
293 3709 585 3794 Schmalzgrueber
606 3708 648 3795 (in
665 3711 717 3778 tit.
740 3709 856 3788 l‚libri
877 3711 896 3774 5
915 3709 1058 3788 decret,
1074 3731 1107 3776 n.
1133 3709 1220 3794 109).

527 4011 531 4018 .
644 3959 714 4023 vll.

388 4180 500 4247 Effectus
517 4180 690 4230 cccoottonte
703 4178 792 4243 quood
803 4180 965 4228 accusatum:

169 4420 200 4483 1⁰
214 4413 386 4481 Pandente
399 4413 601 4479 accusatione
613 4411 794 4492 repedatur
807 4424 872 4471 non
888 4410 998 4490 potest
1010 4395 1178 4470 accusatus
1194 4405 1237 4474 ad
1254 4428 1266 4454 r

265 4531 297 4587 n.
1099 4517 1116 4572 2
