2948 5126
514 382 594 432 esus
614 381 774 432 securam.
1162 369 1204 434 33

102 506 256 574 ribellas
273 514 310 575 et
325 505 365 574 fit
377 507 557 594 inscriptio,
573 527 638 576 non
651 508 732 576 item
754 507 788 574 in
806 505 938 592 querela
953 529 971 570 c
989 505 1035 596 (iu
1047 507 1100 576 tit.
1115 509 1148 588 2,
1168 508 1207 577 li-

100 620 177 690 trit
194 623 338 703 decret,
355 645 389 690 n.
405 622 451 710 2).

137 740 245 808 Poenae
266 741 394 807 talionis
408 739 671 820 desuetudinem,
692 739 802 827 quoad
816 740 925 808 iorum
945 742 1043 808 etiam
1057 741 1208 810 ecclesia-

99 857 217 936 ticum,
227 858 305 924 satis
313 863 427 941 aperte
440 857 580 940 primum
591 856 749 926 affirmare
757 855 890 925 ridetur
899 857 1207 942 Schmalzgrueber:

104 973 305 1056 «Quaeritur,
326 975 389 1053 ait,
406 981 520 1041 utrum
533 993 630 1059 poenc
644 975 769 1042 talionis
785 974 828 1041 de
851 974 938 1042 iacto
953 975 1061 1042 locum
1082 977 1116 1040 in
1137 976 1211 1043 iorc

104 1088 269 1156 «habeatt
283 1088 480 1173 Respondeo
498 1111 505 1156 ε
526 1108 546 1154 a
564 1090 636 1158 foro
650 1091 739 1158 cirili
768 1090 836 1158 haec
855 1091 983 1158 talionis
999 1110 1105 1174 poena,
1120 1100 1155 1158 et
1177 1093 1211 1158 in

101 1231 116 1258 ι
130 1203 210 1270 hanc
231 1205 410 1292 inscriptio,
428 1207 546 1290 passim
562 1207 709 1274 recessit.
729 1205 822 1274 Idem
837 1206 962 1274 iactum
976 1215 1026 1274 est
1040 1207 1148 1292 qtrosd
1162 1207 1213 1273 fo-

105 1340 200 1388 ·rum
219 1323 422 1402 canonicum,
447 1329 485 1388 ut
506 1322 687 1391 advertunt
709 1324 851 1402 Felinus,
875 1324 1102 1404 Govarrurias,
1124 1327 1213 1392 Fari·

105 1439 236 1504 «uacius
258 1468 270 1493 »
299 1439 343 1526 (in
361 1440 412 1504 tit.
439 1442 470 1518 2,
494 1439 571 1506 libri
591 1439 768 1519 5decret.,
781 1460 815 1506 n.
836 1437 900 1525 16).
923 1439 987 1506 Sed
1006 1449 1118 1524 postea
1137 1460 1214 1508 cou-

101 1555 229 1621 trarium
254 1553 422 1639 subjungit
447 1555 491 1622 ob
517 1557 645 1622 citatam
666 1557 768 1624 sancti
789 1558 839 1622 Pii
859 1555 1034 1636 thllam,
1052 1565 1091 1622 ut
1114 1575 1214 1642 supra

102 1671 249 1756 ridimus;
261 1679 296 1738 et
308 1671 440 1738 tandem
456 1673 502 1740 ita
517 1672 705 1740 concludit:
727 1703 741 1730 a
759 1673 846 1738 [llud
858 1680 987 1740 certum
1004 1681 1065 1750 est,
1083 1689 1233 1766 poennm·

105 1786 251 1854 «talioms
260 1783 366 1851 adhuc
380 1785 565 1869 procedere
577 1795 611 1852 et
623 1787 726 1871 infligi
738 1786 863 1854 debere
876 1788 910 1852 in
920 1787 986 1852 illis
1000 1787 1079 1854 locis
1092 1787 1147 1852 rel
1163 1805 1216 1852 ro-

106 1901 310 1986 «ligionihus,
328 1900 386 1966 ubi
400 1902 568 1986 speciatim
581 1899 623 1966 de
638 1902 694 1967 iila
713 1910 826 1969 extant
840 1907 963 1970 statuta
981 1923 988 1968 :
1003 1909 1037 1967 et
1058 1901 1124 1968 tale
1150 1909 1215 1968 sta-
1278 1972 1280 1977 ,

108 2023 236 2086 «tntum
263 2019 299 2085 in
328 2017 450 2084 Ordine
475 2018 584 2084 Sancti
607 2018 771 2086 hancmci
794 2018 956 2086 Mincium
978 2027 1092 2086 extare
1110 2018 1216 2086 refert

108 2160 119 2186 «
134 2133 356 2200 Reiffeustuel.
373 2132 466 2200 Idem
480 2132 523 2200 de
537 2132 653 2200 ordine
668 2133 925 2200 Praedicatorum
941 2134 1087 2200 meminit
1100 2135 1214 2200 Passe-

110 2250 229 2316 ‹rinns
254 2279 268 2307 ι
294 2248 607 2337 (Schmalzgrneber,
629 2249 663 2314 in
675 2251 727 2315 tit.
743 2252 774 2326 2,
792 2249 870 2316 libri
886 2253 904 2315 5
921 2249 1062 2328 decret,
1084 2268 1117 2314 n.
1146 2247 1213 2334 18.)

105 2363 211 2432 Similia
226 2367 375 2451 reperies
398 2363 487 2450 apud
508 2363 729 2444 Reiffenstuel,
748 2365 893 2432 Ferentio
920 2365 1009 2454 (locis
1023 2383 1121 2451 supra
1140 2364 1216 2432 cita·

107 2477 162 2564 tis),
177 2489 212 2548 et
224 2499 421 2564 nonpauccs
434 2481 527 2547 alios.

19 2681 22 2690 y
143 2596 221 2664 Cum
235 2615 315 2682 ergo
331 2598 532 2664 recentiores
543 2596 641 2662 etium
652 2596 891 2690 canonista-rix
907 2615 944 2662 nc
958 2616 1000 2662 ne
1012 2597 1069 2662 rix
1082 2593 1214 2681 quidem

108 2730 241 2780 asserere
259 2712 403 2781 audeant
417 2711 512 2778 dicte
527 2710 609 2797 juris
628 2713 773 2778 canonici
788 2711 1006 2796 dispositionis
1024 2710 1215 2779 desuetudi-

111 2845 187 2908 nem,
205 2831 324 2896 merito
339 2828 446 2896 adhuc
460 2826 557 2894 hodie
577 2847 624 2893 ea·
635 2825 819 2896 desuetudo
833 2829 867 2894 in
884 2827 1022 2894 dubium
1045 2826 1214 2894 revocabi-

112 2950 168 3024 tur,
179 2947 239 3014 nisi
249 2946 463 3014 tribunalium
484 2944 1215 3030 ecclesiasticorumocmmunispraxiscontra-

114 3061 184 3128 riom
194 3071 306 3149 operte
320 3061 482 3130 ostendat.

556 3352 689 3420 CAPUT
707 3351 749 3416 Π.

211 3620 345 3668 ‘NORMA
367 3619 574 3674 unocunuupt
597 3619 660 3666 PER
687 3615 963 3666 nuuuufflrrottts
982 3615 1076 3662 vum.

617 3881 696 3956 51.

421 4106 483 4170 Quid
495 4115 519 4158 st
529 4107 655 4173 quotuplex
670 4107 702 4158 sit
714 4105 870 4160 denuntiatio.

33 4313 35 4346 ³
154 4348 178 4413 1.
192 4351 234 4414 De
245 4355 326 4415 rocta
341 4349 580 4412 motationis
593 4345 829 4424 defiuitione-
842 4342 998 4411 Nuntiato
1015 4342 1104 4413 idem
1119 4345 1215 4429 signi-

118 4459 184 4530 ficat
200 4485 236 4532 ac
247 4464 395 4534 notitiam
409 4460 500 4528 dare.
519 4461 601 4528 Hinc
614 4460 648 4525 iu
664 4461 731 4527 lato
745 4459 886 4546 quodam
902 4477 998 4527 sensu
1013 4458 1216 4530 denuntiatio

245 4577 278 4637 lt.
1059 4567 1080 4630 ⁸
