2836 5118
259 346 323 416 sto
596 365 784 418 mscrsros
807 371 851 420 aa
873 369 1023 420 eunucus

258 557 261 566 ,
303 494 364 558 Aut
382 499 468 576 quio
486 499 548 556 sets
562 496 734 576 ordinibus,
753 492 979 577 stupendibus,
999 496 1047 572 oct
1064 498 1257 578 otiositatibus
1273 499 1342 563 tots
1397 531 1406 592 ¹.

258 611 390 698 stmsttcr's
402 611 497 690 suerit
510 629 692 692 suspemus,·

304 725 397 790 Nullo
412 733 517 788 eontra
532 731 627 808 ipsius
641 731 770 792 Proetott
786 732 971 794 voluntatem
992 749 1128 794 concesso
1148 732 1264 794 licentio
1284 732 1345 794 tro

255 848 426 931 promoueri
439 845 587 924 faciendo,
613 853 668 909 out
687 848 729 908 ott
745 853 864 928 priores
884 850 1016 927 ordines,
1041 850 1166 928 prodes,
1186 856 1214 910 et
1234 851 1346 928 dipuita·

261 967 319 1034 tes,
346 965 408 1022 stuc
438 960 578 1038 honores,
607 967 759 1026 restitutio
786 965 981 1044 suffropctur.

305 1075 434 1158 Duplex
447 1075 495 1141 ibi
508 1074 632 1141 tributa
647 1079 813 1162 Episcopis
827 1086 969 1161 potestas
983 1101 990 1144 :
1000 1085 1114 1160 primo,
1135 1079 1254 1144 scilicet
1264 1097 1348 1144 ascea-

260 1210 332 1278 sam
357 1190 400 1258 ad
424 1210 533 1258 sacros
555 1190 687 1260 ordines
704 1192 940 1272 interdicendi,
961 1195 1008 1262 ita
1028 1201 1067 1260 ut
1088 1195 1134 1260 sic
1152 1195 1194 1262 ab
1216 1175 1349 1278 Episcopo

260 1325 320 1374 suo
339 1308 538 1393 prohibitus,
557 1330 598 1375 ex
613 1311 701 1376 nulla
725 1311 786 1380 sibi
802 1310 934 1378 aliunde
949 1329 1101 1378 concessa
1125 1311 1256 1378 licentia
1273 1309 1350 1394 possit
1404 1387 1406 1394 Ι

261 1423 418 1492 ordinarie
443 1429 592 1503 secundo,
619 1424 841 1510 suspendendi
863 1426 905 1492 ab
924 1427 1092 1494 ordinibus
1116 1425 1183 1512 Jam
1200 1426 1348 1508 susceptis.

261 1547 359 1628 atque
375 1542 510 1625 iusuper
525 1541 567 1607 ab
585 1542 810 1610 ecclesiasticis
827 1541 985 1628 gradibus
995 1590 1004 1621 ‚
1029 1541 1241 1628 dignitatibus
1262 1549 1293 1608 et
1308 1540 1351 1608 lto

260 1657 412 1742 noribas;
433 1661 479 1726 ita
492 1667 530 1724 ut
550 1659 595 1724 sic
609 1658 651 1726 ab
670 1659 829 1743 Episcopo
841 1677 899 1727 sno
917 1677 1109 1745 suspensus,
1134 1665 1300 1744 aequente
1313 1675 1352 1721 sa·

260 1777 382 1861 puriori
392 1775 532 1842 Praelato
544 1775 668 1842 absolvi
684 1784 719 1843 et
732 1777 871 1843 restitui.

306 1894 403 1961 Prior
415 1892 602 1978 dispositio,
623 1913 742 1978 nempe
761 1902 800 1961 ut
820 1893 1014 1962 interdictas
1039 1894 1081 1961 ab
1106 1895 1266 1979 Episcopo
1283 1911 1354 1960 suaa

262 2009 475 2093 suscipiendis
488 2010 675 2089 ordinibus,
700 2031 741 2078 ex
754 2011 932 2096 superioris
947 2012 1080 2078 Praelati
1100 2013 1299 2080 concessione
1316 2028 1354 2077 oo

263 2124 368 2192 dinaei
383 2145 448 2192 non
461 2128 579 2206 valeat,
592 2147 746 2212 expresse
760 2127 881 2195 dicitur
894 2130 1004 2196 locum
1019 2129 1153 2206 habere,
1172 2128 1292 2196 etiamsi
1301 2125 1355 2192 tals

261 2241 448 2311 interdictio
466 2245 631 2329 aproptio
646 2247 803 2329 Episcopo
821 2245 885 2312 lata
907 2245 1009 2313 inerit
1021 2267 1061 2310 ce
1073 2265 1254 2328 pmoorrpoc
1266 2263 1352 2321 mmo,

263 2364 355 2424 ctiam
370 2363 405 2424 ob
416 2365 562 2425 occultum
576 2368 699 2441 crimen,
719 2370 749 2428 et
764 2365 908 2444 quomodo
923 2365 1006 2442 tibet,
1026 2369 1118 2426 etium
1130 2353 1356 2444 extrujndr‘rioli

266 2483 322 2541 ter.
343 2476 400 2542 llis
416 2485 526 2543 autern
545 2477 653 2544 verbis
671 2479 827 2562 implicite
841 2485 875 2545 et
891 2479 1125 2564 equivalenter
1139 2478 1291 2544 asseritur
1305 2472 1357 2556 Epi·

265 2611 363 2678 scopo
385 2593 522 2660 facultas
536 2613 703 2661 ascensum
724 2593 767 2660 ad
790 2593 922 2662 ordines
939 2593 1160 2662 interdicendi
1182 2615 1223 2658 eu
1242 2608 1356 2677 praeum-
1404 2627 1405 2630 =

265 2731 321 2795 pue
341 2731 449 2789 causo,
478 2717 569 2775 etium
596 2716 632 2777 ob
656 2715 801 2775 ocmrttum
823 2718 953 2792 crimen,
978 2720 1008 2775 et
1031 2715 1264 2794 pmmodottbet,
1287 2715 1357 2774 dmm

265 2831 563 2912 extro-joutorotuer.
586 2829 626 2894 Et
645 2828 706 2895 hoc
724 2829 793 2912 ipso
815 2829 855 2905 ei,
875 2829 931 2914 qui
948 2830 995 2895 sic
1017 2827 1238 2906 interdicitur,
1257 2825 1295 2892 ad
1315 2822 1358 2889 tri·

186 2981 190 3000 1
266 2943 366 3011 buaal
383 2944 533 3028 saperius
552 2943 739 3028 appellandi
756 2943 912 3010 adimitur
927 2943 1076 3011 facultas.

313 3057 478 3123 Posterior
492 3064 601 3123 autem
617 3056 784 3143 dispositio
802 3058 931 3146 (nempe
948 3064 985 3121 ut
1007 3075 1184 3142 suspensus
1205 3060 1359 3139 arecepto

270 3193 343 3240 rum
360 3173 513 3242 ordinum
541 3175 711 3252 exercitio,
729 3182 827 3260 atquc
854 3195 872 3239 u
886 3172 1041 3258 gradibus
1055 3181 1089 3240 et
1105 3173 1309 3258 dignitatibus
1320 3187 1358 3236 ee·

269 3291 472 3380 olesiasticis,
498 3311 559 3376 per
574 3293 777 3376 superiorem
806 3292 983 3358 Praelatum
1006 3291 1130 3360 absolui
1145 3299 1182 3358 et
1208 3287 1357 3358 restitaiin

269 3427 363 3478 suum
384 3406 521 3493 gradum
542 3407 706 3494 nequeat),
725 3427 879 3493 expresse
901 3429 967 3474 non
986 3407 1109 3474 dicitnr
1123 3408 1235 3476 locum
1249 3406 1355 3478 haben

269 3525 393 3593 etiamsi
413 3524 582 3608 suspensio
596 3525 661 3592 lata
676 3524 777 3590 fuerit
798 3545 837 3588 cre
851 3544 1032 3607 quocumque
1045 3543 1152 3604 causo,
1176 3530 1268 3588 ettam
1282 3524 1312 3586 etr
1325 3537 1357 3584 oo

269 3647 382 3711 cultum
392 3650 516 3723 crimen,
528 3651 558 3708 et
572 3645 787 3725 quonrodolc‘bct
801 3645 1206 3724 scropscire-judicialiter.
1215 3639 1357 3708 florento
1402 3665 1403 3668 ¹

271 3761 414 3830 ulamma
430 3779 494 3827 non
506 3760 646 3827 iteratur
664 3765 737 3843 post
757 3758 939 3826 membrum
954 3758 1123 3843 phraseos,
1142 3761 1205 3826 Aut
1222 3765 1272 3841 qut
1284 3778 1301 3820 a
1313 3757 1357 3818 rui

271 3882 466 3946 ordinibus...
488 3882 582 3958 suerit
597 3895 766 3959 suspensus.
781 3875 846 3942 Sed
860 3882 971 3962 tamen
988 3893 1076 3940 nunc
1094 3879 1224 3941 certum
1236 3879 1291 3951 est,
1306 3885 1357 3936 ean

272 3995 447 4062 clausulam
458 4013 527 4074 esse
539 3994 584 4060 ibi
591 3991 859 4070 subaudiendam,
872 3999 906 4058 et
919 3997 1046 4056 tentum
1058 4007 1129 4056 csse
1138 3983 1357 4073 intelligendum

272 4111 409 4196 perinde
426 4131 466 4178 ao
480 4112 507 4176 si
521 4111 567 4178 ibi
587 4112 709 4177 iterum
724 4111 868 4193 reposita
888 4107 1023 4190 fuissem
1041 4107 1117 4193 quia
1136 4107 1182 4174 sic
1200 4105 1311 4190 pluries
1323 4097 1356 4184 (ut

272 4227 358 4294 inira
373 4225 594 4311 ostendemus)
609 4227 737 4293 uSacra
750 4227 1003 4310 Congregatione
1016 4223 1151 4290 Concilii
1165 4223 1299 4290 decisum
1310 4220 1353 4282 est·

317 4345 420 4414 Porro
433 4345 479 4413 sic
493 4344 710 4412 determinato
726 4342 905 4410 tridentini
920 4340 1047 4410 decreti
1059 4359 1175 4419 sensu,
1191 4331 1353 4408 remacetto

274 4479 314 4525 eo
327 4478 444 4526 revera
457 4459 615 4526 vindicari
627 4459 791 4543 Episcopis
805 4457 1012 4534 facultatem,
1031 4477 1071 4520 ec
1081 4477 1260 4538 quorumque
1274 4467 1349 4518 meu.
