2914 5122
13 238 14 304 l

13 363 15 444 l

240 321 301 387 tra
577 331 764 382 Tunc'rmts
787 335 831 384 nu
852 334 1001 392 runicus.

233 460 372 546 aduersa
384 460 614 553 reperiuntur3
627 459 671 526 ita
691 468 729 528 ut
744 458 848 546 ajure
871 459 1015 534 nomano
1034 461 1076 532 ad
1094 463 1349 538 ecclesiasticum

233 586 324 644 recte
339 578 439 644 illatio
449 576 518 642 fiat.

275 695 322 768 Ea
339 702 449 770 autem
466 694 634 782 utriusque
648 691 741 781 juris,
759 691 791 757 iu
809 691 846 772 re,
866 691 990 778 dequo
1009 693 1143 780 opinus,
1165 696 1345 774 consensio,

233 809 384 881 historico
406 809 616 878 confirmatur
639 808 727 894 apud
748 809 867 878 Deroti
885 809 1012 896 (libroi
1038 809 1290 888 institutionum,
1308 812 1349 878 ti·

232 926 302 994 tulo
315 929 345 1002 1,
359 931 374 1006 1
390 929 420 1006 5,
432 932 509 992 nota
522 923 554 1009 4)
571 925 606 992 in
619 925 705 992 hunc
719 922 850 992 modum
865 946 872 989 :
890 947 905 984 «
917 923 956 989 Id
964 932 1130 1008 postremo
1146 923 1274 1004 addam,
1290 927 1350 996 cri·

235 1065 251 1102 a
271 1042 399 1108 minalia
415 1042 536 1127 judicia
551 1043 584 1108 in
596 1042 668 1110 foro
684 1044 837 1110 exteriori
851 1043 940 1128 apud
954 1043 1127 1130 Episcopus
1141 1040 1259 1120 eodem
1276 1044 1347 1114 fere

195 1229 200 1244 ,
234 1158 343 1238 pritu,
360 1177 456 1246 quem
474 1160 528 1227 lex
541 1160 916 1238 Romauaconstitucrat‚
936 1159 1084 1242 expediri
1095 1159 1344 1229 consuevisse...

235 1273 308 1339 «ld
322 1295 363 1340 ex
375 1275 544 1341 collatione
557 1275 641 1359 juris
664 1275 768 1341 civilis
789 1295 862 1340 cum
887 1277 1103 1344 ecclesiastico
1127 1276 1261 1342 historia
1280 1297 1349 1348 rna·

234 1413 251 1454 u
267 1390 421 1461 nicasium
435 1399 495 1458 est.
513 1394 593 1460 lure
609 1392 696 1460 civili
713 1392 874 1458 accusatio
891 1393 1101 1459 constituitur
1116 1391 1237 1469 libello,
1254 1390 1348 1481 cujus

233 1505 408 1586 «turmula
421 1514 511 1577 extat
526 1509 559 1572 in
571 1508 644 1592 lege
655 1511 687 1586 3,
706 1507 738 1574 ff.
757 1512 1056 1586 praecautionibus,
1074 1509 1194 1597 quique
1206 1509 1289 1578 aclis
1303 1511 1348 1573 in·

233 1624 387 1692 «seritur
405 1646 412 1692 :
429 1625 664 1692 accusatorium
681 1624 828 1692 libellum
846 1625 1005 1698 Eusebius
1019 1625 1151 1694 Dorilaei
1170 1625 1349 1712 Episcopus

234 1764 250 1802 a
267 1738 425 1810 adversus
440 1739 609 1806 Eutichem
621 1740 853 1826 presbyterum
868 1747 903 1806 et
919 1739 1210 1810 archimandritam
1226 1758 1349 1826 propes

233 1880 249 1916 «
266 1857 324 1949 nit.
344 1863 380 1925 ut
392 1875 466 1926 eum
485 1855 644 1925 haereseos
658 1863 801 1938 accuset,
817 1873 956 1942 eumque
973 1859 1066 1937 relept
1085 1855 1167 1932 vult,
1185 1861 1219 1922 et
1236 1860 1348 1936 inferri

232 1995 249 2034 n
267 1979 624 2052 metamaucensem,
646 1973 741 2038 sicuti
752 1981 844 2055 patet
864 1992 905 2040 ex
926 1973 1061 2041 concilio
1078 1973 1348 2058 Constantinopo«

232 2089 371 2158 alitauo
398 2091 502 2156 sancti
523 2089 667 2156 Flaviani
694 2087 889 2157 Patriarchae
922 2089 1160 2176 (conciliorum,
1193 2097 1273 2157 tom.
1306 2092 1343 2165 4.

232 2205 329 2272 ucol„
355 2207 421 2276 930
442 2213 476 2272 et
503 2207 567 2271 935
588 2204 786 2274 collectionis
804 2203 958 2289 Labbaei).
976 2204 1071 2290 Quod
1089 2206 1186 2273 etiam
1214 2207 1248 2273 in
1270 2225 1348 2271 con·
1446 2217 1447 2236 ¹

232 2345 249 2380 n
266 2322 340 2392 cilio
357 2319 610 2388 chalcedonensi
627 2297 763 2406 (actione
779 2323 811 2400 3,
831 2318 921 2388 dioto
935 2328 1024 2388 tomo
1040 2321 1072 2399 4,
1095 2320 1156 2389 col.
1178 2317 1274 2404 1267)
1292 2319 1347 2389 ad-

232 2461 248 2498 «
267 2457 380 2509 versus
393 2439 585 2504 Dioscorum
600 2435 790 2504 Theodorus
804 2445 937 2524 prestat
950 2459 957 2521 ;
971 2439 1050 2524 quin
1070 2446 1104 2503 et
1124 2437 1185 2506 alia
1200 2438 1348 2505 ecclesia-

231 2583 243 2632 n
262 2556 342 2623 stica
353 2553 476 2642 judicia
491 2574 551 2643 per
565 2554 712 2624 libellum
735 2554 886 2622 instituta
897 2553 1121 2626 demonstravi
1133 2554 1217 2626 libro
1231 2557 1342 2632 tertio.

229 2674 312 2754 ant.
331 2676 362 2751 5,
385 2679 400 2752 1
422 2675 451 2750 1,
473 2679 549 2740 nota
566 2673 597 2736 4.
624 2711 669 2722 -
689 2673 748 2742 lus
765 2673 860 2741 civile
886 2673 1079 2742 accusatoris
1099 2673 1345 2756 inscriptionem
1445 2729 1446 2750 2

230 2797 296 2856 «et
315 2789 584 2880 subscriptionem
603 2790 760 2876 postulat.
776 2791 990 2878 inscriptione
1010 2798 1178 2860 accusator
1201 2789 1345 2860 ostendit
1445 2779 1446 2790 ’

230 2929 246 2964 a
262 2925 297 2970 se
306 2908 436 2985 Titium,
452 2905 544 2971 verbi
562 2907 675 2990 gratia,
691 2926 731 2971 eu
747 2925 812 2970 una
826 2907 878 2972 vel
889 2907 991 2971 ultera
1005 2908 1079 3000 lege
1092 2926 1186 2974 reum
1194 2905 1340 2986 deferre.

230 3046 245 3087 α
268 3041 406 3110 eumque
425 3042 459 3090 se
483 3042 578 3092 reum
594 3022 895 3096 demonstraturum
913 3024 1087 3110 profitetur
1103 3025 1187 3111 (lege
1204 3029 1236 3102 3,
1256 3025 1288 3092 ff.
1308 3029 1345 3088 de

231 3164 248 3201 1<
264 3141 381 3218 roan..
404 3148 440 3208 et
458 3141 531 3224 lege
555 3143 574 3206 2
594 3139 730 3218 codicis,
759 3145 797 3207 de
816 3140 908 3226 licis).
934 3141 1174 3224 subscriptione
1199 3141 1344 3212 declarat

230 3279 247 3320 a
264 3275 337 3325 suas
352 3275 390 3326 se
406 3258 726 3344 implevissemus,
745 3275 844 3344 seque
866 3257 1039 3342 obstringit
1053 3257 1213 3342 reciproci
1233 3276 1339 3342 poenn,
1444 3287 1445 3348 3

231 3396 247 3433 «
264 3371 386 3441 atauo
400 3373 441 3444 ab
460 3393 496 3442 se
513 3374 676 3440 hominem
696 3381 883 3441 accusatum
897 3380 1020 3457 pateat.
1049 3373 1208 3440 Eusebius
1232 3373 1343 3459 (citato
1444 3369 1445 3404 r

231 3490 507 3568 «renobabitur,
528 3483 590 3558 col'.
613 3494 695 3569 931,
715 3491 778 3558 934
800 3499 834 3556 et
854 3488 929 3574 935)
947 3497 1095 3574 paratum
1120 3509 1190 3554 sese
1207 3489 1342 3555 exhibet

231 3631 246 3678 n
261 3614 432 3682 convincere
452 3607 621 3680 Eutichem
637 3611 715 3690 falso
735 3609 841 3671 tatere
860 3609 1036 3672 catholicum
1057 3627 1178 3688 nemean·
1192 3607 1340 3674 libellum

230 3749 246 3796 .«
259 3745 320 3794 sua
331 3723 636 3808 manusubscribit3
655 3731 691 3793 et
706 3724 779 3812 (col.
797 3727 857 3792 991
880 3731 915 3790 et
937 3725 1032 3808 12010)
1049 3744 1115 3794 non
1133 3723 1273 3791 obscure
1301 3725 1341 3789 si-

231 3865 246 3902 a
263 3841 408 3925 gnificat,
425 3841 535 3908 vereri
549 3859 595 3920 se,
615 3860 657 3906 ne
673 3859 733 3926 per
747 3838 900 3908 fraudem
917 3841 1059 3906 Eutichis
1070 3859 1199 3926 poenarn
1214 3840 1340 3910 talionis

232 3958 426 4042 apertarum
443 3977 540 4044 quem
556 3965 681 4024 metum
699 3957 869 4024 Flavianus
885 3955 1031 4038 depellit.
1045 3958 1095 4026 Ita
1113 3957 1146 4022 in
1165 3954 1338 4024 Chalcedo
1443 4035 1444 4042 ἵ

232 4101 248 4136 «
263 4077 356 4148 nansi
365 4075 501 4146 concilio
514 4074 604 4162 (tom.
620 4076 637 4138 4
656 4071 796 4150 Labbaei,
810 4073 871 4136 col.
892 4071 986 4157 1267)
1006 4073 1224 4151 Paschasinus,
1236 4073 1340 4140 saneti
1443 4046 1444 4076 ¹

230 4217 247 4256 u
265 4193 379 4263 Leonis
392 4211 484 4277 papae
504 4192 654 4278 Legatum,
672 4187 715 4254 de
733 4187 902 4257 Theodoro
915 4187 1061 4268 diacono,
1079 4191 1226 4258 Dioscori
1244 4211 1337 4258 accu-

231 4333 249 4377 s
266 4316 386 4384 utare,
404 4306 485 4376 dicit
497 4309 567 4377 lraeo
581 4327 588 4373 :
602 4310 640 4370 St
658 4305 787 4398 amman
802 4307 930 4386 probare
948 4326 983 4368 co
998 4326 1063 4390 quc
1083 4312 1251 4392 inponit...,
1266 4328 1339 4392 pro·
