2930 5114
553 367 631 418 crus
652 368 812 420 amusan.
1090 403 1092 410 .
1181 355 1243 418 553

176 523 192 552 c
212 500 359 577 Quantam
376 496 657 560 anaeareiationc
673 499 872 576 ioannem,
890 501 982 560 curiae
993 498 1170 578 episcepalis
1181 514 1248 573 ono

126 619 217 692 sons,
240 617 274 676 in
283 617 365 675 actis
378 617 503 689 inserta,
520 617 636 674 comem
647 614 769 692 facilem
789 631 849 676 non
864 614 936 676 dari
950 631 1108 690 amasam,
1127 617 1191 676 siae
1205 614 1247 676 ad

122 747 286 810 personam
296 729 437 810 predicti
455 729 582 790 Andreae
596 731 627 792 N
629 776 652 807 .,
668 733 731 792 sice
743 731 785 792 ad
801 732 922 794 domum
932 730 1029 792 solitae
1044 732 1140 810 ipsias
1161 728 1248 792 taie-

127 850 254 908 taiionis
270 844 316 930 (et
330 841 376 908 ibi
389 840 469 908 addi
487 850 622 926 possunt
638 845 781 910 rationes
800 863 860 910 cur
880 843 983 909 facilis
999 861 1064 910 non
1082 843 1124 908 sit
1139 859 1247 910 ames·
1326 899 1331 906 .

126 957 192 1044 sus)
209 962 341 1025 :idcireo
362 961 498 1024 academ
519 962 672 1026 Aridreem
692 965 746 1037 Ν.,
758 980 816 1042 per
833 979 967 1042 presens
984 962 1125 1038 menn,
1148 961 1247 1024 coicis

125 1078 306 1160 episcopatis
318 1081 410 1140 curiae
423 1077 606 1159 affipendnm
627 1076 692 1163 (vel
712 1076 788 1142 alibi
802 1094 864 1161 pro
880 1077 965 1161 stylo
980 1073 1089 1160 ouria)
1104 1081 1247 1154 annin,-

126 1195 425 1256 monendontceram
439 1195 536 1272 nodis,
556 1197 589 1255 in
597 1195 717 1275 palatiu
727 1195 779 1256 nbi
792 1199 879 1256 curia
890 1195 1067 1274 episcopatis
1081 1198 1146 1274 rapi
1156 1193 1242 1268 solet,

121 1312 327 1391 persormiiter
336 1317 517 1392 cornpareet,
536 1315 623 1373 intra
634 1315 766 1392 spatiani
776 1328 880 1374 nmen
889 1312 1048 1373 dicrum...
1063 1307 1248 1394 (etreliqua

125 1434 276 1510 utsupra
293 1432 309 1506 s
326 1425 368 1510 1).
388 1457 400 1482 υ

169 1543 299 1608 Poterit
315 1544 413 1608 etiam
426 1540 575 1610 adhiberi
589 1561 730 1628 sequeus
749 1542 988 1628 famulaque
1006 1540 1124 1608 eedem
1143 1557 1249 1610 reme·

125 1677 208 1724 nere
235 1666 360 1743 potest,
376 1659 444 1724 sive
469 1659 680 1745 inquisitionis
707 1660 867 1744 specialis,
883 1660 951 1724 sive
976 1658 1243 1738 denuntiationis,

125 1776 195 1842 sive
223 1777 436 1842 accusationis
451 1777 503 1841 via
518 1774 727 1859 procedatur.

173 1913 190 1952 a
210 1895 323 1970 Die...,
350 1897 516 1972 mensis...,
542 1897 672 1971 anni...,
697 1895 759 1956 Nos
777 1897 829 1968 N.‚
853 1897 990 1956 Viearins
1004 1894 1154 1974 pancratis
1172 1892 1249 1973 Epi-

124 2014 208 2092 scopi
226 2012 254 2072 N
258 2057 279 2088 .,
300 2029 362 2072 nna
384 2029 450 2071 cnm
472 2016 574 2072 nostra
592 2029 736 2072 assessore
759 2007 796 2094 (si
814 2026 1008 2076 assessorem
1031 2007 1159 2086 habeat,
1174 2007 1250 2072 alio·

124 2123 217 2209 quin¹
233 2123 302 2189 haec
322 2125 424 2191 verba
448 2121 664 2208 omittantur),
691 2109 791 2190 tenore
814 2131 1009 2208 presentium
1031 2130 1244 2208 precipimus,

124 2247 258 2305 citamus
275 2249 304 2304 et
322 2261 461 2322 expresse
478 2244 671 2321 mandamns·
684 2249 719 2304 nt
737 2245 821 2322 infra
839 2248 1074 2324 peremptorium
1090 2248 1250 2306 terminum

123 2361 248 2422 dieram
260 2363 402 2440 tripinta,
415 2378 434 2421 a
450 2361 500 2421 dic
512 2363 655 2440 presenti
666 2361 933 2441 computandorum
939 2381 954 2439 ‚·
966 2361 1104 2422 dorninns
1111 2361 1249 2423 Andreas

124 2477 182 2553 N„
212 2479 265 2554 qui
288 2459 416 2540 dicitur*
430 2457 558 2556 nticajas
585 2477 687 2539 delicti
705 2474 769 2561 (vel
788 2475 1016 2540 nonnullorum
1040 2470 1247 2557 delictorum)

83 2663 86 2668 ,
124 2577 245 2670 amtor,
265 2611 368 2674 nempe
382 2592 427 2678 (et
437 2591 483 2656 ihi
494 2591 719 2675 exprimantur
730 2590 872 2676 delium),
886 2598 920 2655 in
930 2599 1066 2656 annania
1080 2593 1248 2658 tribunalis

124 2713 226 2772 nostri
240 2711 492 2791 iocoeompareat‚
509 2711 920 2788 adinformandomcnriam,
938 2710 1151 2774 adridendum
1160 2713 1250 2790 jnra-

124 2832 230 2890 mcnta
252 2829 384 2902 testium,
403 2827 637 2907 publicationem
655 2832 791 2888 mmmm
809 2827 991 2904 saiandan,
1009 2831 1038 2890 ct
1052 2827 1160 2890 nitran
1180 2826 1246 2888 loco

124 2946 167 3006 ad
183 2943 369 3004 audiendam
391 2946 569 3006 senientiam
577 2964 591 3020 ‚·
607 2944 661 3006 snb
677 2961 765 3024 pena
778 2944 938 3022 confessarii
955 2944 1068 3019 delicti,
1090 2947 1120 3004 ct
1135 2942 1244 3006 aiiiso

117 3065 194 3142 jare
208 3063 334 3121 statutis
343 3063 453 3140 panis.
466 3094 510 3105 —-
527 3063 582 3135 Ν.,
600 3060 710 3140 judea.
726 3093 770 3104 -
787 3062 841 3138 Ν.,
861 3078 1002 3124 emissor.
1017 3093 1061 3106 -
1076 3060 1106 3122 N
1109 3104 1131 3133 .,
1147 3062 1250 3123 acina·

125 3182 204 3240 rins.
222 3196 240 3236 u

171 3293 215 3356 Et
226 3287 383 3374 jubeatur
395 3289 508 3375 aliquis
523 3292 619 3357 curiae
627 3293 818 3378 episcopalis
830 3295 964 3361 nuntius
973 3295 1027 3362 vel
1038 3311 1152 3360 cursor
1166 3290 1248 3360 illud

127 3406 534 3493 edictumiualiquolooo
553 3397 839 3495 publicoaffiger‘c.
1011 3389 1013 3392 ⁵

666 3663 790 3738 tvl.-

509 3885 593 3934 Formu
606 3884 692 3934 citandi
700 3897 743 3948 per
755 3897 897 3946 preconem.

178 4138 195 4178 a
212 4118 262 4180 Aa
285 4121 464 4180 instantiam
483 4115 550 4194 fisci
573 4118 749 4198 episcopalis
769 4119 905 4180 ¹dc'acesis
929 4119 984 4194 N.,
1007 4117 1171 4180 nmndatnr
1195 4135 1250 4197 pc-

129 4236 292 4314 remptoric
315 4234 436 4296 damino
451 4233 482 4294 N
484 4279 506 4310 .,
528 4238 561 4293 nt
584 4233 667 4310 inira
683 4235 746 4295 dies
769 4233 813 4297 30
827 4251 995 4314 eornparere
1019 4233 1123 4296 debeat
1139 4236 1172 4294 in
1187 4235 1249 4294 ioco

128 4352 220 4412 solito
236 4351 408 4413 residentiae
430 4353 525 4430 ipsias
542 4350 719 4429 episcopalis
735 4355 837 4430 cariae,
852 4353 893 4413 ad
910 4355 1007 4432 ipsam
1025 4351 1249 4430 informandam

129 4484 220 4549 snper
234 4468 355 4562 delictis
365 4468 403 4530 ab
413 4471 489 4550 ipso,
509 4471 542 4527 nt
553 4470 689 4548 ponitur,
706 4472 888 4550 perpetratis
899 4487 1003 4550 nempe
1019 4465 1065 4553 (et
1079 4465 1125 4532 ibi
1138 4466 1248 4550 expri-

143 4815 156 4850 t
