2878 5114
249 344 315 408 loo
597 356 783 404 rnncrsrcs
807 357 850 402 nn
874 355 1021 401 runrcns.

249 482 406 551 similibus
420 481 616 564 regionibus,
634 500 698 545 non
714 479 848 546 videtur
871 479 966 544 hodie
986 479 1099 544 stricte
1118 467 1258 562 obligare
1272 477 1342 546 dicta

251 598 459 667 sanctiofficii
485 599 665 663 instructio.
687 598 790 679 Quam
806 605 916 662 tamen
942 597 1181 662 conclusionem
1198 597 1247 682 (ne
1271 596 1342 662 forte

249 719 326 783 satis
338 722 410 781 tuta
420 735 484 781 non
495 711 547 798 sit)
558 713 683 779 nonnisi
691 713 873 780 dubitative
886 715 1107 798 proponimus,
1118 722 1153 779 et
1167 713 1340 790 doctiorum,

248 833 513 916 auctoritatisque
535 831 716 915 praesertim
734 831 959 896 ecclesiastices
972 828 1096 913 judicio
1112 831 1242 896 omnino
1259 827 1344 914 subji-

250 948 365 1012 cimus.

289 1071 379 1130 Note.
399 1102 442 1112 -·-
461 1063 628 1130 Formulas
644 1063 684 1127 ad
701 1062 943 1128 concedendam
963 1063 1206 1128 attestationem
1221 1060 1345 1128 destmu

243 1181 348 1247 libero
364 1180 466 1246 tradit
483 1180 650 1246 Monacelli
665 1180 674 1266 l
684 1187 777 1264 parte
801 1183 830 1256 1,
846 1181 896 1244 tit.
917 1184 948 1257 8,
967 1179 1107 1246 formula
1125 1183 1154 1256 1,
1173 1183 1192 1243 2
1209 1187 1242 1244 et
1256 1177 1304 1262 3);
1318 1187 1345 1244 et

252 1297 355 1381 prima
374 1305 424 1362 est
438 1294 645 1382 hujusmodi:
982 1358 989 1368 ,

289 1418 354 1480 «Ν.
358 1465 369 1494 ,
386 1419 442 1478 Dei
454 1422 483 1479 et
493 1417 668 1496 Apostolicoe
677 1417 763 1478 Sedis
776 1419 877 1495 pratia
891 1417 1053 1496 Episcopus
1065 1419 1096 1478 N
1098 1451 1155 1478 .--
1165 1418 1311 1478 Universis
1323 1422 1346 1475 ct

245 1533 381 1611 stupetis,
397 1529 439 1593 nd
452 1511 534 1610 quos
538 1535 701 1610 presentes
719 1536 829 1591 nostru
850 1535 1052 1609 pervenerint,
1078 1530 1170 1606 fidem
1189 1533 1309 1610 facimus
1323 1535 1346 1589 ct

241 1653 418 1709 attestamur
433 1649 502 1709 Ν...
519 1647 567 1708 de.
576 1695 581 1710 .
590 1694 611 1724 .,
624 1665 776 1726 nunquam
786 1645 933 1724 habuisse,
949 1665 1040 1726 neque
1049 1648 1086 1708 de
1098 1652 1244 1727 presenti
1255 1647 1347 1708 liutem

237 1779 361 1824 umorem
379 1757 632 1846 (volmaritum);
651 1763 703 1823 sed
721 1781 782 1822 esse
799 1765 833 1823 in
853 1767 936 1823 statu
956 1763 1048 1822 libero
1063 1764 1104 1824 nd
1126 1763 1346 1824 contrahendus

236 1882 473 1954 matrimonium,
486 1883 578 1956 prout
587 1895 626 1937 eac
639 1878 872 1956 depositionibus
886 1881 1006 1938 testium
1015 1897 1115 1940 coram
1130 1885 1233 1940 nostro
1243 1881 1346 1941 Vicorto

236 1996 370 2073 pancrati
385 1992 450 2078 (vel
466 2011 575 2056 coram
597 1990 719 2075 Nobis),
739 1995 835 2056 medio
853 2012 954 2055 eornm
966 1999 1152 2074 juramento,
1170 1997 1213 2058 od
1223 1999 1345 2076 prescri-

234 2117 319 2189 ptum
346 2111 474 2188 formum
495 2114 702 2171 instructionis
718 2113 818 2173 Sucrce
834 2113 1080 2190 Conprepntionis
1095 2117 1297 2192 inquisitionis
1315 2113 1345 2172 de

240 2226 317 2286 Urbe
335 2230 577 2286 ennminotornm
587 2227 673 2304 plene
687 2232 815 2289 constat.
829 2228 867 2288 In
881 2245 1047 2306 quornm...
1065 2230 1222 2290 Datum...
1242 2263 1284 2274 —
1296 2231 1341 2303 N„

235 2343 408 2422 Episcopus.
424 2375 469 2388 -
488 2345 519 2404 Ν
521 2389 542 2418 .‚
565 2343 772 2404 concellarius.
785 2363 800 2398 n
815 2379 860 2390 -
879 2343 918 2406 Et
933 2343 1107 2425 apponitur
1122 2343 1264 2426 sigillum
1284 2361 1344 2407 cou-

238 2463 331 2521 sueto
354 2455 438 2520 loco.

282 2573 380 2640 Aliam
392 2569 514 2635 ibidem
528 2571 699 2635 formulam
712 2570 878 2655 subjungit
888 2573 1066 2651 Monacelli,
1078 2572 1119 2638 ad
1134 2574 1343 2640 attestandum

237 2688 377 2772 aliquem
393 2686 577 2752 discessisse
594 2706 612 2750 e
632 2686 765 2751 dioecesi
782 2688 814 2750 in
832 2694 919 2752 statu
935 2687 1040 2754 libero
1055 2710 1062 2773 ;
1084 2696 1118 2755 et
1133 2691 1230 2755 aliam
1248 2690 1289 2755 ad
1305 2697 1345 2754 at-

239 2800 424 2868 testandum
445 2802 584 2886 aliquem
603 2807 764 2881 exterum,
783 2810 931 2887 tempore
954 2823 1018 2888 quo
1036 2807 1068 2869 in
1085 2803 1222 2872 dioecesi
1235 2823 1344 2872 moram

237 2918 348 2994 traxit,
365 2919 576 3000 permansisse
594 2926 628 2982 et
653 2935 723 2982 esse
740 2919 771 2981 in
796 2926 883 2983 statu
902 2920 1006 2985 libero
1024 2920 1066 2987 ad
1087 2922 1271 2987 ineundum
1290 2941 1345 2986 ma·

238 3035 436 3101 trimonium.
466 3033 530 3098 Sed
555 3031 626 3097 dura
648 3036 845 3116 posteriores
872 3037 1018 3102 formulae
1033 3037 1127 3104 facile
1149 3039 1194 3104 ad
1211 3055 1344 3106 nonnam

240 3151 351 3234 primas
368 3149 552 3215 concinnari
567 3154 742 3230 poterunt,
762 3152 841 3234 quin
857 3171 938 3235 opus
959 3153 1000 3217 sit
1027 3173 1081 3217 eas
1095 3153 1147 3220 hic
1163 3164 1342 3220 annectere.

676 3438 808 3505 CAPUT
834 3441 892 3504 lll.

292 3706 407 3758 NORMA
428 3703 635 3754 PROCEDENDI
657 3704 691 3755 IN
716 3706 827 3754 CAUSIS
849 3705 1042 3755 nummis
1065 3707 1296 3762 ruosussmttts

700 3822 892 3872 RELIGIOSAE.

282 4089 370 4153 Sicut
384 4090 416 4153 in
429 4090 531 4153 causis
553 4088 709 4153 nullitatis
723 4090 929 4167 matrimonii,
948 4091 991 4156 ita
1016 4098 1051 4156 et
1064 4093 1097 4155 in
1115 4093 1219 4158 causis
1233 4091 1344 4157 nullita-

238 4207 279 4270 tis
298 4204 505 4288 professionis
523 4204 681 4286 religiose
705 4205 922 4271 determinata
938 4217 973 4272 et
993 4210 1184 4294 praescripta
1205 4210 1267 4274 fuit
1281 4225 1343 4290 spe·

234 4321 326 4388 ciclis
341 4319 540 4404 procedendi
554 4319 675 4405 forma;
694 4321 842 4405 adquam
858 4323 1086 4408 exponendam
1102 4332 1138 4390 ct
1149 4323 1343 4391 sanciendam

238 4435 342 4503 edidit
367 4437 564 4503 Benedictus
582 4439 656 4502 XIV
674 4439 937 4505 constitutionem
965 4461 1066 4519 suam,
1086 4459 1157 4526 quae
1186 4441 1296 4528 incipit
1314 4441 1343 4502 St
1425 4493 1426 4496 ,
