2878 5114
227 360 291 422 488
570 369 756 416 rubemus
780 368 823 414 ou
845 366 1016 438 uomens„

225 505 326 584 pontia
345 506 375 562 ct
390 499 541 576 fidelitate
554 475 645 556 simm
656 493 846 572 confidimus,
864 497 897 554 in
910 492 1063 572 publicum
1082 509 1242 570 cursorem,
1260 495 1347 574 baju-
1431 566 1432 570 Ἰ

228 621 302 698 lum,
312 622 375 679 siue
385 618 528 677 nuncium
538 615 635 674 nostri
648 609 821 682 tribunalis,
832 612 931 667 tcuore
940 612 1147 686 presentium,
1157 609 1198 670 aa
1209 613 1347 670 nostrum

228 736 456 815 beneplacitum,
474 731 624 810 ellpimus,
642 729 851 787 constituimus
867 728 896 784 et
907 723 1100 802 deputamus·
1113 741 1179 783 cum
1191 724 1344 801 murima,
1431 765 1432 770 η

225 850 402 931 priuilepiis
422 853 452 907 et
467 845 672 906 emolumentis
697 841 795 902 solitis
811 844 841 900 et
857 841 1015 898 consuetis.
1030 839 1145 898 Dentes
1161 839 1217 898 tili
1231 855 1349 899 omnem

227 966 403 1045 facultatem
420 964 618 1024 necessariam
639 966 669 1020 et
684 962 891 1038 opportunam,
910 951 1042 1032 officinm
1059 957 1201 1030 cursoris,
1215 958 1280 1014 siue
1297 955 1349 1014 lm·

219 1081 285 1160 juli
296 1079 454 1141 emerceudi
466 1083 498 1139 iu
514 1083 576 1138 tota
589 1081 692 1138 nostra
704 1074 834 1150 diocesi,
855 1074 969 1158 quotics
978 1071 1075 1149 tueris
1088 1071 1270 1149 requisitus;
1280 1069 1353 1130 liar·

229 1201 327 1257 tantes
344 1201 372 1255 te
394 1198 427 1256 iu
444 1197 587 1270 Domino;
603 1197 638 1253 ut
652 1187 787 1268 ospicium
807 1192 890 1248 tuum
907 1203 1044 1246 eucrceos
1064 1183 1214 1261 fidelitate
1223 1186 1319 1266 plena
1339 1206 1349 1246 .·
1432 1232 1433 1260 p

226 1309 404 1370 mandantes
417 1307 563 1384 omnibus,
576 1311 611 1367 ut
626 1310 654 1365 tc
673 1308 705 1366 in
728 1303 817 1364 talem
831 1307 1052 1380 recopnoscant‚
1070 1306 1100 1361 cl
1116 1303 1276 1380 recipiant,
1294 1303 1350 1363 sub
1432 1349 1433 1354 ,

225 1419 333 1504 panis,
350 1419 604 1501 etc.'lnquorum,
627 1424 681 1480 ctc.
709 1419 831 1491 Datum,
847 1419 902 1477 etc.
923 1449 969 1460 -
987 1417 1040 1492 N.,
1061 1416 1224 1495 Episcopus
1236 1416 1282 1479 Ν.
1303 1452 1349 1462 —

230 1537 284 1612 u„
305 1535 513 1597 cancellarius.
537 1555 609 1591 s—
622 1531 662 1595 ut
674 1537 817 1615 ponatur
833 1527 971 1611 sigillum
992 1534 1150 1594 consueto
1163 1528 1248 1594 loco.

738 1777 821 1842 xlx.

394 1991 396 1996 ’
465 2017 620 2068 sonuum
638 2017 876 2066 omursmoms
895 2017 1110 2067 usuoucmm.

273 2229 364 2292 Hanc
379 2224 567 2310 subjicimus
578 2221 762 2300 formulam,
784 2242 849 2288 uou
863 2232 1019 2309 tanquam
1037 2225 1254 2308 proesentibus
1269 2233 1348 2291 tem-

231 2342 364 2428 poribus
377 2340 611 2425 opplicabilem,
627 2339 686 2405 sed
700 2339 743 2404 od
758 2359 879 2406 meram
893 2340 1062 2406 dumtaxat
1077 2343 1243 2407 notionem
1253 2341 1345 2407 histo

232 2450 344 2516 sicam.
361 2450 411 2514 Sic
425 2465 541 2532 nempe
556 2448 633 2514 olim
649 2448 808 2530 Episcopi,
831 2449 886 2532 qui
909 2448 1063 2514 familiam
1078 2456 1235 2515 armatum
1249 2449 1342 2516 bobe-

232 2564 325 2642 bsm,
345 2583 439 2629 suum
450 2562 652 2647 deputabunt
662 2562 884 2628 baroncellus
902 2585 909 2628 :

279 2675 368 2750 ull„
387 2675 551 2752 Episcopus
568 2674 609 2734 N.
627 2703 672 2714 -
686 2671 802 2732 Dilecto
815 2674 856 2734 N.
877 2705 921 2720 --
938 2673 1058 2734 Delicta
1079 2691 1145 2752 quum
1162 2691 1265 2754 pacem
1283 2679 1345 2736 tur·

234 2791 318 2867 bont,
335 2794 365 2850 et
378 2787 591 2866 rempublicam
613 2792 736 2862 venant,
759 2805 795 2848 uc
810 2792 1001 2866 quantumin
1025 2789 1120 2851 Nobis
1140 2796 1185 2851 est
1203 2793 1345 2870 impunita
1434 2763 1435 2766 Ἴ

234 2909 418 2980 remaneant,
437 2908 466 2963 et
471 2904 604 2983 justitia
618 2901 845 2967 administratio
857 2902 978 2964 bruolio
994 2922 1051 2982 pua
1064 2905 1213 2982 fulciatur
1225 2923 1282 2966 nan
1298 2923 1344 2965 ca

234 3024 312 3095 rect,
333 3019 484 3097 familiam
497 3022 648 3078 arcuatam
666 3016 772 3076 labere
786 3021 959 3079 statuimus.
979 3021 1128 3096 Quocirca
1147 3021 1184 3082 de
1202 3026 1251 3082 tm
1272 3018 1345 3096 title·

236 3134 324 3196 litatc
336 3133 454 3211 confisi,
478 3136 517 3195 Te
533 3132 731 3194 baroncellum
742 3137 852 3194 nostroe
869 3136 971 3210 curia,
994 3141 1056 3196 tam
1073 3139 1107 3196 iu
1125 3140 1247 3198 ciuitate
1258 3154 1343 3215 quam

234 3267 290 3330 pro
303 3253 366 3311 t'olc
383 3251 513 3327 diacesi,
530 3250 572 3311 acl
590 3253 725 3310 nostrum
748 3248 975 3326 beneplacitum,
995 3255 1205 3314 constituimus
1216 3258 1244 3314 et
1257 3252 1342 3331 lepu-

238 3369 346 3441 tamus,
367 3382 435 3426 cum
447 3364 600 3426 lictoribus
614 3381 687 3443 quos
702 3363 757 3424 tibi
771 3365 864 3423 socios
873 3381 931 3442 pro
946 3369 1090 3426 exercitio
1106 3371 1152 3428 tui
1166 3366 1263 3446 officii,
1280 3372 1340 3428 tam
1395 3337 1398 3344 ,

237 3480 270 3540 in
287 3479 427 3540 ciuilibus
444 3496 533 3558 quam
550 3481 583 3539 in
596 3477 816 3553 criminalibus,
835 3477 1066 3556 adjunxerimus
1071 3501 1086 3556 ;
1114 3498 1181 3541 cum
1202 3480 1337 3552 mumius,

237 3594 442 3655 cnmlumentis
471 3597 500 3654 et
520 3594 695 3673 priuilcpiis
717 3591 817 3652 solitis
844 3597 873 3652 et
892 3597 1050 3653 consumtis.
1080 3595 1204 3669 Datum,
1229 3599 1278 3655 etc.
1295 3626 1337 3638 —

238 3709 294 3783 Ν.,
307 3709 472 3788 Episcopus
491 3711 530 3771 Ν.
550 3740 594 3752 -
612 3710 666 3784 Ν.,
696 3707 906 3769 cancellarius.
926 3727 941 3764 o

719 4076 877 4104 ⁴00-
