2838 5114
245 336 309 400 400
411 379 415 388 .
587 355 773 401 rnacrarus
799 359 840 402 nn
862 357 1009 403 runicus.

289 477 346 540 lll.
374 479 417 538 De
430 484 614 539 contumacia
633 482 686 541 liet
699 489 845 544 conventi.
877 517 910 527 -
944 505 957 538 a
976 479 1072 561 Quod
1092 468 1119 544 si
1132 499 1208 544 rens
1223 499 1337 545 conven-

247 599 335 656 «tus
357 592 476 657 citatus
497 613 562 656 non
585 598 805 676 comparuerit
822 597 855 659 in
876 594 1009 680 jndicio,
1032 615 1139 680 neque
1163 615 1279 679 perse,
1295 616 1338 659 ne-

248 731 263 768 «
283 728 346 792 que
373 729 433 792 per
456 709 554 774 alium
579 731 637 775 suo
656 714 801 789 nomine,
828 711 1070 778 addicendum
1096 720 1130 776 et
1156 711 1339 796 allegandum

248 841 263 878 a
280 819 440 904 quidquid
474 820 586 886 dicere
612 829 646 886 et
674 823 814 906 allegare
842 824 1000 902 voluerit,
1028 832 1223 889 accusantur
1248 831 1340 888 contra

249 958 262 994 a
281 937 386 1017 ipsum
410 937 619 1002 contumacia
639 959 646 1002 :
669 937 713 1001 ita
735 947 844 1004 tamen
863 947 912 1016 ut,
931 942 1004 1004 siin
1023 941 1177 1005 citatione
1197 959 1253 1004 seu
1270 959 1341 1004 man-

249 1073 263 1108 «
283 1050 360 1116 dato
374 1053 538 1134 appositus
553 1053 653 1117 fuerit
668 1055 827 1118 terminus
841 1054 981 1119 duorum
998 1055 1127 1121 dierum
1147 1076 1205 1120 reo
1221 1055 1260 1121 ad
1272 1077 1340 1121 con-

250 1193 263 1227 «
280 1167 459 1251 parendum
484 1177 557 1250 post
575 1170 823 1246 intimationem,
844 1178 878 1235 et
902 1173 1019 1237 citatus
1035 1173 1098 1236 fnit
1114 1174 1217 1255 prima
1239 1172 1286 1236 die
1302 1192 1339 1236 se-

250 1309 264 1341 «
280 1284 439 1367 ptembris
464 1284 569 1370 (verbi
587 1282 715 1367 gratia),
746 1287 849 1368 prima
869 1289 1070 1351 contumacia
1093 1289 1236 1352 accusari
1258 1287 1338 1352 debet

251 1423 264 1457 «
284 1399 337 1464 die
354 1401 450 1464 tertia
466 1399 614 1483 ejusdem
635 1402 763 1479 mensis
783 1401 961 1466 dummodo
981 1405 1021 1466 sit
1041 1402 1111 1467 dies
1127 1402 1274 1486 juridica,
1290 1421 1337 1465 non

249 1539 263 1573 a
280 1515 412 1598 festiva3
428 1535 502 1580 nam
516 1525 594 1580 tunc
608 1516 816 1581 accusabitur
831 1517 883 1584 die
897 1521 1057 1602 sequenti.

293 1657 307 1689 a
327 1629 422 1712 Quod
433 1630 681 1712 intelligendum
692 1640 741 1697 est
755 1632 812 1696 ubi
832 1633 1022 1716 proceditur
1034 1635 1076 1700 de
1093 1635 1169 1718 jure
1186 1636 1335 1706 ordinario,

248 1773 263 1808 u
281 1765 346 1811 non
367 1747 400 1809 in
416 1745 545 1829 judiciis
562 1747 752 1824 summariis,
773 1750 806 1812 in
826 1749 944 1832 quibus
967 1771 1031 1814 non
1054 1758 1206 1816 servatur
1226 1749 1298 1815 ordo
1314 1758 1339 1813 et

248 1889 263 1922 a
282 1865 387 1947 figura
412 1861 544 1946 judicii3
566 1883 627 1926 nec
654 1863 847 1946 proceditur
873 1885 934 1948 per
962 1868 1070 1948 apices
1093 1867 1191 1950 juris,
1215 1866 1269 1974 sed
1286 1866 1338 1929 sine

247 2003 262 2038 a
279 1979 351 2056 illis,
371 1979 438 2044 sola
452 1978 530 2043 facti
544 1980 683 2044 veritate
698 1982 856 2063 inspecta.

291 2121 304 2152 a
325 2095 446 2159 Ultima
468 2113 545 2161 vero
562 2097 764 2160 contumacia
779 2091 956 2162 incusanda
970 2105 1019 2161 cst
1034 2103 1106 2180 post
1124 2097 1248 2181 lapsum
1259 2099 1337 2160 trium

247 2237 261 2273 a
279 2213 405 2278 dierum
423 2233 440 2276 a
457 2212 509 2276 die
522 2214 632 2294 primae
648 2214 855 2276 contumacia
871 2222 1040 2290 accusatae,
1058 2215 1084 2278 si
1095 2234 1171 2278 reus
1185 2221 1338 2279 conventus

249 2356 263 2389 a
283 2349 425 2413 praesens
435 2330 537 2393 fuerit
555 2329 587 2392 in
598 2329 670 2393 loco
686 2327 850 2411 judicii.Si
862 2331 948 2394 enim
961 2337 1045 2395 esset
1055 2338 1150 2395 extra
1160 2330 1336 2394 territorium

246 2447 406 2531 «judicis,
430 2447 570 2510 incusari
587 2445 688 2510 debet
707 2445 792 2509 infra
817 2445 899 2510 duos
921 2465 1048 2510 menses
1069 2448 1120 2510 :si
1140 2448 1174 2510 in
1195 2443 1336 2511 territorio

249 2590 263 2623 a
284 2574 318 2630 et
337 2563 572 2648 jurisdictione,
598 2562 740 2629 sednon
764 2565 796 2626 in
810 2564 880 2628 loco
902 2563 1025 2646 judicii,
1054 2564 1138 2628 infra
1158 2581 1288 2628 mensem
1305 2557 1336 2622 ad

249 2707 264 2741 a
283 2679 477 2748 electionem
492 2682 627 2761 actoris;
647 2681 702 2763 qui
720 2678 914 2743 numerandi
927 2687 1002 2743 sunt
1017 2700 1034 2743 a
1052 2679 1105 2744 die
1122 2681 1229 2765 primae
1246 2681 1336 2741 contu-

250 2824 264 2858 «
283 2800 401 2863 maciac.

295 2941 307 2969 a
326 2913 357 2977 Si
373 2932 449 2977 vero
463 2914 496 2975 in
509 2913 620 2975 ultima
635 2911 837 2976 contumacia
849 2928 925 2974 rcus
939 2918 1119 2974 conventus
1131 2907 1329 2993 comparuerit,

250 3051 264 3085 a
286 3027 336 3092 vel
357 3025 427 3110 ejus
452 3033 655 3108 procurator,
673 3032 729 3087 aut
750 3024 831 3087 alius
850 3043 907 3086 suo
923 3025 1062 3100 nomine,
1087 3023 1229 3106 legitime
1246 3029 1330 3086 tamen

250 3169 264 3204 «
284 3163 358 3208 cum
370 3141 440 3225 ejus
450 3140 613 3216 mandato,
630 3137 941 3219 admittenduserit3
960 3147 993 3204 et
1007 3159 1081 3203 cum
1093 3141 1149 3205 illo
1165 3137 1331 3224 procedetur

250 3283 265 3317 u
284 3258 326 3323 ad
341 3259 509 3323 ulteriora.
529 3257 570 3320 At
584 3257 717 3320 sinemo
730 3257 958 3338 comparuerit,
973 3255 1235 3321 condemnandus
1245 3255 1295 3318 crit
1305 3252 1328 3311 in

251 3399 265 3436 a
285 3375 496 3438 contumacia.
522 3371 753 3457 »lPellegrini
776 3372 847 3437 loco
863 3369 931 3454 cit.)

292 3493 347 3555 lv.
374 3495 418 3554 De
431 3496 515 3570 copta
530 3491 635 3550 libelli.
662 3525 705 3534 -
723 3511 737 3542 a
757 3485 849 3566 Quod
872 3488 898 3550 si
918 3506 994 3550 reus
1010 3496 1200 3565 conventus,
1221 3491 1282 3569 post
1299 3481 1333 3544 ci-

252 3633 267 3667 «
285 3609 448 3682 tationem,
465 3625 523 3669 seu
541 3603 775 3669 intimationem
788 3603 890 3666 libelli
901 3605 968 3666 sive
982 3604 1150 3684 petitionis
1166 3603 1272 3668 actoris
1286 3594 1332 3661 sibi

252 3749 266 3780 u
283 3721 422 3806 juridice
437 3721 567 3796 factam,
586 3720 804 3800 comparuerit
823 3720 855 3781 in
874 3719 974 3794 curia,
989 3717 1112 3783 babere
1128 3715 1331 3798 debetcopiam

197 3819 201 3824 ⁵
252 3861 266 3896 a
285 3837 396 3913 libelli,
415 3845 452 3901 nt
460 3815 647 3899 'deliberare
663 3835 762 3916 possit
775 3854 816 3897 an
827 3833 947 3898 cedere
963 3834 1015 3897 vel
1038 3835 1234 3900 contendere
1245 3830 1332 3895 volue-

253 3975 267 4013 a
286 3954 372 4018 rit.»
394 3951 589 4039 (Pellegrini,
608 3951 679 4015 loco
690 3948 761 4032 cit.)

293 4071 333 4133 V.
362 4073 404 4133 De
428 4071 648 4150 exceptionibus
670 4071 875 4130 declinatoriis
895 4075 924 4130 et
947 4071 1113 4132 dilatoriis.
1141 4105 1183 4114 -
1208 4057 1331 4128 «lida

253 4212 267 4245 a
285 4196 394 4250 autem
405 4190 553 4266 tempore
576 4183 715 4266 allegare
733 4185 853 4265 poterit
869 4201 945 4262 reus
968 4201 1025 4246 sua
1042 4181 1127 4265 jura,
1146 4189 1179 4247 et
1195 4189 1330 4263 opponere

253 4329 267 4364 u
289 4303 496 4384 exceptiones
519 4318 598 4383 quas
617 4299 738 4364 babere
760 4298 954 4381 praetendet,
980 4305 1055 4362 anie
1073 4306 1182 4365 tamen
1198 4297 1256 4361 litis
1273 4307 1331 4354 con·

253 4445 268 4484 «
289 4420 504 4484 testationem.
520 4419 611 4481 Inter
623 4435 703 4503 quas
718 4418 856 4500 primum
872 4415 978 4479 locum
993 4415 1152 4492 obtinent,
1166 4433 1230 4500 qna
1246 4423 1330 4493 perso
