2914 5122
244 330 305 392 100
580 314 778 394 ‘rusorsrus
795 341 839 410 nn
861 339 1009 388 Jttntctts.

128 460 131 466 ’
238 471 303 553 gati
316 465 517 551 respondent
531 466 672 533 existere
686 471 799 532 contro
811 466 912 530 talem
930 481 1102 548 personam
1114 459 1232 525 iudicia
1244 457 1298 524 vel
1309 455 1356 522 ia·

238 605 334 666 mam,
356 583 520 650 ueletiam
536 583 666 670 quando
689 585 857 650 nominant
877 581 1041 650 occultum
1063 579 1174 646 delicti
1188 583 1355 642 auctorem

242 701 343 788 (quod
357 709 466 766 tamen
481 701 676 794 regulariter
697 701 806 766 facere
830 718 896 764 nou
916 693 1101 781 deberent),
1121 700 1230 779 potest
1254 690 1357 777 judex
1387 707 1389 710 ·

241 825 353 882 contra
373 817 419 882 sic
439 815 642 901 designatum
657 816 833 900 specialem
847 814 1087 899 inquisitionem
1105 810 1289 876 instituere.
1307 808 1357 872 lta

241 952 315 997 cum
353 932 513 998 communi
553 931 726 998 doctorum
759 931 920 998 sententia
947 927 1158 1038 Reiffeustuel
1180 926 1224 1012 (in
1242 925 1296 990 tit.
1325 927 1353 1001 l,

238 1049 295 1116 lib.
315 1052 333 1114 5
348 1047 491 1128 decret,
506 1069 540 1114 n.
560 1051 648 1131 166.)

759 1289 774 1360 5
796 1283 835 1344 v.

472 1522 632 1586 inquisitionis
644 1521 762 1584 specialis,
777 1534 819 1570 seu
833 1521 913 1570 stricte
927 1527 1035 1582 sumpta,
1049 1533 1141 1568 norme.
1226 1533 1229 1540 ’

227 1801 228 1804 “
283 1777 330 1840 An
345 1780 379 1840 et
393 1773 496 1858 qualis
515 1771 772 1856 praereqniratur
790 1766 832 1833 ad
849 1764 1090 1851 inquisitionem
1114 1761 1288 1845 specialem
1311 1761 1359 1824 in·

245 1889 443 1956 stituendam
461 1888 601 1964 infamia,
620 1905 718 1970 supra
735 1886 762 1972 (s
779 1881 811 1969 2)
829 1881 1011 1966 expositum
1023 1879 1097 1944 fuit.
1109 1878 1292 1944 Remanent
1306 1874 1359 1940 hic

240 2001 457 2068 describenda
478 2006 595 2066 cratera
618 2001 737 2084 capita,
758 2017 828 2083 quae
855 1995 897 2061 ad
915 2003 1006 2061 recte
1031 1992 1278 2078 procedendum
1296 2009 1360 2074 per

239 2117 386 2202 specialis
399 2117 611 2201 inquisitionis
625 2116 710 2181 viam
725 2115 808 2179 scitu
823 2111 1005 2178 necessaria
1019 2118 1105 2175 sunt.
1124 2110 1288 2191 specialem
1303 2127 1361 2172 au-

240 2243 308 2299 tem
325 2240 547 2316 inquisitionem
565 2233 616 2296 hio
633 2230 852 2316 intelligimus
869 2235 1027 2294 tumeam
1050 2245 1120 2312 qum
1140 2245 1182 2290 ex
1197 2243 1290 2290 mero
1308 2222 1361 2288 oi·

240 2350 327 2429 ficio,
346 2358 504 2415 tumeam
518 2367 588 2433 quae
606 2346 648 2412 ad
664 2345 902 2412 denuntiatoris
917 2342 1053 2428 alicujus
1071 2340 1255 2406 instantium
1274 2359 1292 2404 a
1305 2339 1361 2424 ju·

240 2467 314 2532 dice
328 2468 519 2534 instituitur.

785 2681 812 2744 Ι.

342 2905 383 2962 An
394 2911 417 2955 ct
431 2905 560 2968 quomodo
573 2910 634 2954 ants
649 2906 740 2956 omnia
753 2908 872 2954 constare
886 2900 976 2953 dcbcut
988 2903 1020 2952 dc
1035 2914 1145 2964 corpore
1156 2901 1252 2951 delicti.

285 3145 414 3211 Dicitur
428 3150 574 3210 constare
587 3146 624 3208 dc
639 3163 760 3226 corpore
770 3147 885 3224 delicti,
900 3142 1029 3229 quando
1044 3151 1170 3212 constet
1184 3142 1356 3220 delictum,

233 3279 302 3345 ¹pro
320 3279 385 3345 quo
403 3263 477 3344 quis
491 3260 525 3324 in
542 3257 699 3345 judicium
719 3259 907 3340 adducitur,
924 3279 1041 3326 revera
1060 3265 1224 3343 patratum
1245 3260 1287 3326 ab
1301 3259 1361 3326 ali-

170 3453 172 3458 ,
242 3395 307 3461 quo
322 3375 432 3442 fuisse.

286 3492 450 3558 Delictum
468 3497 578 3557 autem
594 3499 661 3570 est,
679 3492 734 3558 vel
756 3496 831 3574 sacti
850 3499 1068 3576 permancatis,
1085 3492 1122 3559 id
1139 3502 1205 3574 est,
1223 3493 1361 3580 vestigia

145 3610 147 3617 '
228 3617 315 3695 ‚post
329 3627 363 3674 se
377 3608 584 3693 relinquens;
602 3609 656 3674 vel
667 3612 742 3690 sectr·
756 3617 950 3689 transeuntis,
965 3610 1000 3676 id
1013 3618 1074 3688 est,
1089 3610 1218 3676 nullum
1233 3618 1308 3694 post
1323 3630 1359 3683 se

232 3725 402 3804 'indicium
424 3724 620 3808 relinquens.
643 3723 867 3791 Homicidium
880 3733 915 3792 et
938 3725 1124 3794 incendium
1147 3734 1224 3794 sunt
1237 3725 1362 3794 delicta

232 3819 323 3906 'lacti
338 3841 575 3924 permanentis3
591 3840 665 3924 quin
682 3841 721 3906 iis
734 3841 869 3923 patratis
888 3851 1059 3908 remanent
1077 3841 1219 3909 cadaver
1238 3851 1273 3910 et
1293 3843 1362 3908 usti

240 3953 367 4024 aedilicii
388 3959 488 4033 rusinae
509 3962 544 4021 et
559 3957 694 4024 cineres.
712 3958 914 4043 Blasphemio
939 3965 1060 4038 autem,
1075 3959 1248 4026 fornicatio
1262 3965 1298 4024 et
1317 3959 1360 4024 si-

240 4074 336 4150 milia,
352 4078 428 4137 sunt
439 4071 516 4136 lacti
529 4073 738 4158 transeuntis;
750 4075 824 4159 quia
838 4081 911 4159 post
926 4078 1154 4160 patrationem,
1173 4076 1263 4144 nullo
1281 4093 1355 4162 qum

240 4209 312 4258 eum
327 4194 490 4254 testentur
499 4188 637 4272 uestigio
647 4199 834 4273 supersunt.
851 4194 924 4274 Quo
935 4202 1116 4276 prenotato
1134 4195 1176 4260 sit

281 4311 440 4385 Assumo
459 4307 500 4369 t·.
516 4342 562 4354 -
579 4311 613 4371 st
630 4310 772 4372 delictum
790 4317 831 4376 sit
842 4313 917 4390 (acti
930 4319 1146 4393 permancatis,
1163 4315 1360 4394 dcbcljudcc:

236 4432 305 4492 autc
317 4424 412 4501 ulium
422 4428 655 4504 inquisitionem,
671 4443 725 4506 per
734 4442 775 4502 sc,
795 4429 842 4488 cel
852 4446 907 4507 par
920 4434 1084 4504 notarium,
1100 4435 1154 4490 ant
1167 4429 1353 4508 deteratur,
