2838 5114
234 344 296 406 434
579 357 765 406 rotmarus
791 357 833 404 44
859 355 1010 404 runicus.

235 507 252 547 a
268 483 364 550 scribi
378 489 530 567 nequeat,
557 479 711 567 quamdiu
725 499 819 548 causa
833 466 1005 546 accusandi
1020 475 1130 543 durat.
1147 479 1330 559 Emiptturd

236 624 252 663 a
273 600 394 666 mortui
406 597 471 683 jam
483 599 547 662 sint
563 596 727 682 conjuges,
748 604 782 662 et
797 605 870 681 post
882 599 924 660 30
940 594 1051 659 44140
1067 612 1167 659 annos
1179 598 1335 657 moveatur

234 739 252 781 u
269 717 308 780 lis
319 715 392 779 filiis
405 732 504 797 super
514 709 730 796 legitimitate,
740 711 831 798 quod
841 711 1080 777 matrimonium
1091 709 1218 774 nullum
1227 708 1332 772 luerit:

233 854 251 896 4
271 849 346 896 444
362 829 423 893 hoc
439 847 527 907 casu,
544 847 618 893 aum
634 835 740 894 cesset
758 827 941 911 periculum
956 825 1095 910 peccati,
1113 823 1262 908 ob'quod
1273 841 1336 906 per·

232 967 250 1008 <c
272 952 370 1028 petua
389 951 439 1008 cst
454 944 537 1008 actio
554 951 666 1009 contra
689 943 942 1033 matrimonium,
958 942 1037 1006 nihil
1056 941 1164 1007 obstat
1182 940 1335 1025 quominus

231 1084 249 1125 u
269 1059 436 1144 dispositio
449 1059 530 1144 juris
549 1060 728 1126 communis
744 1061 853 1126 locum
872 1060 1002 1137 habeat,
1023 1057 1117 1142 juxta
1139 1055 1230 1141 qnod
1249 1056 1335 1120 actio

231 1201 249 1242 u
269 1197 327 1243 nes
342 1177 453 1244 civiles
471 1196 684 1264 quecumque
707 1185 781 1262 post
796 1182 839 1244 30
861 1177 915 1244 vel
934 1178 977 1242 40
996 1189 1107 1255 annos,
1126 1176 1336 1240 accusationes

231 1319 249 1356 a
269 1301 378 1359 autem
388 1295 555 1359 criminum
568 1298 610 1359 20
621 1313 779 1360 annorum
790 1295 893 1378 spatio
906 1290 1337 1379 extinguuntur.»(Scbmalz·

229 1411 384 1495 grueber,
398 1411 432 1475 in
445 1411 497 1474 tit.
522 1415 573 1492 18,
591 1411 666 1478 libri
684 1413 703 1476 4
723 1411 829 1487 (1444,
847 1431 880 1475 4.
897 1413 938 1476 26
955 1417 989 1476 et
1005 1407 1074 1494 27.)

721 1668 736 1740 5
747 1655 808 1727 111.

228 1890 262 1936 Do
285 1899 367 1936 norma
385 1883 528 1950 procedendi
550 1898 564 1932 a
587 1881 710 1932 Benedicto
727 1883 782 1932 xtv
808 1889 894 1932 statuta
917 1885 940 1932 in
956 1883 1033 1932 444414
1054 1881 1170 1931 4411144144
1197 1881 1334 1930 matrimonii.

272 2113 416 2179 Celebris
430 2120 479 2178 est
495 2110 683 2178 constitutio
696 2107 865 2177 Benedicti
886 2113 969 2190 XIV,
994 2131 1064 2197 quae
1084 2113 1199 2199 incipit
1219 2119 1335 2179 144444-

228 2236 385 2307 seratione,
406 2227 471 2293 diei
493 2231 511 2292 3
530 2226 716 2292 novembris
739 2229 816 2292 1741
845 2227 888 2313 (in
906 2227 1045 2294 bullario
1068 2226 1149 2296 dicti
1167 2230 1331 2307 Pontificio,

228 2355 314 2413 tomo
336 2349 365 2425 l,
387 2367 419 2410 4.
439 2343 503 2430 33),
522 2349 637 2426 utpote
653 2363 717 2428 qna
736 2362 907 2409 commune
923 2343 976 2430 jus
992 2350 1089 2411 antea
1105 2347 1220 2429 vigens
1239 2341 1335 2432 quoad

226 2460 360 2529 modum
388 2458 589 2545 procedendi
613 2461 646 2524 in
678 2462 781 2525 causis
810 2461 1099 2527 matrimonialibus
1124 2463 1337 2547 multipliciter

224 2580 430 2645 immutatum
449 2585 509 2642 est.
528 2575 734 2660 Exponendae
756 2563 854 2661 igitur
878 2577 948 2662 ejus
969 2577 1210 2661 dispositiones,
1228 2588 1261 2645 et
1283 2578 1337 2642 sol-

226 2693 334 2760 venda
349 2691 501 2772 nonnulla
519 2689 629 2769 dubia,
647 2710 718 2775 quar
736 2691 777 2756 de
794 2689 954 2776 ejusmodi
968 2711 1054 2757 novo
1064 2691 1139 2776 jure
1152 2703 1244 2761 recte
1255 2692 1337 2758 intel-

226 2807 358 2894 ligendo
374 2814 516 2873 mentem
532 2806 642 2872 subire
660 2813 806 2890 possunt.

270 2926 433 2989 Pomorum
447 2923 473 2987 I.
492 2958 536 2969 —
551 2925 595 2984 De
610 2925 814 2986 constituendo
828 2929 862 2986 in
872 2943 1049 3006 unaquoque
1060 2928 1181 2988 4444444·
1195 2931 1336 2990 matrimo-

224 3047 270 3105 444·
284 3042 446 3121 defensore.
461 3035 566 3102 —De
581 3034 809 3103 constituendo
823 3037 1010 3123 hujusmodi
1022 3039 1200 3106 defensore
1211 3060 1335 3126 sequen·

225 3157 269 3221 tia
287 3153 483 3239 prescripsit
506 3151 703 3218 Benedictus
717 3155 791 3220 XIV
810 3175 816 3218 :
847 3155 878 3218 l⁰
894 3162 930 3219 ut
954 3155 1093 3240 quilibet
1108 3154 1335 3223 Ordinariusiu

226 3289 284 3335 sua
295 3269 427 3334 dioecesi
443 3269 583 3353 aliquem
600 3265 750 3350 deputet,
762 3269 817 3353 qui
832 3289 873 3334 ex
888 3269 990 3334 officio
1011 3271 1044 3335 in
1060 3273 1165 3338 causis
1184 3275 1334 3338 matrimo.

224 3386 361 3452 nialibus
371 3384 567 3450 matrimonii
576 3385 722 3451 valorem
735 3382 905 3471 defendam
919 3390 952 3450 2⁰
968 3392 1004 3450 ut
1017 3388 1045 3452 is
1055 3396 1197 3454 vocetur
1209 3393 1334 3472 defensor

224 3507 426 3580 4444444444·
437 3504 471 3565 30
483 3507 520 3563 ut
532 3498 632 3576 idem,
651 3499 763 3564 4414444
779 3503 890 3583 possit,
910 3501 1048 3566 clericus
1062 3501 1114 3580 sit,
1133 3510 1168 3568 et
1187 3510 1259 3569 tum
1272 3503 1333 3566 vita

224 3617 399 3702 probitate,
416 3623 487 3680 tum
503 3613 585 3698 juris
601 3615 734 3679 scientia
749 3614 905 3702 idoneus;
923 3617 957 3681 40
974 3624 1011 3682 ut
1024 3615 1112 3701 justa
1128 3617 1171 3683 de
1189 3637 1283 3683 causa
1298 3613 1333 3679 ab

224 3731 397 3800 Ordinario
423 3731 570 3796 revocari
585 3730 705 3814 possit;
727 3733 759 3794 5⁰
775 3739 812 3795 ut
836 3751 875 3799 eo
896 3731 1070 3798 deficiente
1088 3733 1144 3798 vel
1170 3731 1330 3817 impedito,

225 3849 305 3915 dum
329 3849 435 3934 aliqua
463 3847 704 3912 matrimonialis
723 3867 819 3913 causa
834 3831 1021 3914 ventilanda
1047 3851 1204 3931 occurrit,
1231 3847 1333 3934 aliquis

224 3966 304 4031 alius
316 3963 461 4048 similiter
476 3961 612 4030 idoneus
627 3962 734 4048 quoad
750 3963 833 4028 hano
846 3984 974 4041 causam
986 3964 1180 4050 deputetur.
1201 3967 1248 4031 En
1262 3959 1333 4029 dicti

224 4075 387 4147 Pontificis
402 4076 444 4142 de
463 4077 568 4144 baare
585 4078 689 4144 verba
706 4100 712 4144 :
730 4101 747 4141 u
768 4081 858 4144 Motu
870 4081 1015 4164 proprio,
1037 4089 1127 4147 certa
1139 4081 1283 4158 scientia,
1301 4093 1332 4141 ((4

228 4221 244 4259 «
264 4203 391 4262 matura
407 4193 644 4260 deliberatione
670 4197 805 4275 nostris,
832 4196 939 4283 deque
959 4197 1148 4282 Apostolioae
1172 4193 1332 4283 potestatis

225 4333 242 4372 u
263 4307 477 4394 plenitudine,
506 4308 565 4374 bac
589 4315 700 4376 nostra
726 4312 759 4376 in
779 4317 978 4396 perpetuum
1009 4314 1147 4380 valitura
1177 4311 1331 4380 sanctione

223 4449 240 4488 a
260 4425 493 4502 constituimus,
514 4423 719 4492 decernimus
733 4448 770 4492 ac
781 4428 944 4511 jubemus,
962 4438 998 4495 ut
1013 4429 1054 4494 ab
1071 4430 1219 4495 omnibus
1231 4435 1264 4493 et
1280 4425 1331 4490 sin·
