2838 5114
541 321 620 370 raas
642 320 800 370 sueonos.
1163 305 1221 374 lit

113 471 131 512 a
148 447 285 526 liabent,
302 455 337 514 et
352 454 592 532 consequenter
604 466 711 533 neque
737 445 908 531 pecuniam
923 463 966 512 ex
982 445 1113 514 mulctis
1132 445 1230 514 code·

116 593 129 620 α
152 571 252 642 ctam,
274 564 422 630 volumus
435 582 474 628 ac
488 563 689 640 mandamus,
710 571 747 628 ut
765 561 931 628 defensori
946 561 1145 627 matrimonii
1159 562 1237 628 satis

115 704 132 744 a
151 679 213 746 fiat
229 699 270 744 ex
284 679 423 762 pecunia
441 679 637 746 muletarum
652 679 739 744 iilius
755 677 917 762 Episcopi,
934 678 968 742 in
991 674 1085 762 cujus
1105 676 1239 744 dimoesi

108 819 132 858 u
148 795 255 880 judex
271 795 520 873 commissarius,
535 794 628 879 juxta
644 793 736 860 Sedis
751 793 939 877 Apostolica
964 790 1164 870 mandatum,
1186 790 1239 876 ju·

116 939 129 970 a
154 911 279 978 dicium
289 911 468 977 exercebit.
491 932 507 970 n
530 909 649 996 (512.)

159 1029 325 1094 Pariorum
340 1028 428 1092 Vlll.
444 1063 490 1076 —
502 1030 686 1108 Quibusnam
700 1034 733 1091 in
745 1033 843 1092 causis
855 1028 1128 1092 matrimonialibus
1143 1029 1241 1092 obser·

112 1144 224 1206 oancloe
240 1145 303 1204 sim
320 1143 522 1204 Bermdictinra
540 1145 762 1204 imitationis
780 1143 988 1222 dispositioncs
1003 1143 1018 1202 l
1033 1175 1077 1186 -
1104 1137 1238 1204 Certum

112 1265 164 1323 est
180 1258 411 1324 constitutione
428 1255 487 1322 hac
505 1273 569 1322 non
586 1257 700 1340 attingi
713 1257 773 1322 uisi
792 1274 903 1322 causas
924 1255 995 1322 illas
1017 1254 1237 1321 matrimonia·

112 1374 173 1449 las,
192 1373 226 1437 in
238 1372 356 1457 quibus
375 1371 542 1438 devolare
560 1372 614 1438 vel
635 1373 785 1438 nullitate
811 1371 971 1439 contracti
989 1369 1184 1441 matrimonii
1199 1369 1238 1436 lis

113 1489 308 1554 instituitur.
325 1488 458 1554 Constat
469 1487 557 1554 hisce
574 1487 717 1570 praelatae
734 1487 972 1552 constitutionis
993 1486 1101 1553 verbis
1123 1506 1130 1550 :
1147 1508 1164 1545 a
1188 1482 1238 1553 Ad

116 1627 132 1664 a
150 1603 292 1670 officium
303 1604 485 1671 defensoris
500 1604 660 1687 spectabit
672 1606 705 1669 in
715 1602 872 1688 judicium
885 1604 1008 1681 venire,
1023 1603 1240 1687 quotiescum·

114 1745 130 1782 «
151 1740 216 1808 que
230 1723 403 1805 contigerit
417 1722 670 1788 matrimoniales
685 1739 797 1786 causas
811 1739 911 1804 super
922 1718 1091 1786 validitate
1102 1719 1156 1786 vel
1166 1718 1236 1786 nul·

114 1835 244 1900 «litate
262 1853 370 1900 coram
388 1833 532 1917 legitimo
554 1832 663 1918 judice
691 1832 879 1917 disceptari.
906 1833 941 1920 (5
966 1832 1013 1916 6.)
1032 1833 1110 1898 Cum
1136 1832 1236 1916 igitur

113 1975 130 2012 a
149 1952 373 2016 controversia
389 1952 496 2036 aliqua
516 1958 730 2035 proponetur,
749 1953 782 2014 in
803 1969 867 2036 qua
886 1950 927 2017 de
946 1949 1144 2018 matrimonii
1157 1949 1236 2016 vali·

114 2065 270 2143 uditate,
295 2075 359 2132 etc.
380 2092 394 2126 v
414 2067 452 2152 (t
469 2064 521 2150 8.)
540 2065 645 2152 Atque
660 2065 748 2132 idem
770 2066 940 2135 confirmat
965 2065 1126 2150 generalis
1139 2063 1235 2150 hujus

1 2174 2 2179 ’
110 2182 212 2248 bullae
229 2189 418 2260 contextus,
437 2190 474 2246 ut
490 2183 696 2264 pervolventi
711 2181 807 2248 facile
827 2182 964 2266 patebit.

157 2299 241 2364 Hinc
259 2314 362 2364 causa
380 2297 422 2365 de
439 2299 653 2382 sponsalibus,
667 2297 708 2366 de
723 2297 865 2366 divortio
880 2297 989 2384 quoad
1001 2305 1110 2366 torum
1125 2307 1159 2364 et
1176 2299 1231 2364 ha-

1 2408 3 2411 ’
109 2415 315 2491 bitationem,
335 2422 368 2480 et
384 2423 509 2480 catera
522 2434 644 2492 omnes,
658 2433 729 2500 quae
749 2417 837 2480 circa
851 2414 1094 2482 matrimonialis
1112 2414 1235 2482 vinculi

1 2517 2 2533 ³
108 2531 297 2598 uirilitatem
316 2537 373 2598 aut
395 2532 541 2599 valorem
563 2552 628 2598 non
657 2540 848 2610 vertuntur,¹
871 2532 964 2618 juxta
986 2549 1133 2598 normam
1151 2530 1235 2615 juris

107 2647 302 2724 communis,
319 2653 394 2712 ante
415 2646 629 2713 Benedictum
653 2648 724 2714 XIV
752 2647 900 2730 vigentis
925 2644 1103 2712 hodiedum
1129 2663 1231 2728 expe·

115 2761 248 2828 diendae
267 2770 353 2828 sunt.

155 2879 320 2944 Pnacium
348 2879 404 2944 IX.
424 2913 469 2924 -—
498 2881 543 2944 Aa
569 2881 767 2944 Benediciina
788 2883 962 2943 corastitntio
986 2881 1171 2956 observanda
1192 2885 1234 2942 sit

107 2999 206 3060 aliana
218 2997 252 3056 in
265 3013 346 3070 casu,
364 3013 421 3074 quaa
429 2999 617 3058 matrimonii
624 2997 752 3059 anilitas
764 2997 885 3060 evidens
898 3015 949 3058 san
964 2999 1082 3058 notoria
1095 2998 1232 3060 existat?

107 3147 155 3160 --
170 3109 301 3176 Maximi
318 3111 475 3177 momenti
497 3110 605 3195 quoad
628 3112 752 3193 praxim
767 3118 817 3178 est
834 3109 1000 3194 proposita
1028 3109 1174 3194 questio,
1194 3129 1233 3194 aa

1 3313 2 3316 Ἴ
106 3223 250 3310 proinde
261 3222 375 3292 sedulo
389 3225 617 3308 expendenda.
627 3226 840 3310 Negarienim
851 3225 964 3310 nequit
981 3225 1082 3290 multa
1092 3225 1171 3292 oriri
1187 3226 1234 3290 in·

107 3339 291 3416 commoda,
304 3341 330 3405 si
343 3339 538 3406 adamussim
554 3344 680 3408 servari
690 3341 844 3422 debeant,
858 3342 892 3407 in
906 3361 983 3408 casu
995 3348 1120 3408 notoria
1135 3345 1230 3406 natti-

1 3461 2 3464 ’
107 3463 195 3535 tatis,
213 3454 432 3524 Benedictinae
452 3459 691 3524 constitutionis
714 3459 985 3540 praescriptiones.
1004 3459 1083 3540 Qua
1108 3457 1231 3524 incom-

108 3571 208 3638 moda
235 3573 280 3638 sic
304 3572 495 3638 recensebat
517 3574 704 3645 Sonoremis
734 3575 778 3660 (in
799 3574 946 3640 America
966 3571 1227 3657 septentrionali)

105 3689 297 3773 Episcopus,
324 3689 358 3754 iu
373 3707 431 3754 sua
456 3689 638 3758 visitatione
663 3710 829 3757 sacrorum
843 3691 990 3756 liminum
1011 3690 1055 3776 (in
1081 3691 1231 3754 Tbesaaro

104 3808 332 3884 resolutionem,
351 3809 392 3878 26
413 3808 542 3890 augusti
560 3804 656 3890 lala)
677 3829 685 3873 :
710 3831 725 3866 «
744 3807 1158 3874 In'hullaDcimiseraiimn
1172 3808 1232 3874 Be·
1360 3843 1364 3851 ·

107 3945 123 3982 a
141 3919 267 3986 nedicti
282 3922 368 3999 XIV,
388 3922 614 4006 praescribitur
629 3922 733 3988 forma
751 3941 824 4009 qua
839 3923 962 3988 servari
977 3921 1079 3988 debet
1101 3923 1134 3986 in
1147 3919 1232 4007 judi·

81 4035 83 4040 ’
107 4061 123 4098 a
140 4039 198 4120 ciis
216 4037 258 4104 de
273 4041 467 4106 matrimonii
486 4041 656 4108 nullitate:
675 4051 709 4108 et
724 4042 900 4108 licetnulla
911 4042 952 4109 sit
969 4040 1142 4106 difficultas
1155 4061 1229 4111 cum

80 4145 94 4166 ⁸
108 4179 124 4216 a
147 4153 190 4220 de
206 4156 334 4220 casibus
348 4156 455 4222 dubiis
477 4159 596 4240 agiturr
614 4177 679 4224 non
697 4160 829 4224 minima
856 4165 932 4224 sunt
955 4177 1026 4244 quae
1051 4167 1231 4225 occurrunt

107 4295 123 4330 a
141 4270 307 4338 obstacula
321 4273 354 4336 in
370 4272 507 4352 casibus,
527 4275 560 4339 iu
581 4273 699 4358 quihus
714 4282 829 4357 aperta
849 4282 883 4340 et
901 4275 1029 4340 notoria
1053 4273 1096 4338 sit
1121 4275 1231 4339 matri-

108 4377 242 4454 rmorrii
265 4389 404 4458 nullitas.
429 4392 575 4482 Exempli
608 4392 723 4478 gratia,
749 4394 786 4458 N.
813 4392 980 4474 religiosas
1008 4389 1174 4477 professus
1193 4398 1227 4462 et
