2836 5118
462 387 541 436 raus
563 387 721 436 snouunl.
1088 371 1153 436 349

63 518 111 600 ipsi
127 522 236 599 presto
259 522 346 580 esset
368 517 547 597 protentus
571 532 606 578 se
634 512 676 578 de
705 518 834 596 patrato
852 510 973 577 delicto
994 513 1155 595 privatam

62 633 208 698 scientiam
227 639 260 697 et
278 631 513 696 convictionem
531 629 665 698 hahere.
683 631 723 694 Et
740 629 824 695 siout
843 649 884 694 ex
903 629 1035 708 malitia,
1053 630 1155 694 itaer

61 768 157 817 errore
170 747 285 834 judicis
300 746 460 833 ejusmodi
481 745 646 831 injustitie
662 746 810 812 accidere
830 753 973 830 possent,
991 746 1069 830 quin
1089 743 1156 812 ullo

61 865 198 931 tutamine
209 865 393 930 innocentia
406 868 636 948 protegeretur
653 885 660 928 τ
680 883 754 928 nam
768 862 912 930 tribunal
924 860 967 927 ad
980 861 1069 948 quod
1079 881 1156 928 reus

60 987 238 1057 recurreret,
258 999 324 1044 non
341 986 451 1062 posset
468 979 641 1044 ueritatem
658 977 868 1062 discemere3
890 997 964 1042 cum
985 978 1038 1064 (ex
1052 977 1158 1062 hypo·

60 1093 138 1179 thesi)
153 1096 295 1160 rationes
313 1094 355 1159 ob
377 1111 458 1179 quas
477 1093 543 1158 lata
561 1093 624 1157 fuit
646 1094 825 1177 suspensio,
844 1101 927 1178 aptae
946 1112 1011 1159 nou
1025 1093 1089 1158 sint
1114 1091 1157 1157 ad

59 1209 299 1275 conducendum
312 1207 457 1294 judicem
468 1211 509 1272 od
522 1229 618 1290 quem,
636 1207 695 1274 sed
712 1210 855 1293 probent
866 1209 1036 1276 dumtaxat
1049 1205 1158 1293 quoad

57 1324 182 1410 judicem
203 1326 260 1411 qui
278 1326 472 1391 seutentiam
492 1324 590 1391 tulit:
608 1332 643 1389 et
658 1323 864 1390 nihilomiuus
881 1325 929 1412 (ut
950 1321 1155 1410 supponitur)

59 1443 303 1529 deberet'judex
327 1443 369 1509 ad
390 1461 486 1529 quem
502 1443 695 1520 recurritur,
721 1443 914 1508 senteutiam
929 1462 989 1527 pro
1002 1440 1088 1527 justa
1102 1439 1159 1507 ha-

59 1558 124 1626 bere
139 1568 172 1625 et
184 1579 258 1626 eam
272 1561 442 1625 sustinere.
465 1560 550 1642 Ergo
564 1558 647 1622 sicut
664 1559 696 1621 in
712 1557 843 1642 J'udiciis
867 1554 1047 1635 ordinariis,
1065 1557 1110 1622 ita
1125 1564 1159 1622 et

58 1694 84 1736 m
96 1676 260 1741 sententiis
274 1673 574 1759 extra-judicialiter
589 1672 735 1757 prolatis,
753 1671 818 1756 juri
840 1673 981 1738 naturali
997 1680 1160 1756 repugnat

58 1799 87 1855 ut
105 1790 202 1876 judex
226 1793 329 1875 possit
350 1810 445 1857 reum
471 1788 701 1868 condemnare,
725 1790 767 1855 oh
783 1791 925 1856 rationes
951 1809 1021 1874 quae
1053 1787 1159 1875 quoad

58 1907 147 1990 ipsum
165 1909 338 1974 dumtaxat
359 1907 510 1990 probant,
529 1915 563 1972 et
587 1926 659 1993 quae
687 1906 776 1990 apud
799 1906 916 1973 sedem
945 1907 1160 1990 Apostolicam

60 2024 206 2109 (adquam
221 2031 313 2109 patet
329 2021 491 2107 recursus)
510 2022 591 2088 nihil
605 2023 794 2106 probarent.

92 2139 262 2208 susurrum
273 2143 318 2204 2⁰.
334 2143 438 2204 -Ec
452 2143 577 2221 eoquod
590 2141 859 2221 amspenstontons
870 2142 1161 2223 estro-judicialiter
1250 2151 1253 2156 '

56 2260 181 2336 prolatis,
200 2255 316 2322 certum
344 2264 385 2320 sit
411 2259 482 2321 dori
504 2259 545 2320 od
567 2261 683 2338 Papum
709 2277 872 2323 recursum.
888 2293 932 2303 —
947 2257 1054 2323 Eccur
1075 2259 1161 2322 enim

58 2371 143 2442 datur
159 2393 326 2452 recursus,
348 2355 421 2440 nisi
433 2379 470 2437 ut
485 2371 686 2456 pontificium
704 2372 849 2438 tribunal
873 2373 1038 2458 expendat
1059 2373 1162 2458 justu-

57 2508 90 2554 ne
104 2509 141 2556 an
154 2491 276 2576 inJusta
291 2491 332 2554 sit
345 2489 516 2567 sententia,
537 2495 662 2567 etcum,
681 2507 742 2572 pro
756 2495 889 2571 reperta
903 2488 1026 2573 justitia
1040 2495 1097 2555 aut
1108 2489 1161 2554 in·

55 2602 177 2686 justitia,
195 2605 310 2670 firmet
321 2604 373 2669 vel
389 2602 573 2669 rescindat?
586 2602 651 2668 Sed
663 2600 826 2689 quomodo
842 2603 1092 2670 Eminentissimi
1107 2605 1162 2669 Sa-

57 2739 109 2785 crae
135 2721 400 2806 congregationis
424 2721 559 2796 Patres,
592 2719 783 2804 episcopalis
809 2719 976 2784 sententiae
1005 2717 1162 2803 justitiam

56 2834 234 2904 discernere
255 2843 423 2920 poterunt,
441 2837 469 2901 si
492 2835 701 2919 probationes
720 2835 761 2900 ab
779 2836 936 2920 Episcopo
950 2835 1158 2913 transmissae,

56 2953 233 3020 nullatenus
248 2953 299 3039 (ut
311 2950 515 3036 supponitur)
531 2950 638 3036 quoad
646 2951 735 3036 ipsos
747 2953 812 3016 vim
828 2949 989 3034 probandi
996 2951 1162 3017 habeant?

93 3071 169 3134 iiiuc
182 3071 218 3134 in
235 3069 333 3133 curiis
345 3066 591 3151 episcopalibus,
612 3074 787 3151 antequam
805 3065 848 3131 ad
865 3066 1106 3149 suspensionem
1122 3087 1163 3132 ex

56 3183 219 3251 informata
240 3183 436 3250 conscientia
459 3182 671 3262 deveniatur,
693 3181 875 3265 prudentiae
898 3183 960 3247 erit
979 3180 1093 3248 sedulo
1107 3202 1164 3248 ex·

56 3302 204 3382 pendere,
231 3321 295 3366 non
318 3305 444 3365 tantum
469 3320 509 3364 an
539 3305 664 3365 certum
680 3300 721 3363 sit
736 3297 909 3383 deliquisse
932 3296 1098 3377 clericum,
1120 3298 1163 3365 de

55 3433 112 3499 quo
127 3414 362 3501 suspendendo
387 3413 505 3498 agitur,
534 3413 593 3480 sed
615 3414 771 3496 imprimis
793 3433 834 3479 an
852 3412 958 3478 adsint
981 3415 1164 3482 testimonia

58 3533 172 3598 velalia
185 3532 394 3610 documenta,
411 3549 481 3615 quae
495 3533 532 3594 de
541 3537 652 3611 scapio
664 3536 727 3593 sint
737 3527 779 3595 ad
790 3527 1061 3608 constituendam,
1076 3529 1164 3614 apud

56 3646 176 3714 Sacram
187 3647 479 3732 congregationem
492 3644 635 3721 Consilii,
653 3643 867 3710 sufficientem
880 3643 991 3710 delicti
1002 3643 1166 3728 probatio-

56 3782 135 3830 nem.
150 3766 302 3850 Alioquin
319 3763 485 3846 suspensio
508 3759 690 3827 omittenda
709 3761 784 3839 erit,
807 3761 893 3846 quia,
913 3759 1001 3826 facto
1015 3779 1161 3839 recursu,

57 3880 86 3944 io
99 3882 194 3948 Sacra
211 3879 465 3964 congregatione
481 3877 616 3942 Consilii
631 3895 696 3941 non
713 3877 940 3943 sustineretur.
1023 3861 1026 3866 ’

95 4003 233 4083 Odjiotes.
259 3997 417 4081 Supponit
435 3993 633 4061 Benedictus
651 3994 724 4059 XIV
745 3992 794 4079 (dc
814 3997 889 4075 Spa.
908 3996 1009 4073 dioec,
1026 3992 1086 4058 lib.
1111 3997 1162 4072 12,

57 4133 83 4178 c.
101 4122 131 4194 8,
148 4137 182 4181 n.
202 4113 234 4198 6)
251 4133 344 4198 posse
361 4113 402 4177 ab
416 4112 575 4196 Episcopo
594 4108 749 4192 suspendi
764 4127 804 4173 ex
815 4107 990 4174 informata
1007 4108 1167 4174 eonscien-

57 4231 96 4296 tia
113 4232 260 4308 clericos
282 4235 418 4312 quamvis
433 4247 534 4291 eorum
547 4228 693 4290 delictum·
711 4245 771 4288 ooo
791 4231 888 4308 possit
907 4231 939 4288 io
959 4228 1026 4306 soro
1043 4233 1166 4288 externo

57 4351 260 4412 contueantur
286 4348 419 4428 potori.
448 4379 494 4394 -
517 4339 734 4425 Respondeo:
756 4342 860 4424 primo
887 4339 1018 4426 quidem
1046 4341 1169 4406 intuitu

60 4461 159 4530 uideri
173 4471 281 4549 posset
294 4462 505 4528 clarissimum
516 4457 709 4524 Pontificem
721 4457 753 4520 in
762 4455 824 4522 huc
839 4457 998 4524 sententia
1012 4456 1110 4523 fuisse
1119 4480 1126 4543 3
1136 4466 1170 4525 at
