2836 5118
254 284 317 346 348
599 299 786 348 anserinus
809 302 852 348 nn
874 301 1023 348 runicus

254 443 327 490 cum
350 424 384 490 id
405 444 447 490 ex
469 425 544 508 ipsis
568 423 650 509 juris
678 425 833 492 naturalis
860 425 1026 509 principiis
1051 425 1178 512 invicte¹
1200 433 1331 510 sequitu.

253 543 335 608 Nam
359 541 406 620 si,
429 539 602 606 deficiente
619 539 759 626 juridica
776 543 897 627 patrati
915 562 934 608 a
956 560 1014 607 reo
1032 541 1146 608 delicti
1164 541 1332 625 probatione,

250 655 351 742 judici
365 657 462 722 liceat
475 657 580 741 ipsum
597 655 831 736 condemnare,
849 676 938 724 suam
954 657 1121 742 propriam
1136 658 1337 723 convictionem

253 779 288 838 et
303 771 469 838 scientiam
494 771 675 855 allegando,
695 773 811 838 nullibi
829 773 863 837 in
888 771 1011 839 mundo
1033 774 1218 840 innocentia
1243 773 1338 838 intuto

254 889 328 954 erit.
339 889 465 955 Poterit
477 889 563 954 enim
572 889 709 973 quilibet
718 890 847 974 iniquus
853 887 968 974 judex,
982 889 1164 975 quemlibet
1173 889 1338 973 opprimere,

254 1004 316 1071 sub
330 1003 390 1069 hoc
406 1003 493 1070 facili
505 1012 680 1088 praetextu,
693 1004 791 1090 quod,
806 1005 885 1072 licet
900 1005 1054 1071 dedebat
1067 1005 1136 1070 aliae
1150 1004 1340 1089 probationes,

253 1120 322 1202 ipse
336 1126 446 1186 tamen
461 1138 554 1185 reum
567 1127 692 1185 sontem
707 1139 777 1186 esse
792 1121 882 1186 sciat.
900 1123 967 1186 Nec
983 1119 1110 1186 dicatur
1125 1119 1343 1203 praecavendan

256 1233 388 1320 quidem
404 1233 503 1300 tuisse
524 1234 607 1300 hanc
626 1235 758 1320 justitiae
778 1235 1023 1302 subversionem
1038 1236 1072 1300 in
1085 1234 1298 1302 tribunalibus
1309 1254 1344 1300 sa·

257 1350 432 1428 unionibus,
451 1350 484 1414 in
503 1351 730 1416 ecclesiasticis
752 1371 831 1417 vero
854 1372 919 1417 non
942 1350 1025 1418 adeo
1041 1370 1112 1416 esse
1138 1350 1344 1417 metuendam:

255 1473 379 1531 namet
400 1466 460 1549 ipsi
481 1465 691 1534 ecclesiastici
711 1466 854 1552 judices,
872 1473 986 1552 utpote
1003 1466 1172 1545 fallibiles,
1192 1468 1347 1550 possuntin

256 1588 477 1647 transversum
492 1584 562 1667 agi;
579 1585 779 1667 praesertim,
806 1603 897 1662 cum,
923 1591 961 1649 ut
974 1582 1040 1669 jam
1056 1582 1289 1662 adnotavimus,
1305 1602 1348 1648 non

256 1697 317 1782 ipsi
330 1715 390 1780 per
404 1698 525 1782 seipsos
539 1700 705 1784 Episcopi,
723 1699 783 1767 sed
798 1718 911 1767 eorum
925 1699 1053 1779 vicarii,
1072 1699 1254 1766 criminales
1265 1716 1350 1765 came

257 1813 412 1898 expedire
428 1817 564 1882 soleant.
583 1815 681 1898 Quod
694 1818 721 1882 si
732 1816 828 1902 justae
849 1837 979 1901 semper
994 1817 1133 1901 supponi
1148 1816 1288 1883 debeant
1299 1835 1351 1882 scn-

256 1930 366 1995 tentiae
381 1930 616 2010 ecclesiasticae,
636 1951 706 2011 cur,
725 1951 845 2018 quasa,
864 1933 966 1999 voluit
981 1933 1122 1999 Ecclesia
1137 1939 1251 2016 patere
1265 1932 1352 2017 appel-

256 2044 393 2112 lationes
411 2054 508 2132 atque
528 2050 701 2114 recursus?
724 2048 803 2129 Quis
821 2054 981 2132 praeterea
1007 2068 1073 2113 non
1096 2047 1202 2127 videt,
1224 2068 1294 2114 curn
1311 2047 1353 2112 hae

256 2160 325 2243 ipsa
349 2162 476 2245 private
494 2163 698 2230 convictione
724 2183 783 2228 seu
804 2164 950 2242 scientia,
973 2182 1078 2248 quaea
1101 2170 1212 2232 mente
1230 2163 1354 2250 Episcopi

258 2293 386 2342 omnem
406 2278 538 2363 expellit
561 2279 816 2358 dubitationem,
843 2298 937 2364 posse
961 2299 1036 2344 eum
1055 2278 1179 2363 decipi,
1200 2288 1234 2347 et
1251 2287 1355 2346 sontem

257 2400 411 2477 reputare
432 2415 507 2462 eum
522 2396 578 2481 qui
595 2415 713 2462 revera
737 2397 891 2462 innocens
906 2403 975 2460 est.
941 2396 981 2460 t‘i
1004 2397 1138 2462 Frustra
1154 2396 1237 2462 item
1259 2394 1356 2478 objice·
1402 2415 1403 2510 1

258 2517 310 2574 ret
311 2527 351 2574 ur
296 2512 449 2578 tmult
435 2518 469 2577 te
485 2520 520 2579 et
536 2521 607 2579 cert
609 2533 627 2577 a
594 2513 837 2579 tclericcrum
856 2512 977 2578 delicta
995 2513 1154 2596 impunita
1172 2529 1355 2584 remansura,
1402 2531 1404 2636 1

258 2626 318 2690 nisi
341 2629 441 2710 possit
465 2629 659 2713 Episcopus,
688 2627 844 2696 deficient
845 2629 917 2694 ibus
937 2631 1034 2694 etiam
1050 2627 1199 2714 juridicis
1216 2627 1358 2712 probatio

258 2744 365 2823 nibus,
389 2762 428 2810 ea
449 2763 628 2811 coercere:
650 2743 888 2827 respondemus
904 2745 1005 2822 enim,
1023 2743 1058 2809 id
1074 2764 1092 2811 a
1107 2744 1194 2811 bono
1218 2741 1358 2809 communi

260 2861 359 2945 exigi,
374 2869 412 2926 ut
424 2861 647 2928 nonnullat
590 2880 632 2945 po
633 2861 697 2926 tius
713 2868 820 2926 errata
832 2861 991 2945 impunita
1005 2868 1214 2938 remaneant,
1232 2876 1319 2945 quan
1330 2861 1358 2920 ut

260 2983 310 3043 tot
312 2976 562 3062 ajudiciorum
553 2998 587 3042 in
587 2979 723 3062 tegritas
739 2977 903 3062 periclitet
904 2994 954 3042 ur.

305 3092 340 3158 10
356 3094 447 3161 Idam
461 3113 560 3177 porro
575 3094 836 3162 concludendum
847 3093 955 3178 quoad
967 3101 1022 3159 ext
1024 3112 1072 3158 ra·
1060 3053 1252 3179 -judiciales,
1266 3111 1318 3158 seu
1328 3108 1359 3154 er

262 3212 435 3279 informata
443 3213 649 3293 conscreutra
662 3213 849 3279 sententias.
859 3215 962 3278 Namt
948 3218 1025 3277 unc
1033 3210 1165 3296 quidem
1175 3215 1359 3278 nontenetnr

260 3328 363 3416 judex
382 3347 452 3394 sese
472 3327 613 3414 dirigere
630 3328 932 3412 exprobationibus
947 3328 981 3392 in
997 3346 1153 3411 processu
1170 3326 1213 3394 de
1228 3329 1307 3394 tacto
1319 3321 1360 3388 de-

263 3445 381 3524 ductis,
400 3444 666 3531 siquidemnullae
677 3443 900 3526 deducuntur,
919 3443 999 3513 dum
1017 3442 1212 3527 proceditur
1227 3439 1361 3524 extra-ju·

264 3561 424 3630 dicialiter
442 3582 449 3626 ι
468 3560 526 3628 scd
547 3561 766 3645 probationes
787 3555 1030 3646 suspensionem
1048 3558 1310 3636 determinantes,
1326 3572 1359 3620 ea

265 3699 334 3746 esse
354 3677 477 3745 debent
489 3697 572 3765 quae,
589 3678 615 3744 si
630 3676 793 3764 injudicio
806 3675 1061 3754 deducerentur,
1078 3676 1144 3742 vim
1155 3674 1294 3761 juridice
1305 3687 1362 3758 pro

265 3793 364 3861 bandi
377 3793 554 3878 haberent3
568 3802 603 3860 ct
621 3811 825 3880 nequaquam
839 3799 949 3875 potest
969 3792 1149 3876 Episcopus
1163 3786 1361 3876 suspensionis

264 3927 394 3993 poenam
409 3910 621 3992 pronuntiare
641 3909 683 3974 ob
704 3927 758 3973 eas
778 3909 930 3985 rationes,
949 3926 1020 3992 quae
1039 3906 1148 3993 quoad
1166 3910 1272 3992 ipsum
1285 3903 1362 3968 dun-

264 4034 354 4093 taxat
367 4026 517 4111 probant,
532 4027 566 4090 in
582 4024 651 4090 aliis
671 4034 781 4090 autem
802 4023 1029 4102 tribunalibus,
1057 4023 1084 4088 si
1104 4027 1361 4107 proponerentur.

265 4162 330 4210 non
349 4143 537 4228 probarent.
555 4140 651 4222 Quod
668 4142 792 4224 pariter
806 4159 848 4204 ex
858 4138 933 4225 jure
952 4139 1094 4205 naturali
1106 4139 1203 4204 facile
1219 4131 1364 4204 concludi·

266 4269 322 4327 tur
338 4278 434 4326 :nam
448 4276 543 4323 secus
560 4265 668 4342 posset
687 4256 825 4342 quilibet
843 4255 972 4342 iniquus
983 4254 1098 4340 judex,
1114 4247 1363 4339 cntra-judiciali·

268 4384 322 4444 ter
333 4374 556 4461 procedendo,
571 4374 733 4460 quoslibet
747 4375 935 4440 innocentes
947 4374 1149 4460 opprimere;
1165 4391 1238 4438 cnm
1252 4380 1363 4452 semper
