2914 5122
511 426 589 474 rans
614 425 771 472 sueonos.
1160 411 1196 474 ot

107 571 130 616 c.
145 556 344 634 inquisitionis
363 555 417 631 21,
435 555 486 618 tit.
506 556 533 630 1,
548 552 605 621 lib.
623 557 642 617 5
658 549 800 628 decret,
818 549 862 617 ad
877 551 1014 616 verbum
1029 555 1119 615 Diria
1129 571 1203 634 pau·

104 666 213 753 coram.)
233 669 412 750 «Quamvis
427 668 621 752 regulariter
637 665 678 732 ad
696 664 898 752 probandam
916 667 1083 732 infamiam
1097 667 1202 751 requi·

107 808 120 842 a
136 791 227 862 ratur,
245 793 284 850 ut
300 805 338 850 ea
360 786 400 850 sit
416 783 580 869 divulgata
595 802 655 868 per
670 781 825 866 majorem
841 789 968 865 partem
987 782 1126 847 civitatis
1150 783 1204 848 rel

106 896 259 981 «riciniae3
278 897 353 982 quia
371 897 550 982 requiritur
573 895 659 962 lama
675 895 757 972 loci,
776 901 810 958 et
827 913 891 960 non
912 893 997 960 sama
1020 893 1203 978 aliquorum

105 1020 305 1097 arantum...;
327 1010 500 1098 aliquando
514 1019 621 1077 tamen
636 1009 751 1075 suffieit
763 1009 867 1094 major
879 1029 953 1093 pars
967 1010 1098 1075 illorum
1113 1007 1202 1092 apud

105 1147 204 1213 «quos
228 1127 301 1214 quis
326 1126 426 1212 degit,
446 1127 614 1194 sitacium
635 1127 884 1192 sitrestrietum
900 1125 944 1191 ad
968 1131 1075 1191 certos
1096 1123 1202 1190 bomi-

104 1263 191 1322 rnes‚
217 1246 274 1329 qui
301 1243 523 1309 verisimiliter
544 1242 579 1308 id
607 1245 690 1308 scire
720 1249 854 1326 possunt
882 1261 920 1307 ac
948 1241 1070 1308 debent
1089 1263 1096 1307 :
1113 1249 1151 1306 ut
1176 1239 1202 1306 si

104 1360 297 1444 «Episcopus
313 1361 354 1426 sit
369 1359 544 1425 infamatus
559 1358 601 1425 de
618 1359 842 1435 fornicatione,
859 1355 900 1422 ad
910 1355 1112 1441 probandam
1123 1356 1203 1422 inia-

104 1477 213 1541 amiam
225 1474 352 1554 sufficit,
369 1475 396 1542 si
408 1475 510 1560 major
522 1495 595 1560 pars
606 1475 830 1541 canonicorum
839 1473 872 1539 id
885 1475 976 1540 sciat.
991 1499 1009 1534 u
1025 1473 1197 1560 (Pirrhing‚

101 1593 183 1659 iniit.
208 1599 237 1672 1,
255 1594 314 1659 lib.
338 1590 510 1672 5decret.,
531 1613 565 1656 n.
585 1587 652 1676 84.)

136 1711 188 1774 ΙΙΙ.
206 1714 328 1774 Necesse
347 1729 407 1772 uon
425 1717 469 1770 est
491 1712 649 1788 infamium
665 1709 799 1789 probari,
819 1709 936 1788 quando
944 1709 1045 1788 judex
1063 1725 1102 1768 ee
1121 1725 1201 1769 merc

100 1826 182 1906 ospicio
190 1829 339 1910 procedit.
357 1827 482 1890 —Non
499 1823 637 1889 dicimus
653 1823 866 1889 necessariam
884 1842 948 1887 non
962 1841 1032 1888 esse
1048 1823 1201 1905 previam

100 1940 266 2025 infamiam3
286 1943 384 2007 immo
405 1941 506 2006 debet
531 1939 573 2005 de
598 1960 636 2006 ea
663 1938 765 2025 judici
782 1945 940 2016 constare,
962 1945 1000 2002 ut
1020 1937 1198 2022 procedere
1283 1989 1285 1994 .

99 2058 187 2138 possit
201 2079 208 2122 ε
230 2057 293 2122 sed
304 2056 442 2122 dicimus
455 2058 669 2124 necessariam
678 2076 743 2121 non
755 2056 866 2119 esseio
878 2075 917 2121 eo
929 2075 1004 2120 casu
1013 2053 1200 2140 judicialem

100 2171 222 2236 infamia
238 2171 476 2256 probationem.
492 2171 551 2237 Cui
566 2171 651 2235 enim
666 2169 863 2254 probaretur
878 2170 939 2233 nisi
947 2169 1076 2254 judici?
1094 2170 1200 2235 Judex

99 2295 194 2352 autem
212 2287 280 2373 jam
303 2289 497 2371 supponitur
520 2288 684 2353 infamiam
705 2286 903 2352 sufficienter
924 2295 1034 2351 notam
1059 2285 1197 2364 habere,

99 2404 213 2488 quando
227 2425 268 2472 ex
283 2424 374 2470 mero
386 2404 487 2469 officio
498 2403 536 2468 ad
551 2403 780 2489 inquirendum
795 2402 954 2488 procedit,
973 2422 1047 2468 oum
1061 2403 1202 2488 alioquin

98 2519 247 2602 illegitime
261 2519 470 2605 procederet.
488 2520 652 2584 Inutiliter
666 2537 744 2602 ergo
753 2527 865 2602 postea
877 2539 986 2584 eoram
1000 2519 1070 2602 ipso
1086 2515 1200 2582 eadem

98 2633 213 2700 infamia
227 2635 435 2720 probaretur.
452 2637 557 2720 Atque
573 2635 607 2700 id
622 2655 738 2700 verum
752 2643 801 2701 est
816 2638 939 2702 etiamsi
960 2655 1037 2701 reus
1052 2641 1150 2715 neget
1165 2653 1199 2698 se

99 2750 396 2819 luisseinfamatum.

136 2869 254 2934 Poterit
276 2877 387 2935 tamen
403 2889 481 2936 reus
498 2869 676 2954 appellare,
700 2891 741 2936 ex
764 2890 804 2935 eo
824 2853 929 2954 capite
955 2867 1043 2954 quod
1069 2868 1200 2934 infamia

98 3003 152 3049 non
163 2989 374 3070 praecesserit.
397 3009 412 3048 c
431 2989 520 3053 Tunc
535 2985 590 3072 (ait
599 2987 778 3070 Pagarum,
791 2987 823 3051 in
838 2988 889 3051 tit.
906 2989 935 3065 l,
948 2987 1004 3052 lib.
1021 2990 1039 3052 5
1055 2985 1196 3063 decret,

102 3125 112 3155 ι
129 3121 157 3164 n.
175 3101 227 3187 ot)
247 3121 354 3167 coram
366 3100 476 3189 judice
491 3101 716 3186 appellationis
726 3110 895 3168 teneretur
906 3103 1029 3186 primus
1040 3102 1142 3188 judex
1158 3101 1199 3167 de

101 3217 247 3283 «infamia
266 3218 375 3284 facere
388 3219 516 3302 plenam
533 3215 642 3282 iidem.
664 3241 680 3279 n
700 3217 794 3284 Unde
812 3217 978 3284 concludit
989 3215 1199 3284 Reillenstuel

102 3330 138 3414 (ia
157 3335 204 3400 tit.
233 3339 261 3412 1,
284 3336 307 3402 l.
331 3338 350 3399 5
372 3333 514 3411 decret,
536 3355 570 3400 n.
602 3333 690 3419 193),
716 3335 892 3401 consultius
915 3355 996 3411 esse,
1022 3343 1060 3401 ut
1081 3333 1195 3420 judex,

100 3448 273 3516 etiamdum
287 3471 327 3518 ex
343 3471 433 3518 mero
447 3451 551 3517 officio
573 3451 615 3518 ad
632 3453 873 3538 inquisitionem
891 3451 1057 3539 procedit,
1080 3453 1198 3536 proba·

99 3563 204 3631 tionem
219 3568 357 3633 iniamiae
369 3568 563 3653 praemittat3
585 3569 742 3653 quamvis,
765 3575 802 3633 ut
817 3568 939 3635 dictum
958 3577 1019 3648 est,
1042 3577 1076 3636 et
1091 3577 1129 3636 ut
1142 3567 1198 3636 do·

102 3689 164 3746 cent
180 3685 393 3750 communiter
411 3682 574 3764 doctores,
595 3683 637 3749 ad
652 3683 687 3750 id
696 3703 760 3751 nou
778 3693 941 3752 teneatur.

135 3795 184 3862 lv.
201 3803 326 3882 &mado
341 3806 475 3882 superior
482 3801 619 3882 procedit
633 3803 674 3865 aci
692 3807 870 3866 instantiam
881 3804 1009 3885 alicujus
1027 3808 1198 3884 inquisitio-

100 3929 154 3976 nem
161 3923 362 3998 procurantis,
378 3920 462 3980 debet
470 3921 762 4000 premitiiprobatio
773 3924 918 4001 infamio.
930 3920 1023 3986 —Id
1033 3926 1106 4005 post
1118 3920 1199 4004 glos·

99 4037 276 4098 santenent
295 4035 509 4098 communiter
524 4031 686 4099 doctores.
706 4035 817 4102 Glossa
833 4043 943 4102 autem
964 4039 1008 4104 sic
1023 4037 1123 4103 habet
1144 4036 1197 4126 (ad

98 4158 156 4228 cap.
168 4149 218 4226 24,
234 4150 287 4214 tit.
309 4152 338 4227 1,
357 4150 413 4216 lib.
430 4149 601 4227 aderrat„
620 4151 780 4218 verboAi
791 4153 1025 4242 inquirendum).
1044 4155 1196 4222 «sivero

99 4279 112 4317 «
123 4263 270 4342 procedat
293 4263 396 4349 judex
421 4266 464 4334 ad
479 4267 671 4350 petitionem
686 4267 820 4354 alicujus
839 4273 1045 4354 procurantis
1065 4270 1196 4355 inquisi-

100 4377 246 4460 «tionem,
268 4389 365 4446 vocet
382 4381 473 4446 illum
490 4390 603 4448 contra
624 4403 721 4468 quem
740 4384 919 4470 procedere
934 4385 1045 4465 debet,
1065 4393 1098 4452 et
1116 4394 1195 4453 tunc

99 4495 252 4579 «recipiat
263 4503 408 4564 testes...
423 4501 542 4566 Tamen
553 4501 579 4566 si
591 4502 644 4568 ille
657 4511 791 4590 negaret
802 4504 967 4571 infamiam
978 4503 1189 4588 precessisse,
1206 4535 1211 4543 ·
