2914 5122
510 320 590 369 nans
612 319 770 370 sacuam.
842 361 845 369 A
1155 305 1197 372 us

105 463 188 512 anon
205 448 327 514 lautum
356 448 476 525 potest,
501 439 563 510 sed
587 461 628 509 ea
656 440 767 513 obicio,
782 442 848 508 suis
871 440 1073 526 temporibus
1099 441 1198 510 eliam

102 559 219 626 «debet
235 558 308 626 fieri
329 559 554 630 :unanimum
567 566 658 624 certa
673 555 869 646 (sententia).
887 589 899 612 ·

133 675 276 756 Quusulo
303 677 347 739 2⁸.
371 709 417 722 -
440 678 488 738 Au
503 680 647 756 inquisito
658 678 806 757 generalis
816 681 995 756 possitessc,
1006 693 1066 740 noo
1080 682 1198 743 lonium

91 801 217 875 paterno,
239 794 293 856 secl
307 797 399 857 etiam
408 795 592 874 judicialis?
606 826 652 840 -·-
676 822 690 848 «
707 793 862 874 Quamvis
887 791 1118 876 inquisitiones¹
1142 811 1199 876 ge·

97 907 250 984 «uermes,
269 907 454 991 praeserlim
468 905 556 992 apud
582 909 760 991 regulares,
777 909 842 973 imo
854 908 950 973 etiam
966 907 1055 991 apud
1067 909 1199 991 Episco-

97 1053 107 1078 ι
123 1043 185 1106 pos,
199 1023 364 1090 ordinarie
385 1024 514 1090 nonnisi
528 1032 656 1105 paterne
681 1024 846 1111 (canonice
866 1031 974 1090 tamen
990 1031 1024 1090 et
1038 1022 1196 1109 legitime)

96 1167 107 1196 a
125 1140 198 1206 fiant
211 1140 256 1206 ad
272 1139 552 1218 emendationem,
576 1148 610 1205 et
625 1160 687 1207 non
704 1139 747 1205 ad
770 1140 934 1222 publicam
953 1138 1131 1206 vindictam
1148 1141 1198 1228 (ut

97 1257 198 1322 «bene
213 1257 368 1324 observat
380 1255 515 1334 Ameno,
538 1256 588 1320 tit.
611 1259 664 1334 ll,
683 1261 699 1335 5
718 1259 747 1334 l,
761 1276 795 1322 n.
818 1254 863 1340 8),
879 1257 1197 1339 tamenetiamjodl-

101 1376 236 1436 «mlier
249 1381 285 1440 et
302 1374 337 1436 in
355 1372 519 1453 publicam
539 1370 718 1438 vindictam
736 1372 810 1438 fieri
835 1379 988 1455 possunt,
1004 1381 1102 1453 prout
1122 1392 1197 1438 cnm

100 1491 284 1554 «communi
300 1485 495 1575 (sententia),
525 1487 656 1570 allegati
674 1486 793 1552 dooere
810 1485 968 1554 videntur
995 1485 1159 1554 doctores.
1178 1519 1191 1544 ι·

96 1604 319 1689 (Reiffeustuel,
348 1604 383 1668 in
402 1604 453 1668 tit.
475 1606 504 1680 l,
532 1603 608 1668 libri
630 1606 648 1666 5
674 1601 905 1694 decremlium,
924 1622 957 1666 n.
977 1601 1066 1687 159.)
1086 1604 1196 1688 Inqui-

95 1721 226 1788 sitiouem
255 1720 441 1804 generalem
470 1738 563 1802 posse
589 1720 687 1784 etiam
707 1722 901 1802 judicialiter
927 1738 986 1786 sea
1016 1718 1058 1786 ad
1091 1719 1196 1785 vindi-

97 1844 169 1902 clam
197 1836 362 1920 publicam
388 1836 537 1912 institui,
569 1835 647 1902 satis
670 1843 785 1918 aperte
807 1837 948 1900 inuuunt
974 1854 1074 1920 supra
1108 1836 1197 1904 allati

94 1950 163 2034 juris
186 1960 308 2018 textus.
340 1951 404 2018 Sed
432 1959 594 2034 praeterea
621 1951 711 2018 idem
745 1971 787 2018 ea
813 1952 938 2017 ratione
965 1952 1044 2018 boni
1072 1952 1196 2035 publici

96 2071 228 2136 eruitur:
263 2077 488 2152 supponatur,
521 2069 614 2134 verbi
644 2069 767 2152 gratia,
799 2067 974 2152 oppidum,
1006 2069 1061 2136 vel
1083 2088 1196 2136 mona·

96 2188 216 2251 sterium
244 2187 278 2250 in
308 2185 426 2270 quibus
452 2193 542 2250 certa
566 2184 688 2250 delicia
715 2186 853 2268 grassari
879 2189 997 2250 'rumor
1026 2186 1070 2251 ad
1100 2205 1195 2253 aures

96 2300 231 2385 Episcopi
248 2302 401 2385 pervenit
417 2323 424 2366 :
442 2321 537 2367 nemo
552 2321 617 2366 non
631 2300 722 2366 videt
737 2303 850 2385 quanti
859 2302 999 2380 intersit,
1016 2309 1053 2366 ul
1065 2304 1195 2386 Episco-

94 2433 146 2496 pus
160 2420 267 2500 posslt,
285 2437 351 2482 non
362 2423 489 2482 tautum
502 2437 562 2501 per
580 2417 818 2502 inquisitionem
830 2418 1014 2502 generalem
1025 2419 1195 2485 verificare

94 2537 191 2598 ulrum
205 2552 257 2599 res
272 2536 318 2600 ita
332 2552 367 2598 se
384 2533 515 2611 babeat,
529 2533 708 2612 sedetiam,
726 2553 764 2598 ea
784 2541 961 2618 comperta,
983 2553 1046 2618 per
1059 2533 1196 2600 interdi-

96 2653 182 2725 ctum,
203 2650 256 2714 vel
272 2650 638 2714 excommunicationem
655 2653 725 2732 ipso
738 2650 824 2714 facto
848 2649 998 2714 atalibus
1009 2650 1196 2715 malefacto-

97 2762 175 2830 ribus
187 2765 425 2843 incurrendam,
444 2767 562 2832 malum
580 2785 745 2834 coercere.
762 2767 834 2848 Quo
843 2785 920 2832 casu
931 2784 995 2832 non
1008 2767 1197 2850 simpliciter

94 2887 223 2960 patema,
244 2882 305 2948 sed
314 2881 473 2966 judicialis
491 2884 555 2948 erit
565 2884 729 2968 inquisitio
744 2883 926 2972 generalis„

133 2997 197 3062 Duo
209 3005 319 3064 tamen
332 2998 532 3065 attendenda
556 3008 631 3064 sunt
659 3020 677 3064 a
694 2988 915 3082 superioribus
942 2999 998 3082 qui
1012 2998 1130 3064 alicubi
1146 2999 1196 3064 in·
1215 2992 1219 2998 ’

100 3114 287 3194 quisitionem
298 3117 482 3199 generalem
495 3117 609 3181 volunt
615 3119 809 3198 judicialiter
821 3115 992 3180 instituere
1008 3137 1015 3180 :
1034 3118 1067 3178 1⁰
1082 3114 1197 3199 proba·

100 3225 182 3295 bilius
207 3240 285 3297 tuno
300 3232 424 3317 requiri
445 3240 482 3297 ut
498 3233 605 3317 aliqua
623 3232 737 3296 sallem
760 3230 877 3296 iudicia
903 3233 1128 3314 praecesserint
1151 3231 1195 3297 de

99 3348 218 3423 patratis
238 3349 283 3423 ibi
303 3347 446 3426 delictis,
473 3357 510 3413 ut
534 3347 630 3414 modo
652 3346 860 3430 probabitur3
891 3349 924 3410 2⁰
947 3346 1195 3430 praemonendae

100 3460 228 3528 subditos
242 3484 323 3550 quos
341 3466 563 3548 interrogant,
580 3467 772 3548 judicialiter
787 3471 822 3528 et
840 3482 905 3528 non
924 3471 1051 3527 lantum
1068 3471 1196 3545 poterae

100 3579 230 3664 procedi3
249 3582 335 3665 quia,
351 3580 486 3647 exinfra
502 3578 766 3656 etiamdicendiS‚
787 3579 848 3643 alia
862 3585 912 3644 est
923 3578 1104 3645 facultaset
1115 3577 1196 3644 obli-

99 3697 171 3772 gatio
195 3696 429 3780 respondendi,
463 3699 489 3761 si
516 3696 693 3782 judicialis,
726 3694 845 3760 etalio
869 3697 1053 3777 sipnterna
1078 3695 1121 3760 sit
1147 3698 1196 3760 in·

99 3813 218 3891 quisitio.

136 3929 272 4010 Qnusmo
286 3933 604 4006 :ln-mammolas,
620 3935 826 4013 sempeterna,
842 3920 1196 4012 savejnaeeauterpoe-

98 4046 341 4114 ralemioslitoens
354 4056 595 4131 inquisitionum
615 4055 734 4129 ccipere
750 4053 882 4128 possita
905 4048 1014 4109 subitis
1025 4054 1061 4109 ot
1075 4050 1134 4110 sibi
1148 4069 1196 4110 oc·

97 4163 489 4247 mitadellctomooisestent.
517 4201 562 4214 -
581 4160 857 4246 Respondendum
870 4161 1034 4244 negative.
1058 4163 1213 4242 «Inter-⁴⁴

103 4282 220 4359 «rogali
232 4280 355 4358 subditi
370 4281 426 4368 (ait
437 4281 576 4357 lessius,
598 4282 641 4342 de,
656 4282 729 4342 lure
746 4285 777 4340 el
791 4283 928 4360 justitio,
947 4275 1005 4340 lib.
1036 4279 1068 4354 2,
1086 4295 1114 4342 o.
1136 4279 1191 4354 29,

103 4415 117 4440 «
133 4409 158 4454 n.
174 4394 252 4480 109),
264 4415 329 4462 uon
340 4395 464 4461 debent
474 4395 664 4478 patefacere
671 4393 859 4458 criminosos
870 4391 1025 4471 occultos,
1034 4392 1096 4476 'qui
1105 4391 1198 4458 nulla
