2838 5114
480 370 556 415 annis
580 371 737 416 secunus.
1101 360 1164 422 385

76 498 192 563 minibus
211 495 415 579 periclitante
430 491 610 575 republica,
626 492 871 576 suspenduntur
881 492 923 558 ad
939 501 1067 580 tempus
1082 496 1168 561 ordi-

64 595 144 676 naria
155 611 347 696 dycasteria,
361 617 395 674 et
405 627 575 692 processus
586 608 732 672 militaris
743 629 855 674 norma
864 612 925 675 toti
936 611 1030 675 alicui
1044 613 1168 696 regioni

76 729 246 811 applicatur.
269 727 348 790 Cum
365 745 444 808 ergo
462 723 591 789 haeresis
607 731 716 807 serpat
734 734 911 804 utranam,
930 735 964 791 et
985 729 1120 810 populos
1135 731 1168 792 in

75 841 136 907 fidei
148 842 319 907 discrimen
339 840 434 905 facile
450 838 604 916 adducat,
616 858 680 923 qno
697 839 856 906 efficacius
868 849 996 907 tantum
1013 842 1168 908 damnum

53 965 306 1040 ‚precaveretum
325 957 474 1042 Ecclesiae
490 956 595 1019 visum
610 961 659 1020 est
678 955 720 1020 ad
741 956 776 1022 id
797 959 978 1023 severitatis
991 958 1169 1026 devenien-

76 1073 149 1138 dum.
168 1071 326 1157 Equidem
341 1071 516 1155 aliqnando
530 1070 679 1136 absolute
693 1071 841 1137 accidere
858 1080 1027 1156 potestat
1043 1078 1114 1160 quis
1126 1077 1171 1140 in·

73 1187 143 1271 juste
158 1199 309 1272 tanquam
327 1188 495 1251 haereticns
511 1185 696 1264 damnetur,
716 1207 775 1252 nec
791 1190 890 1272 possit
905 1196 994 1268 tunc,
1014 1191 1056 1256 ob
1072 1190 1171 1258 denc-

75 1312 162 1386 gatam
186 1304 435 1388 appellationem
462 1301 616 1385 injustitia
639 1303 707 1367 huc
729 1306 900 1387 reparari:
922 1304 981 1374 sed
1005 1303 1039 1369 id
1063 1307 1171 1370 minus

75 1422 187 1496 malum,
207 1429 304 1504 atque
319 1417 898 1502 adeopermittendumexistimatum
913 1430 973 1486 est.

109 1539 171 1602 lion
190 1543 298 1601 tamen
313 1534 469 1617 denegari
489 1533 704 1599 condemnato
720 1544 756 1600 ut
773 1536 926 1600 haeretico
945 1555 1113 1602 recursum
1128 1539 1170 1604 ad

74 1653 272 1734 superiorem,
293 1670 354 1733 per
366 1651 449 1714 viam
468 1653 593 1730 querelae
606 1659 635 1712 et
649 1654 886 1732 supplicationis,
909 1659 958 1717 est
974 1655 1174 1718 communior

73 1767 147 1850 apud
159 1767 337 1832 canonistas
361 1764 518 1852 doctrina.
540 1765 633 1850 (Vide
654 1763 861 1844 Lenrenium,
882 1769 915 1831 in
934 1769 984 1832 tit.
1006 1777 1035 1847 7,
1052 1769 1129 1834 libri
1150 1773 1167 1832 5

74 1879 201 1959 decret,
217 1902 248 1966 q.
273 1885 346 1960 107,
361 1902 394 1944 n.
418 1879 460 1962 1.)

111 2001 141 2061 2⁰
156 1999 252 2063 Posse
268 2006 388 2072 antem,
407 1998 440 2060 in
455 2015 549 2061 causa
564 1996 734 2074 hereseos,
752 1998 939 2080 appellaris
957 2000 1127 2064 sententiis
1139 2009 1173 2064 el

73 2113 185 2178 notibus
199 2117 442 2188 interlocutoriis,
467 2112 681 2176 communiter
704 2111 841 2178 tradunt
865 2114 1048 2177 canonistae.
1068 2113 1106 2178 Id
1124 2121 1174 2178 ta·

72 2247 151 2306 men,
166 2229 206 2294 ob
220 2227 461 2310 dispositionem
477 2226 704 2291 Tridentinam-
714 2227 767 2313 (de
777 2227 963 2312 qnosupra)
979 2231 1065 2296 circa
1076 2230 1173 2295 inter-

71 2342 233 2409 locutorias
256 2344 443 2420 sententiaa,
466 2342 728 2425 restringendum
756 2343 888 2408 videtur
906 2343 948 2408 ad
972 2365 1092 2426 casum,
1109 2367 1173 2432 quo

72 2462 219 2524 sententia
238 2458 482 2524 interlocutoria
500 2458 564 2522 vim
586 2456 761 2523 definitivae
777 2458 924 2536 haberet,
948 2461 1000 2526 vel
1021 2460 1173 2526 damnum

70 2573 199 2639 inferret
213 2594 274 2657 per
292 2573 492 2638 definitivam
507 2572 731 2654 irreparabile.

575 2827 659 2900 §x-

152 3047 209 3100 Ouid
225 3049 269 3094 sibi
284 3049 404 3108 proprium
423 3047 497 3107 quoad
515 3053 586 3093 testes
603 3046 686 3092 babeat
698 3057 823 3104 processus
836 3047 859 3093 in
872 3059 942 3094 cansa
957 3050 1080 3096 hereseos.

111 3279 140 3335 1ῦ
160 3277 214 3340 Est
242 3275 354 3359 regula
378 3275 554 3358 generalis,
584 3275 615 3337 in
642 3292 736 3338 causa
759 3273 888 3337 baeresis
912 3274 1040 3339 admitti
1071 3279 1169 3341 etiam

67 3393 160 3454 testes
175 3391 305 3456 aliosde
322 3390 396 3474 jure
412 3390 590 3474 inhabiles;
608 3395 706 3474 prout
719 3395 794 3453 sunt
806 3393 1083 3468 excommunicati,
1099 3411 1170 3474 pcr-

65 3500 135 3583 jnri,
149 3507 254 3591 jndaei,
273 3509 426 3600 haeretici,
451 3508 614 3582 mulieres,
635 3504 816 3582 domestici,
835 3508 1073 3590 consanguinei.

109 3624 140 3684 2⁰
154 3625 220 3689 Non
235 3632 346 3689 tamen
358 3623 576 3688 admittuntur
588 3622 718 3686 inimici.

109 3739 139 3798 3⁰
153 3741 230 3803 llinc
245 3759 322 3805 reus
346 3739 497 3822 excipere
517 3738 630 3821 nequit
653 3745 765 3802 contra
784 3759 944 3818 personum
963 3740 1063 3820 ipsam
1084 3738 1170 3822 ejus·

69 3850 150 3916 modi
163 3858 303 3931 testium,
322 3852 504 3937 objiciendo
519 3872 575 3918 eos
591 3872 660 3917 esse
677 3852 718 3917 de
734 3853 808 3936 jnre
820 3853 987 3918 inhabiles.

111 3967 142 4029 4⁰
155 3969 262 4035 Potest
276 3977 385 4060 tameq
400 3971 550 4052 excipere
562 3976 676 4032 contra
689 3987 801 4032 eorum
818 3967 915 4047 dicta,
935 3968 1116 4052 objiciendo
1132 3989 1170 4036 ea
1213 4035 1214 4040 ,

69 4099 135 4146 esse
150 4087 409 4161 contradictoria,
430 4087 529 4162 varia,
547 4085 741 4149 vacillantia.

116 4203 144 4262 5⁰
156 4204 306 4282 Quamvis
321 4202 480 4287 ejusmodi
498 4204 576 4266 alias
596 4201 753 4266 inhabiles
777 4206 878 4267 testes
902 4201 1116 4268 admittantur
1129 4202 1171 4267 ad

72 4313 301 4398 inquirendum,
317 4340 382 4384 non
397 4329 505 4384 tamen
520 4321 672 4398 sufficiunt
687 4321 728 4382 nel
742 4322 1006 4382 condemnandum.
1030 4319 1071 4382 Ut
1085 4321 1170 4383 enim

73 4449 143 4496 rens
159 4437 361 4502 condemnari
387 4437 497 4517 possit,
515 4435 693 4516 requiritur
712 4435 806 4515 plena
833 4435 1004 4514 probatio:
1028 4435 1096 4498 haec
1115 4455 1171 4501 au-

205 4551 235 4606 ll.
996 4548 1032 4603 25
