2838 5114
520 345 599 394 ruas
621 345 779 396 snconnn.
1138 325 1197 392 tit

76 441 96 524 a
111 465 315 548 sponsalium
339 466 380 532 oh
405 467 466 532 ista
484 467 736 555 (impedimenta)
754 469 964 535 dissolutione
987 477 1044 533 ant
1060 467 1204 534 redinte-

76 606 93 641 «ε
110 583 278 666 gratiane,
296 588 359 648 etc.
377 584 457 648 llam
476 583 579 648 dehis
595 595 629 651 et
647 586 816 664 similibus,
835 587 919 650 sicut
931 585 1020 668 leges
1036 583 1194 662 condere,

76 723 93 758 a
112 700 164 764 ita
176 706 214 762 et
224 699 460 764 controversias
473 718 573 784 super
585 703 646 768 illis
662 711 791 770 exortas
806 702 962 767 decidere
975 701 1200 767 ecclesiastieae

75 838 91 873 a
111 822 170 880 est
188 815 369 897 potestatis.
388 815 507 882 Contra
525 817 566 882 ad
582 818 690 884 forum
706 820 861 884 saecudare
878 825 914 884 et
927 816 1056 903 judices
1074 819 1203 882 saecnla·

74 956 90 992 o
107 950 170 998 res
194 932 361 1016 pertinent
387 951 502 1010 causas,
521 935 638 1018 quibus
662 931 703 1001 de
733 935 822 1014 dote,
849 942 884 999 et
910 940 1047 1018 propter
1073 934 1202 1018 nuptias

74 1071 91 1108 a
110 1047 316 1125 donatione,
339 1046 381 1111 de
400 1047 606 1115 haereditaria
631 1051 851 1128 successione,
875 1050 1036 1114 alimentis
1058 1057 1092 1114 et
1116 1050 1202 1114 simi-

74 1187 90 1222 a
110 1162 208 1228 libus
231 1163 358 1246 agitur;
378 1170 415 1227 ut
441 1183 482 1228 ex
501 1166 662 1229 communi
690 1184 786 1230 sensu
810 1163 908 1230 docet
927 1165 1199 1244 Bellarminus...,

74 1275 329 1360 «Pirrhing...,
357 1278 547 1342 Viestner...
576 1280 753 1363 iincipitur,
785 1280 845 1346 nisi
866 1277 1051 1364 hujusmodi
1068 1279 1201 1366 quaestio

73 1418 90 1454 n
104 1391 238 1457 incidat
248 1393 281 1457 in
292 1412 420 1458 eausam
437 1395 701 1460 matrimonialem
715 1395 846 1478 proprie
859 1393 989 1472 dictam,
1003 1414 1073 1479 quae
1084 1395 1202 1479 priuci-

70 1531 87 1567 a
108 1507 238 1590 paliter
252 1506 410 1591 agitatum
431 1507 492 1574 hoc
511 1511 596 1573 enim
613 1527 710 1586 casn,
734 1527 927 1592 cognoscere
951 1507 993 1576 de
1015 1507 1200 1595 hujusmodi

71 1649 87 1686 a
108 1623 224 1690 causis
237 1632 270 1688 et
280 1627 491 1706 pronuntiare
500 1624 603 1710 judex
619 1626 855 1692 ecclesiasticus
864 1633 983 1710 potest.
1001 1649 1017 1687 n
1032 1626 1202 1712 (schmaln

67 1740 237 1826 grneher,
255 1740 288 1803 in
302 1741 353 1804 tit.
380 1745 430 1820 ta,
445 1742 520 1807 libri
535 1744 552 1805 4
572 1740 712 1821 decret,
735 1744 804 1806 11.ss
821 1750 855 1806 et
873 1740 918 1825 7.)

116 1855 252 1938 Quibus
276 1858 463 1938 prenotatis
491 1855 651 1934 dicemus,
679 1861 710 1920 t⁰
739 1857 781 1922 de
810 1875 906 1922 causa
931 1858 1143 1923 restitutionis
1164 1859 1197 1922 in

66 1971 218 2038 materia
237 1971 476 2057 oratrimoniali;
498 1975 532 2036 2⁰
549 1972 590 2037 de
606 1972 769 2037 actoribus
784 1979 818 2036 et
833 1971 973 2038 testibus
986 1971 1198 2037 admittendis

67 2089 127 2154 vel
145 2084 335 2171 rejiciendis
352 2088 384 2152 in
404 2090 507 2153 causis
521 2087 823 2170 matrimonialibus;
844 2091 878 2153 3⁰
894 2087 935 2153 de
950 2108 1062 2155 norma
1083 2107 1197 2172 proce-

66 2202 180 2270 dendi
195 2202 400 2271 aBenedicto
413 2205 487 2269 XIV
502 2211 624 2271 statuta
642 2206 675 2269 in
690 2205 794 2270 causis
808 2202 966 2271 nullitatis
983 2206 1192 2290 matrimonii;

66 2322 103 2384 4⁰
126 2319 175 2384 de
191 2337 304 2384 norma
327 2322 458 2403 speciali
476 2320 679 2406 procedendi
697 2322 730 2385 in
749 2340 844 2388 causa
861 2323 1018 2387 nullitatis
1038 2343 1079 2387 ex
1094 2323 1196 2407 impe·
1260 2413 1262 2416 Ι

66 2435 227 2502 dimento
241 2435 461 2522 impotentiae;
482 2439 515 2500 5⁰
533 2436 575 2503 de
595 2435 693 2502 modo
716 2435 932 2503 concedenda
951 2437 1195 2521 dispensationis

63 2572 133 2637 pro
161 2552 366 2618 matrimonio
392 2560 464 2618 rato
487 2573 552 2618 non
575 2562 813 2638 consummato;
832 2557 866 2620 6⁰
883 2554 924 2619 de
945 2573 1058 2618 norma
1080 2573 1194 2637 proce-

64 2665 179 2734 dendi
196 2674 234 2731 ut
250 2674 375 2734 constet
390 2676 614 2736 contracturos
634 2670 874 2736 matrimonium
898 2689 968 2736 csse
990 2672 1023 2734 iu
1045 2677 1133 2734 statu
1152 2670 1193 2736 li-

61 2783 167 2850 bero.
184 2783 222 2846 In
234 2781 282 2848 his
293 2784 379 2848 enim
392 2787 550 2864 omnibus,
565 2805 630 2851 non
642 2786 818 2851 communis
829 2805 1039 2871 processuum
1049 2786 1191 2852 civilium

61 2899 192 2976 forma,
211 2897 269 2964 sed
290 2899 418 2966 diversa
433 2909 467 2966 et
480 2901 685 2984 particularis
704 2902 795 2968 inita
810 2903 907 2968 sacris
927 2903 1102 2969 canonibus
1120 2923 1189 2969 san·

60 3017 147 3091 cita,
166 3032 264 3098 quam
276 3013 378 3098 judex
393 3017 627 3082 ecclesiasticus
638 3019 782 3101 apprime
796 3019 914 3084 callere
927 3017 1039 3098 debet,
1056 3039 1096 3085 nc
1112 3019 1188 3083 alias

60 3131 97 3194 in
119 3129 202 3194 vitia
218 3129 373 3195 nullitatis
388 3132 554 3216 impingat,
573 3134 627 3198 vel
640 3133 751 3198 illicite
770 3132 937 3216 procedat.

602 3351 667 3429 §L

341 3537 376 3586 Dc
393 3549 463 3584 csusa
478 3536 632 3586 restitutionis
646 3534 721 3598 quoad
739 3535 920 3584 matrimonium.

109 3685 267 3806 Qunsrto
285 3723 325 3784 1¹.
346 3756 391 3770 -
407 3721 578 3801 Qnotnpiici
596 3721 681 3783 modo
695 3719 792 3801 qnood
807 3723 1031 3782 matrimonium
1054 3719 1184 3800 spoiinm

54 3845 250 3920 continpcrc,
267 3857 303 3900 nc
312 3838 442 3920 proinde
456 3855 545 3899 conso
569 3841 768 3899 restitutionis
789 3841 865 3897 oriri
875 3840 985 3917 possit.
1006 3870 1052 3882 —-
1070 3858 1086 3894 «
1105 3833 1182 3918 Spo-

58 3979 78 4016 c
100 3955 187 4020 lium
201 3952 236 4016 in
250 3971 344 4016 causa
360 3949 588 4016 matrimoniali
602 3951 767 4033 contingit,
787 3969 852 4014 nou
869 3957 996 4014 tantum
1008 3967 1069 4031 per
1084 3948 1182 4014 alium

58 4093 78 4130 n
100 4067 240 4135 tertium
259 4067 315 4150 qni
334 4067 366 4131 vi
386 4066 495 4130 aufert
516 4065 686 4150 conjugem
704 4085 722 4130 a
738 4064 885 4151 conjuge,
905 4063 964 4128 sed
986 4065 1084 4129 etiam
1108 4063 1182 4130 fieri

58 4210 78 4247 α
100 4189 212 4268 potest
222 4183 264 4248 ab
279 4182 356 4266 ipsis
365 4181 553 4266 conjugibus
568 4182 656 4246 inter
668 4201 713 4260 se,
727 4190 761 4245 et
771 4181 831 4246 hoc
840 4181 1012 4265 tripliciter
1027 4181 1177 4244 maxime.

58 4327 79 4364 a
107 4303 141 4366 1⁰
156 4297 293 4384 Quando
319 4296 438 4383 conjux
464 4300 597 4382 propria
621 4297 816 4365 authoritate
837 4295 999 4363 recedita
1020 4293 1182 4380 conjuge?

58 4443 79 4480 a
102 4435 178 4482 nam
190 4416 235 4481 sic
251 4411 438 4480 recedendo
453 4417 558 4500 privat
581 4415 671 4482 ilium
684 4412 758 4498 jure
773 4433 831 4479 suo
845 4412 933 4502 quod
948 4411 1048 4485 habet
1063 4409 1105 4482 ad
1120 4409 1178 4478 ob-
