2848 5118
448 361 450 368 ·
485 337 565 389 rans
587 337 746 390 sncnunu.
1113 321 1175 389 leb

80 461 139 528 libri
155 463 173 527 i
192 459 419 540 decretalium,
441 483 475 528 n.
495 463 564 548 38.)
585 465 755 548 Colligitur
768 470 879 530 autem
893 461 1022 532 uentre
1036 463 1174 532 notionu

78 577 242 660 legitimitas
260 596 303 642 ex
327 579 432 662 capite
457 582 586 643 Caurum
610 583 649 658 3,
676 589 710 645 ct
730 599 773 645 ex
791 581 897 662 capite
921 583 998 644 Cum
1018 583 1122 644 dileeti
1137 584 1170 660 6,

81 693 159 777 (tituli
181 693 233 770 14,
252 692 331 758 libri
357 692 644 779 inscrutatum),
666 713 793 760 necnon
811 713 853 760 ex
877 695 950 780 lege
979 699 1173 761 Contumaciu

79 807 130 892 (bt,
149 807 181 874 lt.
205 811 243 874 de
257 812 299 872 lie
309 807 476 893 judicatu),
495 818 595 893 prout
613 810 671 876 hos
686 808 769 893 juris
787 817 899 877 textus
921 812 1044 894 legenti
1060 817 1173 895 aperte

78 923 193 1004 patebit.

109 1041 252 1120 Qussuo
267 1041 313 1104 2¹.
330 1073 376 1086 -
393 1043 566 1123 Qrioiuplecc
577 1043 786 1122 distiupuotur
799 1046 1009 1106 cuutruuucr'u?
1022 1077 1068 1092 -
1084 1043 1174 1110 nivi·

76 1152 150 1218 ditur
170 1155 389 1220 communiter
408 1155 442 1218 in
463 1175 566 1218 uuum
581 1161 616 1220 et
626 1163 855 1238 presumptum.
875 1157 1085 1223 contumacia
1102 1178 1174 1222 uero

75 1267 187 1346 dieitur,
205 1287 280 1335 cum
306 1270 378 1354 quis
397 1271 618 1355 peremptorie
634 1273 762 1348 citatur,
781 1275 816 1336 et
838 1271 1000 1336 citationis
1024 1273 1172 1339 notitiam

74 1381 197 1463 babens,
211 1403 403 1468 comparere
427 1386 553 1462 renuit,
584 1387 675 1452 nullo
701 1387 808 1470 ipsum
832 1395 1008 1453 excusante
1035 1387 1172 1471 impedi·

73 1509 177 1568 mento.
190 1504 319 1568 Dicitur
332 1511 442 1569 autem
449 1512 633 1586 presumpte
646 1522 704 1570 seu
717 1503 805 1598 licta,
814 1503 944 1588 quando
956 1502 1092 1569 dubium
1105 1511 1167 1582 est,

73 1636 105 1682 au
126 1618 163 1685 ad
180 1619 313 1684 citatum
338 1626 373 1684 et
391 1639 457 1685 nou
476 1627 720 1702 comparentem
745 1620 905 1731 citationis
929 1621 1041 1686 notitia
1056 1641 1172 1704 perre-

71 1734 142 1798 nerit
153 1756 159 1798 :
172 1734 261 1820 quod
272 1733 409 1800 dubium
420 1736 606 1818 contingere
618 1743 739 1820 potest,
753 1734 883 1820 quando
895 1737 1013 1801 citatus
1022 1736 1095 1814 fuit,
1105 1755 1170 1802 non

69 1853 264 1933 personaliter
279 1852 383 1917 seuin
394 1851 523 1928 faciem,
542 1851 602 1918 sed
625 1850 795 1917 dumtaxat
813 1850 856 1917 ad
874 1850 1017 1930 domum,
1036 1852 1090 1916 vel
1108 1869 1169 1934 per

70 1965 196 2032 edictum
210 1967 253 2034 ad
273 1966 384 2032 valvas
403 1965 543 2032 affixum.
562 1968 674 2032 Stante
697 1984 776 2050 ergo
798 1965 960 2052 ejusmodi
979 1966 1090 2045 dubio,
1112 1968 1167 2052 qui

69 2081 169 2146 cintus
182 2103 247 2148 non
262 2089 440 2166 comparet,
461 2100 522 2148 nec
540 2089 788 2164 procuratorem
803 2082 847 2147 ad
863 2081 1082 2148 excusandam
1098 2101 1166 2146 nro·

70 2214 126 2260 ram
138 2198 245 2274 mittit,
259 2205 477 2280 presumptum
492 2197 686 2262 contrahere
703 2199 936 2262 contumaciam
953 2196 1084 2262 dicitur.

103 2313 246 2378 Nonnulli
260 2312 395 2398 quidem
410 2321 561 2379 unctores
581 2311 784 2378 subtiliorem
805 2311 1013 2378 contumacine
1035 2312 1165 2378 divisio-

70 2447 130 2494 nem
147 2427 294 2506 tradunt,
313 2447 430 2511 nempe
449 2435 503 2493 :iu
525 2435 685 2508 notorium,
704 2449 816 2513 uuum,
829 2438 1046 2512 presumptum
1065 2437 1096 2493 ei
1117 2437 1167 2494 iu·

68 2551 288 2627 terprciutiouru.
305 2543 370 2610 Sed
383 2545 416 2608 in
430 2545 522 2627 praxi
537 2563 670 2610 necesse
683 2563 747 2609 non
763 2553 814 2610 est
830 2543 872 2609 ad
883 2527 960 2610 'earn
974 2542 1161 2628 attendere;

68 2660 138 2743 pria,
157 2660 264 2745 quoad
275 2659 358 2744 juris
370 2660 629 2744 applicationem,
651 2679 749 2745 quarn
766 2669 886 2725 vocant
902 2665 1051 2724 culmum
1064 2662 1098 2724 in
1114 2681 1165 2724 ue·
1233 2731 1238 2744 ‚

68 2796 122 2840 rom
136 2777 265 2861 recidit3
284 2783 319 2844 et
340 2795 438 2861 quam
456 2776 571 2843 dicunt
585 2784 859 2859 interpretativum,
872 2784 1059 2860 presumpta
1077 2795 1164 2842 com·

68 2892 213 2972 plectitur.

101 3008 219 3074 blaru'mi
232 3015 343 3074 autem
361 3008 467 3074 refert
482 3006 694 3090 distinguere,
716 3027 758 3072 an
773 3007 845 3092 quis
862 3009 906 3074 sit
924 3028 1003 3086 uere,
1020 3027 1061 3073 an
1082 3026 1162 3076 vero

64 3133 254 3210 presumptive
277 3131 463 3192 contumax.
490 3125 602 3190 «Nam
628 3143 708 3190 rere
729 3132 902 3190 contumax
925 3125 983 3211 (ait
1001 3125 1161 3192 schmalz·

69 3239 232 3321 «grueter,
249 3241 283 3304 in
297 3240 349 3304 tit.
370 3240 423 3318 14,
441 3237 521 3304 libri
536 3236 714 3342 ideeret„
732 3259 765 3302 n.
781 3235 836 3322 39)
857 3258 922 3305 nun
940 3238 1074 3304 auditur
1094 3257 1161 3306 om-

69 3355 175 3437 rplius,
191 3364 248 3422 aut
262 3356 450 3422 restituitur
467 3361 581 3420 contra
600 3373 638 3420 ea
652 3373 723 3439 quae
743 3356 874 3420 interim
893 3362 966 3420 acta
984 3360 1071 3432 sunt,
1088 3356 1159 3438 ipso

69 3474 319 3538 «contumaciter
332 3471 466 3538 absente
482 3491 488 3535 :
505 3468 636 3536 cuditur
650 3477 772 3550 autem,
791 3477 826 3536 et
839 3477 951 3537 contro
967 3471 1159 3538 seutentiam

68 3586 177 3654 «etiam
191 3589 377 3654 restituitur
391 3585 622 3669 presumptive
639 3592 826 3663 contumax,
847 3587 875 3650 si
894 3587 1034 3663 venerit,
1052 3606 1158 3654 suam·

67 3717 152 3784 «que
173 3703 351 3771 absentiam
372 3701 579 3770 excusaverit
602 3701 719 3787 (capite
743 3706 819 3768 Cum
840 3704 1022 3768 Bertbolclus
1043 3707 1095 3781 18,
1121 3707 1159 3768 cle

67 3843 77 3868 r
92 3819 233 3884 Seuieutiu
248 3827 279 3883 et
293 3840 327 3882 re
339 3815 500 3902 judicatu).
522 3847 536 3874 r

97 3932 237 4014 Quusrlo
250 3940 296 4002 3³.
315 3971 359 3984 -
378 3938 492 4015 Quibus
504 3939 601 4000 modis
614 3941 682 4017 puis
699 3940 899 3998 comittuntur
907 3941 1097 4002 coutumuu?
1111 3971 1157 3988 -
1184 3991 1187 3996 ,

66 4071 76 4095 «
95 4049 122 4110 1ο
140 4049 341 4116 contumacia
358 4039 573 4116 'committitur
586 4049 716 4134 qnando
735 4067 811 4115 reus
832 4049 938 4116 tribus
956 4049 1082 4129 edictis,
1099 4061 1157 4118 unt
1209 4097 1212 4102 >

67 4181 149 4228 «uno
165 4167 245 4252 (moe
264 4163 376 4249 trium)
393 4167 614 4251 peremptorie
634 4169 761 4242 citatus,
781 4172 815 4231 et
837 4165 926 4232 nulla
948 4164 1035 4250 justa
1061 4185 1158 4232 causa

67 4273 262 4360 «inpeditus,
280 4299 345 4346 non
359 4286 536 4362 comparet.
557 4283 591 4346 2⁰
608 4278 746 4362 Quando
772 4299 849 4346 reus
866 4279 1025 4346 malitiose
1044 4296 1079 4346 se
1100 4279 1163 4348 ab·

66 4398 198 4474 «uniat,
226 4404 283 4462 eut
311 4403 464 4481 procuret
494 4415 555 4480 per
577 4414 611 4464 se
640 4396 695 4462 vel
717 4415 778 4483 per
799 4396 907 4474 alium,
927 4415 969 4462 ne
989 4394 1103 4462 citatio·
1115 4393 1159 4462 ad
