2914 5122
431 387 437 398 ·
505 375 583 424 rans
607 373 764 424 sacuam.
1135 363 1190 424 131

105 501 183 568 forna
195 503 301 568 minus
318 501 522 586 perfectum3
538 503 638 566 immo
647 509 681 566 et
693 502 729 564 in
741 501 849 584 seipso
864 499 1105 566 consideratum
1120 521 1198 568 non·

104 617 184 684 nulus
194 617 345 684 defectus
355 615 536 684 recondere
551 638 558 682 :
577 625 691 684 atvero
710 616 871 696 absolute,
895 625 931 694 et
950 617 1062 700 positis
1079 617 1197 702 quibus

102 733 162 800 libet
178 735 369 800 societatum
390 735 658 811 circumstantiis,
680 733 857 798 barbarum
879 731 963 798 illud
981 731 1193 817 etinjustum,

102 869 145 916 nec
162 871 225 916 non
238 852 377 936 sapienti
390 851 576 936 legislatore
587 849 767 935 indiguum,
784 847 930 933 prudens
947 867 1045 914 nemo
1062 848 1193 915 dixerit.

132 967 321 1034 Prorosmo
349 969 418 1033 ΙΨ.
450 1005 495 1015 -
517 971 709 1032 accusatoria
742 969 864 1047 formo,
890 973 983 1048 prout
1006 972 1039 1029 ia
1063 967 1195 1030 Ecclesia

100 1085 216 1158 allicuit,
243 1087 319 1147 bona
337 1088 419 1164 fuit‚·
436 1089 496 1147 imo
504 1087 660 1166 prioribus
673 1085 791 1146 seculis
805 1089 902 1164 mapts
914 1085 1014 1145 decuit
1031 1101 1096 1144 cam
1110 1083 1197 1146 adbi-

99 1200 153 1261 bai.
170 1200 295 1264 -Etsi
308 1199 512 1283 aliquatenus
533 1198 646 1264 vitiosa
670 1196 780 1283 quoad
802 1199 956 1263 saeculare
979 1197 1087 1264 forum
1112 1200 1195 1262 aesti-

98 1313 193 1380 manda
216 1315 304 1382 foret
323 1316 514 1382 accusatorii
534 1333 707 1399 processus
730 1315 901 1391 institutio,
923 1315 1053 1398 qualem
1077 1333 1195 1398 nempe

97 1449 152 1495 eam
161 1432 376 1496 Romanorum
388 1429 441 1516 jus
454 1431 703 1497 determinatam
719 1430 863 1508 exhibet,
880 1427 1027 1513 ejusdem
1038 1437 1149 1495 tamen
1160 1431 1194 1495 in

95 1545 214 1630 antiquis
227 1545 375 1610 Ecclesiae
389 1543 517 1629 judiciis
537 1563 614 1609 usus
631 1561 837 1628 nequaquam
853 1545 968 1608 nonius
983 1550 1040 1608 aut
1059 1544 1195 1610 vitiosus

95 1663 222 1746 reputari
235 1662 386 1728 deberet.
403 1663 484 1728 Nam

127 1783 159 1842 1⁰
171 1781 348 1846 Memorato
361 1779 449 1844 illius
475 1779 588 1846 forma
606 1779 694 1856 vitia,
711 1779 888 1862 antiquitus
903 1779 936 1842 in
951 1777 1024 1844 foro
1040 1777 1193 1845 ecclesia·

93 1895 167 1974 atico,
182 1904 237 1961 aut
251 1896 348 1979 plane
363 1896 613 1972 evanescebant,
631 1902 688 1960 aut
713 1893 982 1978 equivalentibus
998 1894 1193 1960 utilitatibus

93 2011 379 2096 compensabantur.
406 2010 445 2076 Id
459 2011 616 2094 imprimis
642 2008 866 2075 adnotandum
883 2006 1078 2074 adduximus
1092 2007 1194 2076 deal·

91 2131 152 2190 tera
163 2145 202 2192 ex
217 2146 316 2211 supra
334 2125 429 2192 dictis
445 2126 643 2204 defectibus,
659 2123 748 2211 quod
763 2143 881 2206 nempe
901 2126 1106 2191 accusatorias
1126 2126 1194 2194 ior·

92 2243 314 2321 natustitutio,
334 2243 463 2308 exclusa
477 2242 687 2327 inquisitoria,
705 2241 943 2326 quamplurima
957 2240 1076 2306 delicta
1086 2243 1193 2326 impu-

90 2357 145 2422 nita
174 2359 345 2444 relinquat.
381 2359 508 2424 Delicta
541 2358 626 2423 enim
647 2372 718 2442 quaa
746 2357 972 2422 ecclesiasticae
1001 2360 1190 2424 coercitioni

90 2470 251 2556 subjacent,
267 2472 376 2538 velita
391 2479 550 2539 notasunt
562 2481 600 2537 ut
616 2470 803 2537 scandalum
816 2479 980 2552 moveant,
996 2474 1048 2537 vel
1064 2473 1098 2537 in
1113 2490 1190 2556 paa-

89 2597 185 2652 corum
199 2587 369 2654 dumtaxat
390 2589 535 2655 notitiam
561 2587 750 2652 devenere:
770 2588 951 2665 etiterum,
975 2589 1028 2652 vel
1042 2586 1112 2672 ejus
1131 2607 1188 2665 na·

88 2709 157 2767 tara
168 2714 240 2770 sunt
250 2713 287 2770 ut
297 2704 482 2788 periculum
499 2703 719 2770 subversionis
736 2704 916 2766 animarum
930 2719 1041 2766 secum
1054 2703 1185 2768 trahant

89 2817 181 2903 (quale
203 2830 263 2899 est,
292 2821 388 2888 verbi
414 2821 530 2904 gratia,
556 2820 715 2885 haereseos
735 2815 884 2900 facinus),
908 2818 962 2883 vel
986 2817 1188 2905 delinquenti

87 2933 136 2998 soli
156 2937 247 3001 noxia
272 2943 359 3013 sunt,
380 2937 509 3000 caeteris
530 2933 608 2999 inde
631 2933 813 3018 periculum
832 2952 896 2997 non
920 2934 1183 2999 incurrentibus:

87 3049 167 3131 quale
191 3057 296 3129 esset,
321 3049 416 3116 verbi
441 3050 563 3134 gratia,
587 3055 757 3133 peccatum
781 3046 909 3124 clerici,
937 3047 1030 3132 cujus
1049 3055 1185 3115 externa

88 3165 187 3248 agendi
203 3169 288 3232 ratio
306 3167 340 3230 in
366 3166 611 3232 aedificationem
633 3171 805 3247 vergeret,
834 3164 983 3247 quamvis
1007 3164 1049 3230 de
1076 3167 1184 3251 aliquo

88 3274 189 3351 delicto
207 3284 336 3349 occulte
353 3283 612 3367 abipsopatrato
629 3281 727 3364 aliqui
747 3281 903 3344 certiores
917 3279 1037 3346 forent.
1060 3281 1092 3345 Si
1101 3281 1183 3348 deli-

87 3399 170 3475 ctum,
184 3405 326 3481 utpotea
341 3395 1053 3481 pauciseognituna,scandalumnonmaveat,
1066 3397 1182 3464 neoda

86 3509 115 3574 iis
125 3513 161 3576 sit
180 3535 197 3579 e
216 3516 334 3600 quibus
349 3516 526 3579 animarum
541 3513 709 3579 subversio
729 3512 821 3597 sequi
836 3513 930 3589 solet,
949 3513 1081 3596 expedit
1099 3515 1180 3580 illud

87 3621 273 3710 dissimulari,
289 3641 324 3697 et
339 3631 509 3716 judiciario
527 3649 682 3714 processu
704 3648 769 3694 non
787 3630 932 3694 coerceri
954 3649 960 3694 :
986 3629 1180 3714 inquirendo

86 3746 196 3812 enimin
206 3747 367 3834 ejusmodi
377 3748 543 3826 delictum,
557 3747 660 3834 jadex
671 3746 870 3840 scandalum,
881 3744 970 3831 quod
982 3766 1045 3811 non
1057 3749 1176 3828 existit,

87 3864 244 3949 excitaret3
258 3885 320 3930 nec
338 3867 458 3930 malum
477 3885 518 3930 ex
535 3885 574 3931 eo
595 3864 746 3929 scandalo
761 3869 870 3928 ortum
887 3863 1016 3945 publica
1036 3862 1179 3932 vindicta

86 3973 195 4062 integre
219 3991 457 4065 compensaret.
486 3982 568 4046 Hinc
598 3989 769 4065 postquam
795 3980 894 4045 etiam
925 3981 959 4042 in
983 3959 1178 4045 ordinariam

87 4096 196 4162 transiit
211 4099 411 4184 inquisitoria
426 4099 540 4177 forma,
559 4115 623 4161 non
636 4097 728 4161 licuit
747 4113 818 4160 eam
833 4095 990 4161 adhibere
1002 4097 1062 4160 nisi
1075 4098 1179 4161 incri-

88 4207 160 4274 mina
173 4209 213 4278 de
226 4232 364 4298 quorum
380 4218 463 4294 sama
482 4216 578 4297 plene
588 4214 678 4297 prius
692 4221 868 4278 constaret.
886 4213 953 4276 Nec
967 4210 1179 4276 dicaturtunc

86 4319 188 4409 negligi
195 4328 306 4395 saltem
321 4331 422 4413 ipsius
437 4329 655 4414 delinquentis
669 4326 869 4412 spiritualem
877 4328 1015 4392 salutem
1029 4335 1063 4390 et
1072 4345 1181 4391 emen·-

86 4435 241 4510 dationem.
264 4448 335 4512 Non
350 4447 468 4513 desunt
484 4448 571 4512 enim
585 4446 736 4512 Ecclesiae
750 4444 809 4509 alia
825 4443 954 4531 (quibus
964 4451 1053 4506 caret
1081 4459 1179 4507 sacu-
