2838 5114
484 377 564 426 rsus
586 377 744 426 sacuam.
1107 359 1168 421 tut

74 499 159 565 olibi
174 517 251 566 raro
262 501 468 568 examinandi
487 507 584 568 erunt
601 506 703 567 testes
717 500 870 566 absentes
885 503 978 564 extra
1000 498 1109 564 locum
1119 498 1172 584 ju-

75 643 88 673 «ι
104 615 185 694 dicii,
206 617 278 683 fieri
304 618 386 684 solet
416 621 559 702 ipsorum
584 618 779 700 nominati03
812 623 847 681 et
872 622 1031 698 petuntur
1052 615 1171 682 litterae

74 733 364 799 «commissoriales
389 753 447 799 seu
466 735 612 809 missivae,
642 733 696 798 vel
721 731 951 798 remissoriales
975 731 1018 798 ad
1041 739 1170 816 partes3

73 866 166 934 «qun
184 849 316 938 (litterae)
332 851 519 937 diriguntur
527 851 692 937 judicibus
708 851 878 918 ordinariis
891 852 1047 930 locorum,
1058 851 1092 916 in
1104 853 1173 936 qui-

73 988 86 1025 «
101 965 157 1030 bus
174 975 276 1033 testes
294 967 499 1034 exammandi
515 970 737 1046 inveniuntur,
753 966 932 1033 dummodo
946 969 982 1054 (ii
989 972 1110 1050 jndices
1126 989 1174 1032 or-

73 1064 213 1146 actinnrii
229 1083 381 1169 portentu)
397 1087 540 1169 suspecti
565 1105 631 1150 non
655 1085 788 1150 fuerint.
806 1087 883 1174 Post
905 1086 1174 1150 transmissionem

73 1201 292 1280 «litterarum,
306 1201 409 1287 judex
426 1204 648 1270 remissorialis
667 1211 778 1269 monet
794 1209 903 1286 partes
921 1202 964 1266 cd
982 1203 1177 1268 interessen-

73 1337 86 1374 r
104 1315 178 1381 dum
190 1315 315 1400 judicio
332 1321 486 1384 examinis
501 1321 651 1403 testium;
669 1316 859 1402 assiguando
870 1318 979 1383 locum
999 1323 1032 1382 et
1047 1325 1178 1400 tempus

74 1441 244 1518 «certum3
264 1442 298 1499 et
316 1444 432 1518 postea
451 1437 633 1502 successive
654 1438 791 1501 servatis
813 1434 992 1512 servandis,
1017 1435 1088 1500 illos
1103 1453 1174 1499 exa·

74 1548 234 1614 nminabit
256 1567 356 1633 super
380 1551 525 1616 articulis
547 1553 666 1616 actoris
692 1560 726 1616 et
747 1550 1003 1634 interrogatoriis
1028 1551 1086 1616 Rei
1109 1570 1180 1616 con-

74 1665 201 1742 «venti,
226 1664 279 1731 vel
294 1685 313 1730 e
329 1685 496 1732 converso.
520 1692 537 1729 o

109 1782 192 1846 XIV.
218 1786 263 1846 De
272 1785 476 1864 publicatione
495 1791 625 1849 testium.
644 1821 689 1833 -
715 1811 729 1843 a
749 1785 923 1867 completis
937 1783 1056 1849 deiude
1070 1783 1183 1866 proba·

76 1919 89 1954 a
106 1895 259 1974 tionibus,
282 1897 500 1982 absolutisque
518 1901 651 1964 testium
668 1900 878 1976 examinibus,
900 1900 939 1965 lit
961 1899 1135 1983 publicatio
1150 1901 1183 1963 in

75 2029 222 2095 acausa3
238 2031 300 2094 per
321 2031 418 2097 quam
440 2015 689 2080 manifestantur
710 2017 840 2100 utrique
867 2017 953 2098 parti
970 2016 1075 2082 omnia
1097 2015 1184 2081 dicta

74 2129 247 2193 «testium.
266 2153 284 2190 n

110 2243 176 2309 XV.
195 2249 239 2308 De
252 2248 372 2327 repntso
391 2254 420 2308 et
435 2249 641 2327 reprobatione
652 2254 782 2310 testium.
798 2279 842 2294 --
857 2271 872 2308 a
891 2249 1026 2314 Peracta
1042 2249 1184 2331 publica·

72 2379 86 2417 a
106 2359 192 2425 tione
210 2360 245 2423 in
268 2379 374 2437 causa,
396 2369 430 2426 et
446 2363 519 2426 visis
534 2380 595 2445 per
608 2371 717 2445 partes
732 2364 945 2447 collitigcntes
962 2365 1093 2429 testium
1109 2385 1185 2430 exa-

72 2495 86 2533 «
101 2475 257 2553 minibus,
276 2478 346 2559 peti
365 2478 449 2543 solet
467 2477 507 2542 ab
525 2479 627 2543 altera
651 2499 693 2543 ex
712 2480 789 2562 ipsis
804 2481 980 2563 repulsatio
997 2499 1055 2546 seu
1074 2499 1185 2564 repro

72 2592 192 2658 abatio
218 2593 362 2676 ipsorum
391 2594 523 2658 testium
557 2597 822 2660 examinatorum.
847 2597 916 2678 Qua
949 2616 1010 2681 per
1038 2595 1183 2680 judicem

72 2722 276 2787 «concesso,
302 2709 512 2790 repulsantur
543 2710 628 2774 intra
658 2712 833 2775 terminum
861 2712 1056 2795 assignatum
1079 2719 1182 2779 testes

72 2844 87 2880 a
106 2840 165 2903 pro
180 2831 275 2906 parte
289 2821 425 2888 adversa
438 2823 620 2903 examinati,
643 2831 676 2889 et
697 2827 921 2909 approbantur
942 2827 994 2892 alii
1008 2829 1179 2894 examinati

73 2959 86 2995 a
103 2955 162 3020 pro
177 2957 225 3002 se.
249 2939 417 3003 Terminus
432 2945 542 3004 autem
558 2941 696 3023 repulsae
716 2950 766 3008 cst
789 2941 945 3009 medietas
959 2947 1090 3010 termini
1106 2965 1181 3030 pro

72 3073 86 3110 a
103 3053 278 3136 batorii...;
296 3062 330 3118 et
355 3055 458 3119 currit
479 3053 520 3120 de
547 3065 712 3123 momento
738 3058 781 3122 ad
799 3067 1012 3126 momentum.
1043 3063 1180 3146 Expleto

71 3189 85 3226 a
102 3169 251 3235 examine
266 3171 399 3234 testium
412 3171 720 3253 reprobatoriorum,
733 3174 771 3239 fit
785 3175 960 3258 publicatio
976 3178 1009 3242 in
1021 3197 1116 3244 causa
1131 3199 1179 3246 re·

70 3283 243 3365 epona.»

108 3399 192 3466 xvi.
212 3403 257 3464 De
274 3405 395 3482 repulso
409 3406 545 3485 reputare.
561 3441 605 3452 -—
624 3428 639 3467 a
657 3405 786 3472 Deinde
801 3407 828 3472 si
838 3407 940 3479 ultera
952 3429 1027 3493 pars
1041 3409 1177 3478 adversa

76 3536 91 3574 c
104 3515 283 3600 reprobare
305 3518 445 3583 voluerit
462 3525 563 3585 testes
583 3521 833 3603 reprobatorios,
859 3532 971 3606 petere
997 3533 1104 3609 potest
1124 3548 1176 3592 re·

72 3632 228 3714 «pulsam
255 3634 412 3716 repulsae,
437 3633 542 3712 idest,
562 3638 659 3702 alium
677 3641 849 3704 terminum
874 3642 916 3707 ad
945 3643 1178 3725 repulsandum

72 3769 86 3806 a
101 3755 201 3814 testes
215 3749 411 3814 examinatos
429 3768 489 3833 pro
505 3751 635 3835 repulsa
646 3755 779 3819 testium
792 3758 1047 3823 exaruinatorum
1062 3759 1095 3823 in
1110 3767 1177 3825 ter-

72 3885 86 3924 «
104 3865 189 3931 mino
204 3864 403 3949 probatorio.
418 3867 483 3930 Iste
500 3873 610 3932 autem
625 3871 783 3934 terminus
797 3872 1026 3939 concedendus
1040 3882 1090 3941 est
1101 3875 1177 3942 bress

72 4002 86 4040 a
107 3981 293 4047 vissimus...
317 3982 454 4048 Peracto
474 3991 586 4065 postea
606 3987 764 4064 examine,
786 3987 822 4052 fit
837 3991 933 4054 etiem
948 3989 1125 4074 publicatio
1144 3993 1177 4058 in

73 4119 87 4155 a
103 4097 162 4162 hac
187 4096 331 4164 secunda
355 4099 505 4182 repulsa;
533 4108 566 4164 et
585 4107 662 4165 tunc
686 4103 881 4186 regulariter
901 4126 965 4171 non
986 4107 1085 4174 datur
1098 4110 1178 4175 alius

73 4216 307 4280 «terminus»
482 4221 490 4230 ”

114 4332 212 4398 XVII.
232 4337 276 4396 De
292 4335 476 4398 conclusione
500 4340 532 4399 in
550 4355 651 4400 censo.
670 4375 715 4387 -
731 4361 747 4399 a
768 4339 913 4404 Peractis
936 4343 1083 4408 omnibus
1104 4363 1180 4428 pro·

76 4446 341 4525 cbatiouibus...,
360 4447 397 4513 fit
417 4450 579 4516 conclusio
606 4453 639 4516 in
660 4471 766 4519 causa.
785 4456 863 4536 Quae
882 4455 1182 4544 (concinnatopera-
