2948 5126
490 337 570 392 runs
592 335 751 389 securus.
1133 328 1171 392 dt

83 491 93 514 a
107 461 235 546 suspicio
251 459 389 547 alicujus
402 463 554 528 criminis.
570 462 637 526 Hac
652 468 791 526 utuntur
806 459 980 528 Prolatiet
991 465 1177 549 superiores

81 578 131 640 «iu
143 578 323 654 visitatione
340 578 515 663 provincia·
528 577 714 643 etlocorum
727 575 959 662 subjectorum.
972 579 1176 650 Secundaest

81 701 211 758 *ommno
230 699 380 777 specialis,
403 714 467 780 qua
487 694 529 762 de
548 703 638 760 certa
658 713 796 778 persona
816 694 906 761 etde
931 706 1023 762 certo
1041 701 1175 766 crimine

79 837 90 862 ιι
101 811 265 894 quaeritur3
286 810 382 876 verbi
392 813 506 895 gratim
522 831 563 878 an
580 811 699 876 Petrus
710 811 906 878 commiserit
921 812 1097 896 simoniam,
1108 815 1176 882 fur-

79 931 173 1002 «tum‚
191 933 258 990 etc.
288 925 396 990 Tertia
415 933 466 991 est
488 931 599 1004 mixto,
619 922 750 1009 quondo
769 924 822 990 vel
852 925 957 992 solum
980 928 1102 994 crimen
1123 939 1174 997 est

78 1041 243 1125 «speciale,
257 1043 311 1108 vel
323 1041 390 1111 sola
401 1061 558 1126 persona:
571 1050 619 1120 ut,
634 1042 706 1126 quis
717 1041 835 1108 fecerit
847 1042 937 1110 istud
947 1043 1169 1112 homicidium:

77 1159 259 1224 ·anPctrus
273 1165 385 1224 servet
402 1165 524 1224 statuta
546 1157 598 1222 rel
612 1156 833 1224 ordinationes
844 1158 1029 1242 synodales.
1047 1191 1060 1216 υ
1083 1161 1173 1248 [Les-

74 1270 136 1349 siun,
151 1275 186 1336 dc
207 1276 283 1336 lure
299 1281 329 1336 ct
353 1276 494 1352 lasciuo,
518 1272 602 1338 libro
619 1275 650 1350 2,
667 1292 739 1356 cap.
758 1275 812 1353 29,
833 1293 866 1339 11.
887 1272 975 1358 107.)
993 1276 1175 1344 bisantem

36 1405 44 1426 ’
74 1387 163 1452 tribus
175 1388 392 1472 inquisitionis
406 1387 579 1473 speciebus
593 1390 745 1454 convenit
763 1386 862 1454 modo
877 1387 999 1455 tradita
1013 1388 1185 1476 definiti03.

74 1504 94 1566 si
107 1503 231 1588 quidem
249 1505 283 1568 in
296 1523 502 1589 unaquaque,
517 1502 620 1589 judex
633 1506 702 1588 agit
714 1503 1000 1588 attengendum,
1013 1506 1174 1592 anulique

74 1637 193 1700 persona
206 1619 344 1706 aliorum
356 1619 468 1687 delicti
482 1628 597 1685 auctor
615 1623 667 1686 sit.

108 1737 352 1816 Qaaeubetvero
367 1737 526 1804 extribus
545 1736 697 1812 indicatis
708 1736 898 1822 inquirendi
910 1738 1033 1819 formis,
1055 1740 1174 1808 iterum

74 1850 209 1936 distingui
225 1861 334 1937 potest
353 1856 387 1920 in
408 1862 576 1938 paternam
592 1862 626 1922 et
639 1853 826 1939 judicialem
840 1876 847 1920 :
861 1863 993 1938 paterna
1010 1855 1059 1922 ad‘
1071 1855 1175 1924 delin-

75 1968 228 2050 qucntium
242 1967 506 2036 emendationem
515 1969 882 2054 instituitur3jrrdictntts
891 1979 1001 2038 autem
1015 1971 1057 2040 ad
1068 1972 1176 2058 publi·

76 2101 136 2148 mm
147 2083 256 2153 delicti
279 2084 476 2168 vindictam,
496 2093 531 2152 et
551 2086 790 2170 inexemplum
811 2087 940 2154 cacteris
950 2087 1169 2172 profuturnm.

75 2199 141 2279 Qua
163 2220 275 2268 norma
300 2201 335 2266 in
356 2202 490 2286 singulis
521 2200 681 2286 ejusmodi
705 2200 890 2286 inquirendi
919 2203 1023 2273 mous
1046 2206 1172 2274 servari

75 2313 192 2397 debeat,
204 2337 291 2384 nunc
308 2319 398 2386 venit
412 2316 677 2404 expendendum.
696 2316 763 2384 Sed
791 2337 867 2384 cum
882 2317 950 2386 haec
971 2321 1172 2404 procedendi

75 2450 172 2498 norma
183 2436 347 2519 precipue
361 2434 504 2519 pendeat
519 2454 538 2500 a
557 2432 794 2500 fundamentali
804 2437 992 2522 quaestione,
1010 2459 1051 2503 aa
1066 2447 1188 2502 contra,

74 2569 229 2632 quempiam
246 2555 356 2636 absque
367 2554 553 2634 praecedente
569 2555 698 2632 infamio
714 2558 812 2633 possit
834 2558 1022 2635 inquisitore
1033 2559 1166 2637 procede,

74 2663 138 2732 idco
160 2668 368 2753 questionem
389 2667 470 2734 hanc
503 2669 538 2732 in
569 2675 774 2736 antecessum
803 2667 920 2736 sedulo
943 2670 1170 2740 excutiendam

75 2779 219 2850 duximus.

565 3041 580 3114 5
604 3038 648 3101 ΙΙ.

129 3264 311 3318 enumeratis
324 3267 430 3332 questio,
444 3276 523 3318 auam
534 3268 623 3331 absque
631 3267 717 3330 previa
730 3264 825 3316 infamia
836 3267 911 3330 possit
923 3266 947 3316 tn
961 3278 1100 3331 quanquam
1162 3316 1166 3324 ,
1184 3305 1188 3316 .

485 3361 632 3426 inquisitoric
643 3359 749 3426 procedi.

109 3591 268 3678 Multiplex
284 3609 378 3658 casus
397 3587 645 3674 distinguendus
664 3596 732 3656 est:
753 3607 846 3667 nam,
866 3590 919 3655 rel
937 3590 1046 3672 agitur
1059 3589 1101 3655 de
1116 3590 1185 3672 in-¹

74 3707 225 3786 quisitione
248 3708 412 3796 generali,
434 3708 489 3774 vel
511 3705 554 3773 de
573 3707 691 3785 mixta,
713 3705 768 3770 vel
789 3704 831 3770 dc
849 3707 1003 3788 speciali:
1023 3707 1162 3786 iterum,
1182 3763 1185 3777 ,

74 3821 117 3884 rol
129 3820 225 3905 judex
240 3823 482 3890 ecclesiasticus
500 3821 652 3906 procedit
666 3842 707 3886 ex
720 3841 801 3884 mero
814 3822 910 3902 officio
925 3821 1100 3908 (sea-nullo
1116 3827 1167 3892 in-
1182 3889 1185 3896 ,

74 3937 189 4022 stante),
210 3941 263 4004 rel
283 3938 328 4006 ad
353 3939 537 4006 instantiam
556 3938 752 4022 promotoris
775 3936 1014 4016 denuntiantis,
1045 3941 1099 4006 vel
1123 3940 1165 4006 ad

74 4049 236 4122 instantiam
261 4053 500 4122 denuntiatoris
522 4055 641 4138 privati
665 4075 673 4120 :
698 4054 819 4120 iterum
843 4053 996 4140 quaeiibet
1021 4075 1062 4120 ex
1082 4042 1188 4141 pram,

76 4167 246 4238 cedentibus
270 4171 550 4260 inquisitionibus,
578 4169 632 4236 vel
657 4168 912 4254 judicialium,
945 4171 999 4238 vel
1028 4179 1166 4257 paterna

77 4278 236 4353 dumtaxat
254 4279 402 4374 Relative
425 4285 467 4353 ad
487 4287 547 4352 hos
570 4304 681 4374 omnes
703 4305 796 4356 casus
816 4286 1010 4353 resolvenda
1031 4291 1184 4372 questio·

79 4404 128 4460 est.
