<?xml version="1.0" encoding="UTF-8"?>
<!DOCTYPE html PUBLIC "-//W3C//DTD XHTML 1.0 Transitional//EN"
    "http://www.w3.org/TR/xhtml1/DTD/xhtml1-transitional.dtd">
<html xmlns="http://www.w3.org/1999/xhtml" xml:lang="en" lang="en">
 <head>
  <title>
</title>
<meta http-equiv="Content-Type" content="text/html;charset=utf-8" />
  <meta name='ocr-system' content='tesseract 3.04.00' />
  <meta name='ocr-capabilities' content='ocr_page ocr_carea ocr_par ocr_line ocrx_word'/>
</head>
<body>
  <div class='ocr_page' id='page_1' title='image "./tractatusdejudi01bouigoog_0602.png"; bbox 0 0 2930 5114; ppageno 0'>
   <div class='ocr_carea' id='block_1_1' title="bbox 510 339 1198 402">
    <p class='ocr_par' dir='ltr' id='par_1_1' title="bbox 510 339 1198 402">
     <span class='ocr_line' id='line_1_1' title="bbox 510 339 1198 402; baseline 0 -2"><span class='ocrx_word' id='word_1_1' title='bbox 510 353 588 401; x_wconf 77' lang='lat' dir='ltr'><em>unns</em></span> <span class='ocrx_word' id='word_1_2' title='bbox 611 352 769 402; x_wconf 76' lang='lat' dir='ltr'><em>secunus.</em></span> <span class='ocrx_word' id='word_1_3' title='bbox 1137 339 1198 401; x_wconf 82' lang='lat'><em>593</em></span> 
     </span>
    </p>
   </div>
   <div class='ocr_carea' id='block_1_2' title="bbox 77 476 1212 3359">
    <p class='ocr_par' dir='ltr' id='par_1_2' title="bbox 80 476 1197 912">
     <span class='ocr_line' id='line_1_2' title="bbox 80 476 1197 561; baseline 0.004 -23"><span class='ocrx_word' id='word_1_4' title='bbox 80 496 139 558; x_wconf 90' lang='lat' dir='ltr'><em>pro</em></span> <span class='ocrx_word' id='word_1_5' title='bbox 155 476 212 539; x_wconf 82' lang='lat' dir='ltr'><em>too</em></span> <span class='ocrx_word' id='word_1_6' title='bbox 225 481 347 559; x_wconf 89' lang='lat' dir='ltr'><em>cioejus</em></span> <span class='ocrx_word' id='word_1_7' title='bbox 361 477 492 560; x_wconf 81' lang='lat' dir='ltr'><em>dipendi</em></span> <span class='ocrx_word' id='word_1_8' title='bbox 511 484 576 560; x_wconf 91' lang='lat' dir='ltr'><em>ipso</em></span> <span class='ocrx_word' id='word_1_9' title='bbox 594 482 675 560; x_wconf 74' lang='lat' dir='ltr'><em>facto</em></span> <span class='ocrx_word' id='word_1_10' title='bbox 690 500 752 542; x_wconf 90' lang='lat' dir='ltr'><em>esse</em></span> <span class='ocrx_word' id='word_1_11' title='bbox 770 485 933 543; x_wconf 86' lang='lat' dir='ltr'><em>omissuros</em></span> <span class='ocrx_word' id='word_1_12' title='bbox 951 483 1197 561; x_wconf 75' lang='lat' dir='ltr'><strong><em>pronuntiamus.</em></strong></span> 
     </span>
     <span class='ocr_line' id='line_1_3' title="bbox 80 594 1195 677; baseline 0.001 -21"><span class='ocrx_word' id='word_1_13' title='bbox 80 596 133 656; x_wconf 84' lang='lat' dir='ltr'><em>Ito</em></span> <span class='ocrx_word' id='word_1_14' title='bbox 150 594 204 655; x_wconf 83' lang='lat' dir='ltr'><em>itoc</em></span> <span class='ocrx_word' id='word_1_15' title='bbox 219 601 249 656; x_wconf 92' lang='lat' dir='ltr'><em>ei</em></span> <span class='ocrx_word' id='word_1_16' title='bbox 262 599 344 657; x_wconf 87' lang='lat' dir='ltr'><em>omni</em></span> <span class='ocrx_word' id='word_1_17' title='bbox 358 597 477 657; x_wconf 86' lang='lat' dir='ltr'><em>rudiori</em></span> <span class='ocrx_word' id='word_1_18' title='bbox 486 597 584 658; x_wconf 90' lang='lat' dir='ltr'><em>modo.</em></span> <span class='ocrx_word' id='word_1_19' title='bbox 598 599 686 674; x_wconf 87' lang='lat' dir='ltr'><em>Laio,</em></span> <span class='ocrx_word' id='word_1_20' title='bbox 706 598 782 659; x_wconf 88' lang='lat' dir='ltr'><em>lecto</em></span> <span class='ocrx_word' id='word_1_21' title='bbox 803 603 832 658; x_wconf 89' lang='lat' dir='ltr'><em>et</em></span> <span class='ocrx_word' id='word_1_22' title='bbox 846 598 1000 677; x_wconf 85' lang='lat' dir='ltr'><em>publicato</em></span> <span class='ocrx_word' id='word_1_23' title='bbox 1014 597 1074 674; x_wconf 78' lang='lat' dir='ltr'><em>suit</em></span> <span class='ocrx_word' id='word_1_24' title='bbox 1091 598 1195 674; x_wconf 90' lang='lat' dir='ltr'><em>die...,</em></span> 
     </span>
     <span class='ocr_line' id='line_1_4' title="bbox 80 715 1195 795; baseline 0.002 -23"><span class='ocrx_word' id='word_1_25' title='bbox 80 715 249 790; x_wconf 88' lang='lat' dir='ltr'><em>mensis...,</em></span> <span class='ocrx_word' id='word_1_26' title='bbox 268 717 382 776; x_wconf 87' lang='lat' dir='ltr'><em>enni...</em></span> <span class='ocrx_word' id='word_1_27' title='bbox 404 716 517 776; x_wconf 85' lang='lat' dir='ltr'><em>-Itu</em></span> <span class='ocrx_word' id='word_1_28' title='bbox 533 717 800 794; x_wconf 71' lang='lat' dir='ltr'><em>pronuntiavimus</em></span> <span class='ocrx_word' id='word_1_29' title='bbox 816 733 873 795; x_wconf 95' lang='lat' dir='ltr'><em>pro</em></span> <span class='ocrx_word' id='word_1_30' title='bbox 889 715 1036 775; x_wconf 81' lang='lat' dir='ltr'><em>tribunali</em></span> <span class='ocrx_word' id='word_1_31' title='bbox 1052 715 1195 775; x_wconf 79' lang='lat' dir='ltr'><em>sedentes.</em></span> 
     </span>
     <span class='ocr_line' id='line_1_5' title="bbox 80 831 756 912; baseline -0.006 -20"><span class='ocrx_word' id='word_1_32' title='bbox 80 862 126 872; x_wconf 95' lang='lat'>—</span> <span class='ocrx_word' id='word_1_33' title='bbox 139 832 196 907; x_wconf 86' lang='grc' dir='ltr'><em>Ν.,</em></span> <span class='ocrx_word' id='word_1_34' title='bbox 207 831 317 912; x_wconf 82' lang='lat' dir='ltr'><em>judeae.</em></span> <span class='ocrx_word' id='word_1_35' title='bbox 335 865 380 875; x_wconf 96' lang='lat'><em>-</em></span> <span class='ocrx_word' id='word_1_36' title='bbox 396 833 462 911; x_wconf 77' lang='lat' dir='ltr'><em>Epo</em></span> <span class='ocrx_word' id='word_1_37' title='bbox 478 834 518 894; x_wconf 93' lang='lat' dir='ltr'><em>N.</em></span> <span class='ocrx_word' id='word_1_38' title='bbox 523 879 534 910; x_wconf 92' lang='lat'><em>,</em></span> <span class='ocrx_word' id='word_1_39' title='bbox 555 834 720 892; x_wconf 87' lang='lat' dir='ltr'><em>actuarius.</em></span> <span class='ocrx_word' id='word_1_40' title='bbox 740 853 756 888; x_wconf 91' lang='lat'>»</span> 
     </span>
    </p>

    <p class='ocr_par' dir='ltr' id='par_1_3' title="bbox 81 942 1203 1147">
     <span class='ocr_line' id='line_1_6' title="bbox 126 942 1203 1030; baseline 0.006 -25"><span class='ocrx_word' id='word_1_41' title='bbox 126 942 255 1009; x_wconf 84' lang='lat' dir='ltr'><em>sivero</em></span> <span class='ocrx_word' id='word_1_42' title='bbox 276 964 336 1010; x_wconf 88' lang='lat' dir='ltr'><em>neo</em></span> <span class='ocrx_word' id='word_1_43' title='bbox 358 945 465 1028; x_wconf 85' lang='lat' dir='ltr'><em>plene,</em></span> <span class='ocrx_word' id='word_1_44' title='bbox 483 964 545 1010; x_wconf 87' lang='lat' dir='ltr'><em>nec</em></span> <span class='ocrx_word' id='word_1_45' title='bbox 564 944 752 1029; x_wconf 90' lang='lat' dir='ltr'><em>semi-plene</em></span> <span class='ocrx_word' id='word_1_46' title='bbox 770 943 907 1030; x_wconf 84' lang='lat' dir='ltr'><em>probata</em></span> <span class='ocrx_word' id='word_1_47' title='bbox 921 951 1089 1011; x_wconf 79' lang='lat' dir='ltr'><em>remanent</em></span> <span class='ocrx_word' id='word_1_48' title='bbox 1106 965 1203 1012; x_wconf 83' lang='lat' dir='ltr'><em>exee-</em></span> 
     </span>
     <span class='ocr_line' id='line_1_7' title="bbox 81 1059 988 1147; baseline 0.004 -24"><span class='ocrx_word' id='word_1_49' title='bbox 81 1059 206 1142; x_wconf 85' lang='lat' dir='ltr'><em>ptionis</em></span> <span class='ocrx_word' id='word_1_50' title='bbox 221 1080 326 1139; x_wconf 81' lang='lat' dir='ltr'><em>eausa,</em></span> <span class='ocrx_word' id='word_1_51' title='bbox 344 1063 576 1146; x_wconf 80' lang='lat' dir='ltr'><em>pronuntietur</em></span> <span class='ocrx_word' id='word_1_52' title='bbox 592 1062 751 1127; x_wconf 84' lang='lat' dir='ltr'><em>sententia</em></span> <span class='ocrx_word' id='word_1_53' title='bbox 766 1069 803 1127; x_wconf 93' lang='lat' dir='ltr'><em>ut</em></span> <span class='ocrx_word' id='word_1_54' title='bbox 817 1063 964 1147; x_wconf 91' lang='lat' dir='ltr'><em>sequitur</em></span> <span class='ocrx_word' id='word_1_55' title='bbox 981 1084 988 1127; x_wconf 91' lang='lat'>:</span> 
     </span>
    </p>

    <p class='ocr_par' dir='ltr' id='par_1_4' title="bbox 79 1175 1212 2662">
     <span class='ocr_line' id='line_1_8' title="bbox 130 1175 1198 1266; baseline 0.003 -26"><span class='ocrx_word' id='word_1_56' title='bbox 130 1204 147 1240; x_wconf 82' lang='lat' dir='ltr'><em>u</em></span> <span class='ocrx_word' id='word_1_57' title='bbox 164 1183 203 1244; x_wconf 92' lang='lat' dir='ltr'><em>In</em></span> <span class='ocrx_word' id='word_1_58' title='bbox 216 1185 344 1243; x_wconf 89' lang='lat' dir='ltr'><em>nomine.</em></span> <span class='ocrx_word' id='word_1_59' title='bbox 354 1229 375 1244; x_wconf 91' lang='lat'><em>..</em></span> <span class='ocrx_word' id='word_1_60' title='bbox 396 1180 440 1266; x_wconf 87' lang='lat' dir='ltr'><em>(et</em></span> <span class='ocrx_word' id='word_1_61' title='bbox 456 1179 581 1264; x_wconf 86' lang='lat' dir='ltr'><em>reliqua</em></span> <span class='ocrx_word' id='word_1_62' title='bbox 595 1187 633 1244; x_wconf 86' lang='lat' dir='ltr'><em>ut</em></span> <span class='ocrx_word' id='word_1_63' title='bbox 649 1180 753 1264; x_wconf 82' lang='lat' dir='ltr'><em>capite</em></span> <span class='ocrx_word' id='word_1_64' title='bbox 773 1175 841 1263; x_wconf 74' lang='lat'><em>47),</em></span> <span class='ocrx_word' id='word_1_65' title='bbox 858 1182 986 1242; x_wconf 86' lang='lat' dir='ltr'><em>dicimus</em></span> <span class='ocrx_word' id='word_1_66' title='bbox 1001 1183 1085 1243; x_wconf 87' lang='lat' dir='ltr'><em>nulio</em></span> <span class='ocrx_word' id='word_1_67' title='bbox 1100 1185 1198 1261; x_wconf 88' lang='lat' dir='ltr'><em>ruodo,</em></span> 
     </span>
     <span class='ocr_line' id='line_1_9' title="bbox 80 1299 1203 1380; baseline -0.001 -19"><span class='ocrx_word' id='word_1_68' title='bbox 80 1317 135 1361; x_wconf 90' lang='lat' dir='ltr'><em>neo</em></span> <span class='ocrx_word' id='word_1_69' title='bbox 142 1300 244 1380; x_wconf 82' lang='lat' dir='ltr'><em>plene,</em></span> <span class='ocrx_word' id='word_1_70' title='bbox 256 1315 307 1360; x_wconf 87' lang='lat' dir='ltr'><em>neo</em></span> <span class='ocrx_word' id='word_1_71' title='bbox 323 1299 493 1378; x_wconf 88' lang='lat' dir='ltr'><em>semi-piene</em></span> <span class='ocrx_word' id='word_1_72' title='bbox 501 1299 662 1377; x_wconf 83' lang='lat' dir='ltr'><em>probatum</em></span> <span class='ocrx_word' id='word_1_73' title='bbox 676 1315 838 1372; x_wconf 87' lang='lat' dir='ltr'><em>remanere,</em></span> <span class='ocrx_word' id='word_1_74' title='bbox 850 1299 1004 1359; x_wconf 86' lang='lat' dir='ltr'><em>dominum</em></span> <span class='ocrx_word' id='word_1_75' title='bbox 1017 1301 1054 1361; x_wconf 92' lang='lat' dir='ltr'><em>N.</em></span> <span class='ocrx_word' id='word_1_76' title='bbox 1063 1304 1203 1379; x_wconf 89' lang='lat' dir='ltr'><em>patrasse</em></span> 
     </span>
     <span class='ocr_line' id='line_1_10' title="bbox 80 1401 1200 1500; baseline 0 -22"><span class='ocrx_word' id='word_1_77' title='bbox 80 1417 239 1492; x_wconf 86' lang='lat' dir='ltr'><em>delictum,</em></span> <span class='ocrx_word' id='word_1_78' title='bbox 259 1420 376 1476; x_wconf 84' lang='lat' dir='ltr'><em>ratione</em></span> <span class='ocrx_word' id='word_1_79' title='bbox 391 1417 475 1495; x_wconf 77' lang='lat' dir='ltr'><em>cujus</em></span> <span class='ocrx_word' id='word_1_80' title='bbox 487 1419 642 1494; x_wconf 85' lang='lat' dir='ltr'><em>proposito</em></span> <span class='ocrx_word' id='word_1_81' title='bbox 656 1415 717 1492; x_wconf 78' lang='lat' dir='ltr'><em>fuit</em></span> <span class='ocrx_word' id='word_1_82' title='bbox 731 1419 881 1495; x_wconf 75' lang='lat' dir='ltr'><em>enuptio,-</em></span> <span class='ocrx_word' id='word_1_83' title='bbox 900 1431 1002 1495; x_wconf 83' lang='lat' dir='ltr'><em>roenpe</em></span> <span class='ocrx_word' id='word_1_84' title='bbox 1020 1412 1065 1500; x_wconf 87' lang='lat' dir='ltr'><em>(et</em></span> <span class='ocrx_word' id='word_1_85' title='bbox 1083 1413 1128 1478; x_wconf 86' lang='lat' dir='ltr'><em>ibi</em></span> <span class='ocrx_word' id='word_1_86' title='bbox 1145 1401 1200 1478; x_wconf 66' lang='lat' dir='ltr'><em>eu·</em></span> 
     </span>
     <span class='ocr_line' id='line_1_11' title="bbox 79 1525 1212 1614; baseline -0.004 -20"><span class='ocrx_word' id='word_1_87' title='bbox 79 1531 245 1614; x_wconf 78' lang='lat' dir='ltr'><em>primatus</em></span> <span class='ocrx_word' id='word_1_88' title='bbox 260 1527 414 1593; x_wconf 86' lang='lat' dir='ltr'><em>delictum</em></span> <span class='ocrx_word' id='word_1_89' title='bbox 437 1527 478 1592; x_wconf 86' lang='lat' dir='ltr'><em>nb</em></span> <span class='ocrx_word' id='word_1_90' title='bbox 495 1536 673 1610; x_wconf 85' lang='lat' dir='ltr'><em>exceptore</em></span> <span class='ocrx_word' id='word_1_91' title='bbox 690 1525 916 1610; x_wconf 83' lang='lat' dir='ltr'><em>propositum).</em></span> <span class='ocrx_word' id='word_1_92' title='bbox 939 1532 1137 1610; x_wconf 37' lang='lat' dir='ltr'><em>chepropter,</em></span> <span class='ocrx_word' id='word_1_93' title='bbox 1152 1532 1212 1591; x_wconf 57' lang='lat' dir='ltr'><em>dn·</em></span> 
     </span>
     <span class='ocr_line' id='line_1_12' title="bbox 80 1647 1204 1726; baseline 0 -18"><span class='ocrx_word' id='word_1_94' title='bbox 80 1653 180 1710; x_wconf 89' lang='lat' dir='ltr'><em>cimus</em></span> <span class='ocrx_word' id='word_1_95' title='bbox 194 1654 224 1708; x_wconf 87' lang='lat' dir='ltr'><em>ci</em></span> <span class='ocrx_word' id='word_1_96' title='bbox 238 1647 435 1724; x_wconf 82' lang='lat' dir='ltr'><em>declaramus,</em></span> <span class='ocrx_word' id='word_1_97' title='bbox 454 1647 635 1726; x_wconf 81' lang='lat' dir='ltr'><em>pradictum</em></span> <span class='ocrx_word' id='word_1_98' title='bbox 657 1647 810 1708; x_wconf 85' lang='lat' dir='ltr'><em>dominum</em></span> <span class='ocrx_word' id='word_1_99' title='bbox 835 1649 874 1708; x_wconf 89' lang='lat' dir='ltr'><em>N.</em></span> <span class='ocrx_word' id='word_1_100' title='bbox 898 1647 1204 1726; x_wconf 86' lang='lat' dir='ltr'><em>nuiioinepedirnento</em></span> 
     </span>
     <span class='ocr_line' id='line_1_13' title="bbox 80 1761 1207 1846; baseline 0.001 -21"><span class='ocrx_word' id='word_1_101' title='bbox 80 1769 226 1828; x_wconf 84' lang='lat' dir='ltr'><em>canonico</em></span> <span class='ocrx_word' id='word_1_102' title='bbox 240 1765 380 1842; x_wconf 81' lang='lat' dir='ltr'><em>detineri,</em></span> <span class='ocrx_word' id='word_1_103' title='bbox 398 1767 554 1842; x_wconf 80' lang='lat' dir='ltr'><em>quoruinus</em></span> <span class='ocrx_word' id='word_1_104' title='bbox 568 1764 640 1842; x_wconf 82' lang='lat' dir='ltr'><em>eiipi</em></span> <span class='ocrx_word' id='word_1_105' title='bbox 650 1767 747 1843; x_wconf 90' lang='lat' dir='ltr'><em>possit</em></span> <span class='ocrx_word' id='word_1_106' title='bbox 758 1763 799 1823; x_wconf 87' lang='lat' dir='ltr'><em>od</em></span> <span class='ocrx_word' id='word_1_107' title='bbox 812 1761 1118 1846; x_wconf 78' lang='lat' dir='ltr'><em>dipniintetu...(sive</em></span> <span class='ocrx_word' id='word_1_108' title='bbox 1132 1779 1207 1825; x_wconf 48' lang='lat' dir='ltr'><em>con-¹</em></span> 
     </span>
     <span class='ocr_line' id='line_1_14' title="bbox 81 1873 1200 1960; baseline 0 -16"><span class='ocrx_word' id='word_1_109' title='bbox 81 1878 210 1944; x_wconf 81' lang='lat' dir='ltr'><em>firmari</em></span> <span class='ocrx_word' id='word_1_110' title='bbox 237 1877 357 1943; x_wconf 83' lang='lat' dir='ltr'><em>debent</em></span> <span class='ocrx_word' id='word_1_111' title='bbox 379 1879 412 1940; x_wconf 87' lang='lat' dir='ltr'><em>in</em></span> <span class='ocrx_word' id='word_1_112' title='bbox 441 1873 656 1960; x_wconf 75' lang='lat' dir='ltr'><em>dignitate...)</em></span> <span class='ocrx_word' id='word_1_113' title='bbox 683 1879 817 1940; x_wconf 83' lang='lat' dir='ltr'><em>Dicturus</em></span> <span class='ocrx_word' id='word_1_114' title='bbox 835 1883 955 1959; x_wconf 88' lang='lat' dir='ltr'><em>puriter</em></span> <span class='ocrx_word' id='word_1_115' title='bbox 980 1881 1133 1942; x_wconf 84' lang='lat' dir='ltr'><em>dominum</em></span> <span class='ocrx_word' id='word_1_116' title='bbox 1161 1885 1200 1944; x_wconf 86' lang='lat' dir='ltr'><em>N.</em></span> 
     </span>
     <span class='ocr_line' id='line_1_15' title="bbox 80 1997 1205 2078; baseline 0 -20"><span class='ocrx_word' id='word_1_117' title='bbox 80 2003 280 2078; x_wconf 77' lang='lat' dir='ltr'><em>emceptorem,</em></span> <span class='ocrx_word' id='word_1_118' title='bbox 301 2001 372 2076; x_wconf 83' lang='lat' dir='ltr'><em>quio</em></span> <span class='ocrx_word' id='word_1_119' title='bbox 387 1999 573 2075; x_wconf 76' lang='lat' dir='ltr'><em>inceptivum</em></span> <span class='ocrx_word' id='word_1_120' title='bbox 586 2011 705 2056; x_wconf 86' lang='lat' dir='ltr'><em>causam</em></span> <span class='ocrx_word' id='word_1_121' title='bbox 727 2013 787 2056; x_wconf 91' lang='lat' dir='ltr'><em>non</em></span> <span class='ocrx_word' id='word_1_122' title='bbox 800 1997 955 2075; x_wconf 83' lang='lat' dir='ltr'><em>probauit,</em></span> <span class='ocrx_word' id='word_1_123' title='bbox 973 2002 1007 2056; x_wconf 86' lang='lat' dir='ltr'><em>ut</em></span> <span class='ocrx_word' id='word_1_124' title='bbox 1027 1998 1065 2057; x_wconf 88' lang='lat' dir='ltr'><em>de</em></span> <span class='ocrx_word' id='word_1_125' title='bbox 1073 2001 1145 2077; x_wconf 78' lang='lat' dir='ltr'><em>joae</em></span> <span class='ocrx_word' id='word_1_126' title='bbox 1161 2004 1205 2058; x_wconf 85' lang='lat' dir='ltr'><em>te—</em></span> 
     </span>
     <span class='ocr_line' id='line_1_16' title="bbox 79 2112 1204 2194; baseline -0.002 -19"><span class='ocrx_word' id='word_1_127' title='bbox 79 2115 222 2192; x_wconf 86' lang='lat' dir='ltr'><em>nebatur,</em></span> <span class='ocrx_word' id='word_1_128' title='bbox 235 2131 330 2194; x_wconf 80' lang='lat' dir='ltr'><em>poena</em></span> <span class='ocrx_word' id='word_1_129' title='bbox 342 2113 427 2174; x_wconf 84' lang='lat' dir='ltr'><em>uobis</em></span> <span class='ocrx_word' id='word_1_130' title='bbox 437 2113 611 2173; x_wconf 83' lang='lat' dir='ltr'><em>arbitraria</em></span> <span class='ocrx_word' id='word_1_131' title='bbox 626 2129 687 2172; x_wconf 90' lang='lat' dir='ltr'><em>esse</em></span> <span class='ocrx_word' id='word_1_132' title='bbox 696 2112 923 2191; x_wconf 80' lang='lat' dir='ltr'><em>subjiciendum.</em></span> <span class='ocrx_word' id='word_1_133' title='bbox 935 2115 1124 2192; x_wconf 81' lang='lat' dir='ltr'><em>Qucpruptcr</em></span> <span class='ocrx_word' id='word_1_134' title='bbox 1138 2131 1204 2174; x_wconf 82' lang='lat' dir='ltr'><em>euru</em></span> 
     </span>
     <span class='ocr_line' id='line_1_17' title="bbox 81 2223 1206 2312; baseline 0.003 -22"><span class='ocrx_word' id='word_1_135' title='bbox 81 2231 313 2292; x_wconf 84' lang='lat' dir='ltr'><em>condemnemus</em></span> <span class='ocrx_word' id='word_1_136' title='bbox 330 2230 411 2291; x_wconf 89' lang='lat' dir='ltr'><em>cd...</em></span> <span class='ocrx_word' id='word_1_137' title='bbox 437 2226 482 2312; x_wconf 85' lang='lat' dir='ltr'><em>(et</em></span> <span class='ocrx_word' id='word_1_138' title='bbox 496 2226 540 2290; x_wconf 91' lang='lat' dir='ltr'><em>ihi</em></span> <span class='ocrx_word' id='word_1_139' title='bbox 558 2226 764 2310; x_wconf 82' lang='lat' dir='ltr'><em>exprimatur</em></span> <span class='ocrx_word' id='word_1_140' title='bbox 779 2223 901 2310; x_wconf 64' lang='lat' dir='ltr'><em>prena).</em></span> <span class='ocrx_word' id='word_1_141' title='bbox 923 2229 973 2292; x_wconf 88' lang='lat' dir='ltr'><em>Ito</em></span> <span class='ocrx_word' id='word_1_142' title='bbox 999 2227 1052 2289; x_wconf 83' lang='lat' dir='ltr'><em>too</em></span> <span class='ocrx_word' id='word_1_143' title='bbox 1070 2235 1100 2291; x_wconf 86' lang='lat' dir='ltr'><em>et</em></span> <span class='ocrx_word' id='word_1_144' title='bbox 1124 2235 1206 2294; x_wconf 84' lang='lat' dir='ltr'><em>omni</em></span> 
     </span>
     <span class='ocr_line' id='line_1_18' title="bbox 81 2345 1200 2424; baseline -0.001 -16"><span class='ocrx_word' id='word_1_145' title='bbox 81 2347 203 2408; x_wconf 77' lang='lat' dir='ltr'><em>rudiori</em></span> <span class='ocrx_word' id='word_1_146' title='bbox 226 2347 322 2407; x_wconf 80' lang='lat' dir='ltr'><em>niodo.</em></span> <span class='ocrx_word' id='word_1_147' title='bbox 348 2347 444 2423; x_wconf 84' lang='lat' dir='ltr'><em>Loto,</em></span> <span class='ocrx_word' id='word_1_148' title='bbox 479 2346 554 2406; x_wconf 87' lang='lat' dir='ltr'><em>iectu</em></span> <span class='ocrx_word' id='word_1_149' title='bbox 579 2351 607 2405; x_wconf 87' lang='lat' dir='ltr'><em>ei</em></span> <span class='ocrx_word' id='word_1_150' title='bbox 629 2345 784 2424; x_wconf 81' lang='lat' dir='ltr'><em>publicata</em></span> <span class='ocrx_word' id='word_1_151' title='bbox 808 2345 868 2422; x_wconf 78' lang='lat' dir='ltr'><em>fuit</em></span> <span class='ocrx_word' id='word_1_152' title='bbox 893 2345 998 2422; x_wconf 88' lang='lat' dir='ltr'><em>die...,</em></span> <span class='ocrx_word' id='word_1_153' title='bbox 1034 2349 1200 2423; x_wconf 79' lang='lat' dir='ltr'><em>mensis.‚:,</em></span> 
     </span>
     <span class='ocr_line' id='line_1_19' title="bbox 81 2461 1212 2542; baseline -0.002 -16"><span class='ocrx_word' id='word_1_154' title='bbox 81 2470 200 2527; x_wconf 86' lang='lat' dir='ltr'><em>anni...</em></span> <span class='ocrx_word' id='word_1_155' title='bbox 219 2468 293 2527; x_wconf 88' lang='lat' dir='ltr'><em>in...</em></span> <span class='ocrx_word' id='word_1_156' title='bbox 325 2495 369 2509; x_wconf 89' lang='lat'><em>--</em></span> <span class='ocrx_word' id='word_1_157' title='bbox 395 2465 445 2524; x_wconf 82' lang='lat' dir='ltr'><em>Ito</em></span> <span class='ocrx_word' id='word_1_158' title='bbox 462 2466 728 2542; x_wconf 79' lang='lat' dir='ltr'><em>pronuntiavimus</em></span> <span class='ocrx_word' id='word_1_159' title='bbox 745 2461 966 2540; x_wconf 75' lang='lat' dir='ltr'><em>proruerunt</em></span> <span class='ocrx_word' id='word_1_160' title='bbox 984 2463 1128 2524; x_wconf 87' lang='lat' dir='ltr'><em>sedentes.</em></span> <span class='ocrx_word' id='word_1_161' title='bbox 1158 2481 1212 2512; x_wconf 82' lang='grc'><em>-·-·-</em></span> 
     </span>
     <span class='ocr_line' id='line_1_20' title="bbox 81 2581 695 2662; baseline -0.016 -17"><span class='ocrx_word' id='word_1_162' title='bbox 81 2585 138 2658; x_wconf 86' lang='grc' dir='ltr'><em>Ν.,</em></span> <span class='ocrx_word' id='word_1_163' title='bbox 154 2581 267 2662; x_wconf 79' lang='lat' dir='ltr'><em>juden.</em></span> <span class='ocrx_word' id='word_1_164' title='bbox 287 2610 332 2626; x_wconf 82' lang='lat'><em>·-</em></span> <span class='ocrx_word' id='word_1_165' title='bbox 345 2581 409 2659; x_wconf 81' lang='lat' dir='ltr'><em>Epo</em></span> <span class='ocrx_word' id='word_1_166' title='bbox 423 2581 452 2642; x_wconf 95' lang='lat' dir='ltr'><strong><em>N</em></strong></span> <span class='ocrx_word' id='word_1_167' title='bbox 456 2625 477 2655; x_wconf 91' lang='lat'><em>.,</em></span> <span class='ocrx_word' id='word_1_168' title='bbox 497 2582 661 2640; x_wconf 80' lang='lat' dir='ltr'><em>actuarius.</em></span> <span class='ocrx_word' id='word_1_169' title='bbox 680 2597 695 2636; x_wconf 82' lang='lat' dir='ltr'><em>u</em></span> 
     </span>
    </p>

    <p class='ocr_par' dir='ltr' id='par_1_5' title="bbox 77 2690 1208 3244">
     <span class='ocr_line' id='line_1_21' title="bbox 128 2690 1208 2778; baseline 0.003 -19"><span class='ocrx_word' id='word_1_170' title='bbox 128 2692 271 2759; x_wconf 68' lang='lat' dir='ltr'><em>mntem</em></span> <span class='ocrx_word' id='word_1_171' title='bbox 288 2694 314 2758; x_wconf 88' lang='lat' dir='ltr'><em>si</em></span> <span class='ocrx_word' id='word_1_172' title='bbox 330 2699 486 2776; x_wconf 83' lang='lat' dir='ltr'><em>exceptor</em></span> <span class='ocrx_word' id='word_1_173' title='bbox 502 2691 654 2776; x_wconf 77' lang='lat' dir='ltr'><em>probavit</em></span> <span class='ocrx_word' id='word_1_174' title='bbox 670 2691 858 2775; x_wconf 84' lang='lat' dir='ltr'><em>semi-plene</em></span> <span class='ocrx_word' id='word_1_175' title='bbox 877 2690 1034 2775; x_wconf 82' lang='lat' dir='ltr'><em>(quumvis</em></span> <span class='ocrx_word' id='word_1_176' title='bbox 1048 2699 1208 2778; x_wconf 81' lang='lat' dir='ltr'><em>exceptus</em></span> 
     </span>
     <span class='ocr_line' id='line_1_22' title="bbox 82 2805 1204 2896; baseline 0.002 -20"><span class='ocrx_word' id='word_1_177' title='bbox 82 2811 307 2896; x_wconf 80' lang='lat' dir='ltr'><em>probationem</em></span> <span class='ocrx_word' id='word_1_178' title='bbox 323 2809 355 2874; x_wconf 88' lang='lat' dir='ltr'><em>in</em></span> <span class='ocrx_word' id='word_1_179' title='bbox 372 2810 437 2874; x_wconf 87' lang='lat' dir='ltr'><em>suis</em></span> <span class='ocrx_word' id='word_1_180' title='bbox 448 2805 933 2892; x_wconf 81' lang='lat' dir='ltr'><em>defensionibusevacuaverit),</em></span> <span class='ocrx_word' id='word_1_181' title='bbox 954 2808 1140 2874; x_wconf 81' lang='lat' dir='ltr'><em>nullatenus</em></span> <span class='ocrx_word' id='word_1_182' title='bbox 1153 2821 1204 2878; x_wconf 84' lang='lat' dir='ltr'><em>est</em></span> 
     </span>
     <span class='ocr_line' id='line_1_23' title="bbox 81 2923 1199 3012; baseline -0.001 -20"><span class='ocrx_word' id='word_1_183' title='bbox 81 2925 286 3012; x_wconf 81' lang='lat' dir='ltr'><em>puniendus3</em></span> <span class='ocrx_word' id='word_1_184' title='bbox 305 2929 387 2992; x_wconf 87' lang='lat' dir='ltr'><em>sicut</em></span> <span class='ocrx_word' id='word_1_185' title='bbox 405 2945 466 2991; x_wconf 87' lang='lat' dir='ltr'><em>nec</em></span> <span class='ocrx_word' id='word_1_186' title='bbox 485 2923 619 3009; x_wconf 90' lang='lat' dir='ltr'><em>punitur</em></span> <span class='ocrx_word' id='word_1_187' title='bbox 643 2933 813 2990; x_wconf 82' lang='lat' dir='ltr'><em>accusator</em></span> <span class='ocrx_word' id='word_1_188' title='bbox 830 2925 1019 3008; x_wconf 82' lang='lat' dir='ltr'><em>semi-plene</em></span> <span class='ocrx_word' id='word_1_189' title='bbox 1047 2925 1199 3009; x_wconf 81' lang='lat' dir='ltr'><em>probans.</em></span> 
     </span>
     <span class='ocr_line' id='line_1_24' title="bbox 79 3042 1204 3127; baseline -0.001 -18"><span class='ocrx_word' id='word_1_190' title='bbox 79 3046 172 3110; x_wconf 86' lang='lat' dir='ltr'><em>Tunc</em></span> <span class='ocrx_word' id='word_1_191' title='bbox 188 3061 270 3109; x_wconf 80' lang='lat' dir='ltr'><em>vero</em></span> <span class='ocrx_word' id='word_1_192' title='bbox 285 3043 318 3107; x_wconf 90' lang='lat' dir='ltr'><em>in</em></span> <span class='ocrx_word' id='word_1_193' title='bbox 333 3042 533 3126; x_wconf 84' lang='lat' dir='ltr'><em>praeoedenti</em></span> <span class='ocrx_word' id='word_1_194' title='bbox 545 3042 682 3108; x_wconf 82' lang='lat' dir='ltr'><em>formula</em></span> <span class='ocrx_word' id='word_1_195' title='bbox 695 3062 732 3108; x_wconf 85' lang='lat' dir='ltr'><em>en</em></span> <span class='ocrx_word' id='word_1_196' title='bbox 746 3061 821 3125; x_wconf 86' lang='lat' dir='ltr'><em>pars</em></span> <span class='ocrx_word' id='word_1_197' title='bbox 840 3061 911 3127; x_wconf 84' lang='lat' dir='ltr'><em>quae</em></span> <span class='ocrx_word' id='word_1_198' title='bbox 935 3043 1059 3126; x_wconf 84' lang='lat' dir='ltr'><em>incipit,</em></span> <span class='ocrx_word' id='word_1_199' title='bbox 1076 3045 1204 3108; x_wconf 76' lang='lat' dir='ltr'><em>omnus</em></span> 
     </span>
     <span class='ocr_line' id='line_1_25' title="bbox 77 3149 694 3244; baseline 0 -20"><span class='ocrx_word' id='word_1_200' title='bbox 77 3167 210 3244; x_wconf 86' lang='lat' dir='ltr'><em>pariter,</em></span> <span class='ocrx_word' id='word_1_201' title='bbox 234 3167 382 3225; x_wconf 87' lang='lat' dir='ltr'><em>mutetur</em></span> <span class='ocrx_word' id='word_1_202' title='bbox 397 3158 458 3225; x_wconf 89' lang='lat' dir='ltr'><em>hoo</em></span> <span class='ocrx_word' id='word_1_203' title='bbox 473 3158 573 3223; x_wconf 92' lang='lat' dir='ltr'><em>modo</em></span> <span class='ocrx_word' id='word_1_204' title='bbox 600 3181 606 3224; x_wconf 91' lang='lat'>:</span> <span class='ocrx_word' id='word_1_205' title='bbox 692 3149 694 3152; x_wconf 60' lang='grc'><strong>’</strong></span> 
     </span>
    </p>

    <p class='ocr_par' dir='ltr' id='par_1_6' title="bbox 128 3275 1196 3359">
     <span class='ocr_line' id='line_1_26' title="bbox 128 3275 1196 3359; baseline 0.008 -26"><span class='ocrx_word' id='word_1_206' title='bbox 128 3278 295 3339; x_wconf 76' lang='lat' dir='ltr'><em>«Dicimus</em></span> <span class='ocrx_word' id='word_1_207' title='bbox 306 3278 429 3355; x_wconf 87' lang='lat' dir='ltr'><em>puriter</em></span> <span class='ocrx_word' id='word_1_208' title='bbox 445 3275 599 3336; x_wconf 88' lang='lat' dir='ltr'><em>dominum</em></span> <span class='ocrx_word' id='word_1_209' title='bbox 612 3277 651 3337; x_wconf 88' lang='lat' dir='ltr'><em>N.</em></span> <span class='ocrx_word' id='word_1_210' title='bbox 671 3281 866 3355; x_wconf 78' lang='lat' dir='ltr'><em>exceptorem,</em></span> <span class='ocrx_word' id='word_1_211' title='bbox 884 3282 1028 3356; x_wconf 84' lang='lat' dir='ltr'><em>quantun</em></span> <span class='ocrx_word' id='word_1_212' title='bbox 1044 3285 1088 3341; x_wconf 88' lang='lat' dir='ltr'><em>est</em></span> <span class='ocrx_word' id='word_1_213' title='bbox 1099 3299 1138 3340; x_wconf 73' lang='lat' dir='ltr'><em>ese</em></span> <span class='ocrx_word' id='word_1_214' title='bbox 1155 3299 1196 3359; x_wconf 91' lang='lat' dir='ltr'><em>se,</em></span> 
     </span>
    </p>
   </div>
   <div class='ocr_carea' id='block_1_3' title="bbox 75 3392 1200 4052">
    <p class='ocr_par' dir='ltr' id='par_1_7' title="bbox 75 3392 1200 4052">
     <span class='ocr_line' id='line_1_27' title="bbox 76 3392 1200 3475; baseline 0.002 -19"><span class='ocrx_word' id='word_1_215' title='bbox 76 3395 251 3473; x_wconf 82' lang='lat' dir='ltr'><em>semiplene</em></span> <span class='ocrx_word' id='word_1_216' title='bbox 268 3392 410 3471; x_wconf 83' lang='lat' dir='ltr'><em>probasse</em></span> <span class='ocrx_word' id='word_1_217' title='bbox 434 3409 554 3452; x_wconf 86' lang='lat' dir='ltr'><em>cousurn</em></span> <span class='ocrx_word' id='word_1_218' title='bbox 577 3396 769 3471; x_wconf 77' lang='lat' dir='ltr'><em>receptionis,</em></span> <span class='ocrx_word' id='word_1_219' title='bbox 789 3399 926 3472; x_wconf 79' lang='lat' dir='ltr'><em>quumvis</em></span> <span class='ocrx_word' id='word_1_220' title='bbox 947 3399 1042 3474; x_wconf 87' lang='lat' dir='ltr'><em>ipsius</em></span> <span class='ocrx_word' id='word_1_221' title='bbox 1063 3398 1200 3475; x_wconf 81' lang='lat' dir='ltr'><em>probatio</em></span> 
     </span>
     <span class='ocr_line' id='line_1_28' title="bbox 75 3508 1200 3590; baseline -0.001 -15"><span class='ocrx_word' id='word_1_222' title='bbox 75 3513 244 3575; x_wconf 86' lang='lat' dir='ltr'><em>contrariis</em></span> <span class='ocrx_word' id='word_1_223' title='bbox 263 3508 483 3586; x_wconf 79' lang='lat' dir='ltr'><em>defensionibus</em></span> <span class='ocrx_word' id='word_1_224' title='bbox 506 3508 599 3586; x_wconf 78' lang='lat' dir='ltr'><em>fuerit</em></span> <span class='ocrx_word' id='word_1_225' title='bbox 619 3516 803 3588; x_wconf 78' lang='lat' dir='ltr'><em>eropupnotu.</em></span> <span class='ocrx_word' id='word_1_226' title='bbox 830 3512 963 3572; x_wconf 88' lang='lat' dir='ltr'><em>Proinde</em></span> <span class='ocrx_word' id='word_1_227' title='bbox 974 3513 1148 3590; x_wconf 84' lang='lat' dir='ltr'><em>judicemus</em></span> <span class='ocrx_word' id='word_1_228' title='bbox 1171 3521 1200 3574; x_wconf 87' lang='lat' dir='ltr'><em>et</em></span> 
     </span>
     <span class='ocr_line' id='line_1_29' title="bbox 75 3625 1199 3708; baseline -0.003 -15"><span class='ocrx_word' id='word_1_229' title='bbox 75 3631 307 3703; x_wconf 78' lang='lat' dir='ltr'><em>sententiarum,</em></span> <span class='ocrx_word' id='word_1_230' title='bbox 322 3626 485 3705; x_wconf 75' lang='lat' dir='ltr'><em>pressatum</em></span> <span class='ocrx_word' id='word_1_231' title='bbox 502 3625 653 3686; x_wconf 59' lang='lat' dir='ltr'><em>uminum</em></span> <span class='ocrx_word' id='word_1_232' title='bbox 669 3627 708 3687; x_wconf 88' lang='lat' dir='ltr'><em>N.</em></span> <span class='ocrx_word' id='word_1_233' title='bbox 731 3633 915 3707; x_wconf 75' lang='lat' dir='ltr'><em>exceptorem</em></span> <span class='ocrx_word' id='word_1_234' title='bbox 937 3629 1017 3690; x_wconf 85' lang='lat' dir='ltr'><em>nulii</em></span> <span class='ocrx_word' id='word_1_235' title='bbox 1028 3647 1122 3708; x_wconf 74' lang='lat' dir='ltr'><em>pruine</em></span> <span class='ocrx_word' id='word_1_236' title='bbox 1138 3648 1199 3690; x_wconf 92' lang='lat' dir='ltr'><em>esse</em></span> 
     </span>
     <span class='ocr_line' id='line_1_30' title="bbox 77 3742 1198 3823; baseline -0.004 -13"><span class='ocrx_word' id='word_1_237' title='bbox 77 3749 256 3821; x_wconf 72' lang='lat' dir='ltr'><em>obnoxium,</em></span> <span class='ocrx_word' id='word_1_238' title='bbox 276 3749 305 3804; x_wconf 90' lang='lat' dir='ltr'><em>et</em></span> <span class='ocrx_word' id='word_1_239' title='bbox 316 3762 335 3804; x_wconf 88' lang='lat' dir='ltr'><em>u</em></span> <span class='ocrx_word' id='word_1_240' title='bbox 348 3759 527 3822; x_wconf 84' lang='lat' dir='ltr'><em>quocumque</em></span> <span class='ocrx_word' id='word_1_241' title='bbox 541 3742 873 3823; x_wconf 83' lang='lat' dir='ltr'><em>obseruationejudicii,</em></span> <span class='ocrx_word' id='word_1_242' title='bbox 895 3763 934 3804; x_wconf 78' lang='lat' dir='ltr'><em>eu·</em></span> <span class='ocrx_word' id='word_1_243' title='bbox 951 3743 1006 3805; x_wconf 82' lang='lat' dir='ltr'><em>itur</em></span> <span class='ocrx_word' id='word_1_244' title='bbox 1018 3763 1120 3823; x_wconf 87' lang='lat' dir='ltr'><em>conso,</em></span> <span class='ocrx_word' id='word_1_245' title='bbox 1137 3765 1198 3819; x_wconf 88' lang='lat' dir='ltr'><em>esse</em></span> 
     </span>
     <span class='ocr_line' id='line_1_31' title="bbox 76 3859 1198 3940; baseline -0.004 -13"><span class='ocrx_word' id='word_1_246' title='bbox 76 3862 305 3938; x_wconf 82' lang='lat' dir='ltr'><em>absolvendum,</em></span> <span class='ocrx_word' id='word_1_247' title='bbox 324 3859 570 3939; x_wconf 83' lang='lat' dir='ltr'><em>quemadmodum</em></span> <span class='ocrx_word' id='word_1_248' title='bbox 584 3862 681 3938; x_wconf 85' lang='lat' dir='ltr'><em>ipsum.</em></span> <span class='ocrx_word' id='word_1_249' title='bbox 695 3864 729 3920; x_wconf 87' lang='lat' dir='ltr'><em>ut</em></span> <span class='ocrx_word' id='word_1_250' title='bbox 741 3861 916 3940; x_wconf 79' lang='lat' dir='ltr'><em>prefertur,</em></span> <span class='ocrx_word' id='word_1_251' title='bbox 938 3862 1105 3922; x_wconf 84' lang='lat' dir='ltr'><em>oisoiuturn</em></span> <span class='ocrx_word' id='word_1_252' title='bbox 1131 3881 1198 3924; x_wconf 82' lang='lat' dir='ltr'><em>sen-</em></span> 
     </span>
     <span class='ocr_line' id='line_1_32' title="bbox 78 3965 947 4052; baseline -0.015 -8"><span class='ocrx_word' id='word_1_253' title='bbox 78 3985 256 4044; x_wconf 86' lang='lat' dir='ltr'><em>tentinmus.</em></span> <span class='ocrx_word' id='word_1_254' title='bbox 275 3980 324 4038; x_wconf 88' lang='lat' dir='ltr'><em>Ito</em></span> <span class='ocrx_word' id='word_1_255' title='bbox 339 3975 429 4035; x_wconf 80' lang='lat' dir='ltr'><em>docet</em></span> <span class='ocrx_word' id='word_1_256' title='bbox 442 3980 579 4052; x_wconf 89' lang='lat' dir='ltr'><em>omni...,</em></span> <span class='ocrx_word' id='word_1_257' title='bbox 602 3980 665 4036; x_wconf 79' lang='lat' dir='ltr'><em>etc.</em></span> <span class='ocrx_word' id='word_1_258' title='bbox 690 3996 705 4032; x_wconf 80' lang='lat' dir='ltr'><em>n</em></span> <span class='ocrx_word' id='word_1_259' title='bbox 944 3965 947 3976; x_wconf 86' lang='lat'>&#39;</span> 
     </span>
    </p>
   </div>
   <div class='ocr_carea' id='block_1_4' title="bbox 0 0 1470 5114">
    <p class='ocr_par' dir='ltr' id='par_1_8' title="bbox 0 0 1470 5114">
     <span class='ocr_line' id='line_1_33' title="bbox 0 0 1470 5114; baseline 0 0"><span class='ocrx_word' id='word_1_260' title='bbox 0 0 1470 5114; x_wconf 95' lang='lat' dir='ltr'><em> </em></span> 
     </span>
    </p>
   </div>
  </div>
 </body>
</html>
