2914 5122
499 337 578 386 PARS
600 337 759 387 SECUNDA.

100 441 270 531 «Pralatus
294 461 477 548 procedere
501 461 544 529 ad
565 460 806 548 inquirendum,
826 483 899 531 cum
922 465 1039 531 famam
1067 468 1101 532 et
1122 465 1190 533 ire·

100 588 262 666 «quentem
281 580 454 646 clamorem
469 579 620 663 intelligit
632 578 674 644 de
684 580 868 660 excessibus
879 581 1080 667 ulicujusseu
1090 583 1189 652 etiam

97 700 304 784 reliquorum,
322 705 422 782 prout
448 703 538 781 potet
562 716 603 762 ex
624 703 740 762 tenore
764 696 861 783 hujus
885 699 1138 784 constitutionis;
1155 707 1190 766 ct

96 815 197 901 “qood
211 817 251 881 sit
269 815 456 893 infamatus,
473 834 539 880 non
557 833 575 879 a
591 812 757 879 malevolis
771 820 806 879 et
820 814 965 894 inimicis,
984 813 1043 881 sed
1062 835 1080 881 a
1098 815 1190 882 bonis

95 964 105 988 «
121 942 150 998 et
168 932 326 1000 discretis.
346 935 386 999 Et
401 939 479 998 tuuc
495 931 655 1016 distingue
672 931 766 1015 :quia
781 937 836 997 aut
855 931 1007 1016 procedit
1027 953 1067 998 ex
1087 931 1190 1000 officio

95 1081 104 1104 ι
118 1069 180 1128 suo,
198 1059 255 1116 aut
266 1049 374 1135 aliquo
392 1049 576 1132 postulante
592 1047 842 1132 inquisitionem.

126 1169 190 1232 «Si
200 1185 240 1228 ex
253 1167 349 1246 officio
365 1186 427 1243 sao,
446 1173 526 1229 tuno
542 1163 699 1228 Praelatus
712 1183 786 1228 cum
806 1163 967 1248 aliquibus
977 1163 1018 1230 de
1032 1167 1191 1232 canonicis

95 1311 104 1336 ι
118 1284 176 1347 suis
194 1279 238 1368 (1)
256 1280 357 1348 debet
375 1279 577 1347 descendere
598 1279 642 1346 ad
658 1279 783 1363 locum;
801 1279 874 1363 quia
892 1279 939 1346 ibi
950 1289 1058 1364 potest
1076 1281 1192 1348 melius

95 1427 104 1452 ι
120 1397 262 1483 inquiriri
276 1421 284 1482 ;
301 1406 336 1463 et
353 1397 501 1481 recipere
515 1395 700 1481 juramenta
719 1394 849 1460 Prolati
871 1401 906 1460 et
929 1395 1122 1462 clericorum
1138 1417 1192 1462 su·

96 1533 172 1597 «per
186 1522 274 1580 statu
299 1515 464 1591 Ecclesiae,
481 1532 556 1578 cum
580 1512 722 1578 Ecclesia
750 1519 800 1576 est
819 1507 994 1590 infamata,
1014 1513 1068 1578 vel
1093 1513 1191 1578 etiam

98 1651 190 1697 -cum
203 1631 379 1715 Praelntus3
396 1639 430 1724 et
448 1629 494 1696 sio
511 1629 646 1713 recipiat
668 1627 756 1692 dicta
771 1627 913 1692 illorum.
937 1629 978 1693 ut
997 1627 1053 1694 ille
1079 1635 1192 1696 contra

98 1773 106 1797 ι
119 1766 210 1831 quem
224 1746 262 1812 ut
273 1746 435 1833 inquisitio
447 1745 549 1812 debet
563 1763 633 1810 esse
648 1763 800 1826 praesens,
812 1752 847 1809 et
862 1763 974 1810 omues
989 1753 1102 1810 contra
1112 1764 1193 1830 quos

99 1863 319 1946 «proceditur,
340 1862 402 1927 nisi
420 1882 480 1946 per
490 1863 726 1927 contumaciam
739 1879 774 1926 se
795 1859 978 1927 absentent.
998 1861 1037 1927 ut
1060 1881 1098 1927 ea
1120 1881 1191 1948 quae

99 1977 323 2064 -objiciuntur,
340 1985 373 2044 et
392 1977 519 2044 nomina
537 1978 671 2044 testium
687 1984 763 2042 sunt
780 1977 827 2042 illi
843 1975 1048 2060 exponenda.
1067 1977 1151 2043 Item
1166 1978 1192 2042 si

99 2095 170 2160 «ille
193 2104 306 2161 contra
328 2114 426 2180 quem
450 2093 487 2160 lit
504 2095 666 2180 inquisitio
691 2093 791 2165 habet
818 2091 962 2178 judicem
985 2103 1189 2178 suspectum,

99 2220 222 2295 «potest
242 2213 336 2279 illum
357 2233 519 2279 recusare.
537 2213 578 2278 Et
591 2221 704 2278 contra
725 2218 829 2276 testes
850 2211 1002 2296 excipere
1017 2219 1135 2295 potest.
1152 2211 1193 2278 st

99 2337 238 2401 «nomino
260 2345 295 2402 et
321 2336 408 2424 dicto
432 2343 466 2400 et
486 2334 704 2419 depositiones
723 2335 857 2400 testium
877 2342 952 2400 suut
978 2331 1189 2418 publicanda,

100 2460 152 2517 «ut
162 2453 217 2518 ille
231 2453 333 2538 possit
349 2471 382 2518 se
398 2449 590 2517 defendere.
612 2453 653 2516 Et
671 2453 697 2517 si
712 2456 812 2516 testes
841 2449 950 2516 dicant
965 2469 1065 2535 super
1085 2451 1134 2515 his
1150 2449 1199 2516 de'

100 2593 110 2618 ι
123 2569 230 2650 quibus
252 2569 384 2634 infamia
398 2587 464 2633 non
478 2570 659 2652 praeccssit,
675 2587 741 2634 non
762 2566 883 2632 valent.
899 2565 1038 2632 Crimine
1052 2585 1132 2632 vero
1147 2567 1192 2631 sic

100 2683 258 2766 «probato,
274 2685 301 2749 si
313 2685 471 2751 Praelatus
486 2689 545 2762 est,
557 2682 658 2750 debet
669 2683 833 2750 removeri
849 2682 889 2748 ab
902 2679 1189 2748 administratione.
1283 2673 1285 2676 ’

100 2823 110 2848 ι
123 2797 173 2863 lii
186 2818 266 2866 vero
280 2800 464 2884 puniuntur
479 2796 660 2892 secuudum
679 2793 852 2861 arbitrium
863 2793 995 2880 iudicis,
1013 2792 1193 2861 secundum

99 2933 256 2996 «persona
273 2916 427 2981 meritum
447 2922 482 2980 et
499 2915 689 3000 qualitatem
710 2931 864 2980 excessus
889 2913 961 3000 (nisi
981 2914 1048 2979 tale
1071 2914 1194 2978 crimen

100 3057 110 3080 ιι
124 3031 285 3113 probatum
305 3031 406 3096 fuerit
417 3029 504 3116 quod
521 3037 593 3114 post
608 3030 834 3113 poenitentiam
851 3038 1020 3113 peractam
1036 3027 1194 3113 impediat

100 3173 111 3197 ιι
123 3145 485 3225 οτᾱίηἰε“ειεοιιῐίοιιθω,
503 3155 539 3212 ut
553 3143 763 3213 homicidium
787 3150 822 3210 et
841 3146 974 3212 simonio
994 3165 1000 3212 :
1021 3151 1100 3210 tnnc
1118 3123 1194 3229 pro

100 3290 110 3315 ι
126 3261 299 3352 cedendum
311 3273 371 3342 est3
383 3283 420 3330 ac
431 3264 501 3330 siin
512 3261 645 3329 modum
658 3261 867 3328 accusationis
880 3261 1006 3327 directe
1021 3260 1195 3345 probatum

102 3377 228 3446 aluisset
246 3378 394 3465 odmen).
413 3381 444 3445 Si
463 3396 543 3446 vero
561 3379 736 3445 infamatus
756 3365 934 3444 contumaa¹
955 3377 1055 3445 fuerit
1075 3387 1109 3445 et
1129 3397 1195 3443 uon

101 3523 111 3546 ιι
126 3507 291 3580 comparet,
308 3495 411 3583 judex
425 3495 630 3562 nihilominus
646 3504 759 3562 contra
775 3513 850 3562 eum
866 3501 967 3561 testes
981 3495 1126 3579 recipiat,
1138 3493 1194 3560 lite

102 3634 113 3660 «
127 3626 185 3674 non
201 3617 394 3687 contestata,
412 3617 446 3674 et
463 3627 538 3675 eum
555 3610 680 3691 puniat.
717 3681 722 3690 ,

138 3753 149 3778 ιι
162 3729 270 3816 sivero
283 3729 429 3811 procedat
435 3727 536 3809 jadex
549 3728 591 3789 od
601 3731 777 3807 petitionem
793 3727 922 3807 alicujus
940 3729 1133 3805 procurantis
1148 3729 1196 3789 tn-

102 3847 310 3924 ·qoisitionem,
330 3843 398 3909 sive
409 3841 450 3908 sit
464 3842 646 3909 ordinarius
662 3839 798 3928 (judex),
818 3842 886 3907 sive
905 3821 1084 3925 delegatus,
1099 3840 1142 3908 ad
1152 3841 1197 3908 lo

102 3974 190 4023 «cum
202 3959 334 4046 accedat
356 3961 384 4026 si
398 3967 508 4044 potest
527 3983 534 4026 :
552 3967 586 4025 et
605 3966 702 4024 vocet
719 3959 811 4043 illum
834 3966 948 4026 contra
963 3975 1061 4044 quem
1080 3977 1196 4042 proce-

124 4245 156 4306 (l)
173 4245 243 4294 llodie
255 4248 341 4310 absque
354 4248 518 4296 canonicorum
529 4246 659 4296 interventu
673 4252 749 4308 potest
761 4245 891 4308 Episcopus
904 4245 1058 4296 criminaliter
1071 4245 1198 4308 procedere

99 4342 117 4382 et
131 4341 266 4389 enuntiare.
279 4343 322 4390 lus
332 4340 571 4400 illudcanonicorum,
586 4340 641 4388 olim
654 4339 821 4399 certissimum,
833 4337 971 4402 jamdudum
985 4317 1104 4387 sublatum
1114 4314 1203 4402 luisse(

100 4434 207 4492 probatum
217 4435 265 4484 ride
276 4435 298 4484 in
310 4449 363 4486 mco
377 4441 475 4482 tractatu
489 4435 519 4483 dc
531 4431 667 4496 Capitulis.
