2838 5114
239 336 306 400 430
585 353 772 402 rnncmrus
796 357 839 402 on
862 356 1009 402 runicus.

238 484 371 542 monium
386 479 518 540 condam
530 483 667 542 initum?
689 516 734 526 -
752 479 832 546 Cum
851 478 1005 564 impediri
1022 487 1165 568 nequeat
1188 478 1338 546 matrimo-

238 595 339 670 nium,
354 594 414 657 nisi
425 593 557 678 aliquod
571 593 839 677 impedimentum
856 594 1051 681 objiciendo,
1069 596 1118 662 illi
1130 613 1228 678 agere
1245 593 1342 660 valent

238 708 281 775 ad
300 709 539 775 matrimonium
555 709 810 791 impediendum,
827 712 882 796 qui
904 711 1123 776 admittuntur
1145 709 1189 776 ad
1208 708 1342 794 objicien-

239 824 317 910 dum
340 841 400 888 seu
426 822 683 891 denuntiandum
700 829 932 910 ecclesiastico
962 826 1065 911 judici
1087 827 1340 910 impedimentum

239 938 381 1023 aliquod.
405 941 509 1006 Porro
532 938 576 1003 ad
596 940 781 1025 hujusmodi
800 942 1110 1026 impedimentorum
1135 941 1340 1008 denuntiatio

238 1075 325 1132 uem,
346 1076 409 1121 non
423 1064 549 1120 tantum
567 1056 795 1136 admittuntur,
815 1057 874 1124 sed
893 1061 991 1124 etiam
1013 1059 1074 1124 sub
1090 1059 1185 1142 gravi
1201 1063 1341 1123 tenentur

238 1174 432 1256 quicumque
452 1178 572 1236 norunt
591 1171 861 1256 impedimentum
887 1174 1019 1259 aliquod
1040 1175 1196 1252 existere,
1224 1182 1257 1238 et
1276 1174 1340 1238 alias

238 1287 380 1372 suspecti
394 1306 457 1351 non
472 1294 548 1351 sunt
560 1285 601 1352 de
613 1289 771 1354 malitiosa
791 1298 824 1354 et
840 1290 919 1356 falsa
933 1289 1192 1356 denuntiatione.

282 1404 433 1484 Qumsmo
453 1406 496 1466 2².
519 1441 564 1450 —
584 1409 659 1484 (lais
684 1409 807 1468 admitti
825 1409 929 1470 debeat
948 1409 990 1470 ad
1010 1409 1175 1487 petendum
1192 1409 1338 1470 divortium

237 1524 335 1602 quoad
346 1521 593 1584 cohabitationem
613 1528 641 1583 et
661 1529 757 1584 torum
771 1522 1059 1587 durntoaott-Ad
1074 1521 1258 1606 hujusmodi
1271 1522 1338 1604 peti-

238 1638 361 1702 tionem
372 1635 595 1701 admittendus
607 1644 657 1702 est
672 1645 799 1702 tautum
812 1637 930 1722 conjux
949 1639 1116 1716 innocens,
1130 1637 1223 1721 cujus
1237 1655 1336 1718 nempe

238 1751 375 1818 interest
392 1751 566 1817 divortium
586 1751 747 1818 obtinere.
767 1754 815 1816 lta
830 1754 1045 1820 communiter
1067 1751 1232 1832 doctores,
1251 1753 1300 1836 qui
1310 1749 1340 1824 11,

238 1864 437 1931 concludunt
449 1885 489 1930 ex
501 1867 664 1931 nonnullis
675 1865 757 1951 juris
765 1868 920 1934 textibus.
941 1866 1035 1954 (Vide
1049 1867 1334 1952 Scluualzgrueber‚

237 1987 270 2048 in
282 1985 333 2048 tit.
356 1987 406 2060 18,
424 1983 500 2050 libri
518 1985 537 2048 4
558 1983 698 2062 decret,
715 2004 749 2048 n.
768 1983 834 2068 13.)
852 1986 945 2051 Ratio
964 1991 1014 2050 est
1030 1986 1104 2069 quia
1123 1985 1224 2050 hocce
1246 1985 1337 2050 diror-

237 2102 319 2164 tium
330 2098 404 2184 jure
420 2097 641 2164 introductum
658 2106 706 2164 est
725 2101 758 2164 in
781 2100 927 2166 favorem
952 2100 1096 2186 conjugis
1110 2101 1294 2168 innocentis.
1312 2100 1335 2162 ls

237 2233 328 2292 vero,
347 2215 424 2280 licet
444 2215 585 2280 rationes
604 2212 798 2282 sufficientes
815 2216 934 2282 habeat
954 2215 997 2280 ad
1014 2216 1229 2284 obtinendum
1244 2217 1334 2282 divor-

236 2333 329 2410 tium,
346 2338 456 2416 potest
481 2338 601 2406 tamen,
622 2332 648 2396 si
667 2332 756 2410 velit,
775 2331 925 2416 injuriam
944 2353 961 2396 a
983 2341 1134 2399 consorte
1151 2333 1213 2400 sihi
1233 2333 1332 2398 illatam

236 2447 299 2530 ipsi
309 2444 505 2522 condonare,
519 2453 552 2512 et
563 2466 638 2510 cum
649 2447 719 2529 ipso
731 2447 927 2514 cohabitare.
945 2447 1038 2512 Unde
1057 2449 1084 2512 si
1099 2449 1192 2516 malit
1204 2448 1333 2532 iujuriam

108 2565 111 2572 '
237 2563 378 2628 tolerare
399 2571 432 2628 et
451 2563 484 2626 in
504 2561 741 2628 cohabitatione
765 2582 968 2646 permanere,
991 2560 1033 2628 ad
1058 2563 1093 2628 id
1109 2561 1164 2647 jus
1179 2563 1287 2644 habet5
1305 2579 1332 2624 ac

237 2676 375 2769 proinde
390 2678 498 2742 nullus
512 2679 593 2742 alius
607 2676 734 2743 admitti
750 2687 868 2762 potest,
883 2677 1119 2764 adpetendum
1139 2699 1157 2743 a
1175 2677 1279 2763 judice
1296 2675 1332 2740 di·

237 2800 327 2858 ctum
342 2791 529 2858 divortium.

281 2911 1069 2992 110161103“.-()01”00011ηῤο11101006161011011101
1081 2918 1116 2974 01
1128 2914 1331 2974 rnotrtmociam

237 3025 405 3088 declaretur
427 3027 568 3086 nullom?
586 3061 631 3070 —-
647 3023 919 3106 Distinguendum
947 3030 996 3088 est
1015 3025 1101 3090 inter
1119 3024 1331 3108 impedimenta

238 3138 421 3205 dirimentia
444 3158 515 3222 quae
531 3139 713 3221 allegantur
731 3162 737 3204 :
754 3138 852 3216 unde,

284 3255 310 3318 I.
330 3255 362 3317 Si
387 3255 626 3320 matrimonium
650 3254 875 3336 praetendatur
902 3255 1027 3320 nullum
1052 3275 1093 3320 ex
1117 3255 1331 3340 impedimento

238 3371 449 3454 impotentiae,
471 3369 513 3434 ad
529 3369 691 3466 agendum
711 3387 771 3454 pro
787 3371 934 3438 nullitate
950 3373 1143 3436 matrimonii
1159 3365 1330 3436 admittendi

239 3493 314 3551 suut
335 3486 394 3550 soli
414 3485 576 3570 conjuges.
599 3488 647 3550 lta
666 3486 819 3552 doctores
840 3488 1065 3552 communiter.
1082 3486 1177 3572 (Vide
1193 3484 1330 3553 Schmalz-

239 3602 392 3686 grueber,
412 3602 445 3665 in
462 3603 515 3672 tit.
542 3605 593 3681 18,
621 3581 736 3666 1111114
757 3603 863 3680 decr,
880 3623 912 3667 n.
936 3601 1178 3686 14.)Βο110601
1200 3603 1331 3688 quianon

239 3716 387 3781 obstante
403 3716 604 3799 impotentia,
631 3703 768 3800 possunt
788 3717 951 3802 conjuges,
977 3718 1003 3782 si
1027 3718 1145 3795 velint,
1166 3716 1331 3782 cohabitare

237 3836 390 3922 tanquam
405 3831 509 3896 trater
523 3839 557 3896 et
575 3850 682 3914 soror;
704 3851 783 3916 ergo
794 3853 838 3903 ue
853 3832 992 3898 laedatur
1003 3833 1063 3897 hoc
1078 3851 1193 3898 eorum
1208 3832 1266 3916 jus,
1281 3846 1330 3892 nm

238 3943 340 4010 debet
362 3946 447 4010 ullus
462 3946 544 4011 alius
563 3946 702 4024 admitti,
720 3947 762 4013 ad
777 3948 954 4031 petendam
968 3949 1091 4014 vinculi
1113 3943 1330 4014 matrimonialis

237 4060 431 4126 solutionem
447 4081 487 4126 61
502 4081 597 4126 causa
610 4063 821 4146 impotentiae.

281 4177 325 4240 Il.
343 4175 436 4240 Idem
454 4175 628 4242 dicendum
643 4178 750 4262 quoad
766 4180 1032 4262 impedimentum
1050 4183 1170 4248 erroris
1185 4189 1219 4246 et
1231 4185 1324 4244 metas.

238 4291 320 4371 Quia
331 4309 443 4357 611016
458 4299 514 4355 aut
525 4301 616 4357 metu
632 4301 788 4371 cessante,
803 4304 911 4378 potest
923 4315 998 4379 pars
1010 4315 1081 4381 quae
1096 4299 1228 4373 erravit,
1241 4293 1286 4358 vel
1297 4305 1326 4352 et

237 4414 328 4511 metu
345 4407 516 4485 contraxit,
530 4408 632 4473 libere
644 4396 825 4475 consentire
838 4414 869 4475 in
880 4397 1120 4478 matrimonium
1130 4407 1320 4478 contractum.
