2914 5122
214 326 258 392 se
565 337 753 388 mammos
776 339 820 388 nn
840 338 990 388 runicus.

213 461 375 534 Ordinsrii
389 463 586 547 regulariter
602 463 667 530 suis
685 461 888 548 temporibus
907 463 1122 532 visitationem
1138 465 1328 546 instituere3

212 581 353 647 visitatio
377 587 489 645 autem
513 580 752 664 inquisitionem
772 581 975 664 generalem,
1002 581 1118 648 saltem
1144 587 1326 664 paternam,

210 697 366 763 involvat.
388 696 419 760 Si
433 696 519 760 enim
532 695 829 781 prerequireretur
852 695 895 764 de
919 698 1054 780 patratis
1066 697 1187 763 alieubi
1199 694 1331 764 delictis

212 812 297 881 sama
311 818 349 876 ut
363 809 408 876 ibi
427 811 590 895 inquisitio
604 811 765 894 generalis
778 811 853 878 fieri
870 820 992 896 posset,
1004 813 1168 878 nonstatis
1177 811 1333 894 tempori-

212 927 290 1004 bus,
306 923 365 990 sed
379 923 549 990 dumtaxat
563 926 597 991 in
615 945 691 990 casu
711 926 876 1009 praediotae
895 927 1001 1003 sams,
1022 926 1245 1010 superioribus
1258 923 1333 992 uisi·

212 1042 295 1107 tatio
317 1039 465 1106 iacienda
480 1039 717 1125 injungeretur.
747 1042 903 1127 Sequitur
930 1046 964 1108 2⁰
987 1062 1028 1108 ex
1043 1061 1084 1108 eo
1103 1041 1211 1127 qnod,
1233 1042 1333 1108 etiam

213 1157 303 1222 nulla
316 1155 527 1240 praeoedente
545 1157 687 1235 infamia,
714 1158 835 1224 bonum
860 1158 1026 1242 publicum
1050 1159 1169 1242 exigat,
1189 1166 1334 1240 utsnpe-

213 1276 317 1340 riores
330 1273 504 1358 inquirant,
529 1290 606 1337 num
624 1273 712 1338 inter
735 1273 882 1340 subditos
903 1274 1022 1340 malum
1041 1281 1162 1356 serpat.
1188 1276 1223 1338 3⁰
1250 1271 1333 1338 Ideo

214 1385 508 1471 praerequirsretur
523 1384 609 1450 fama
618 1383 660 1450 de
672 1386 806 1469 patratis
819 1384 955 1464 delictis,
971 1387 1077 1452 neoni
1091 1385 1237 1470 alioquin
1251 1383 1335 1469 inju-
1434 1467 1435 1472 ἵ

214 1502 262 1567 ria
273 1501 386 1583 fieret;
402 1500 461 1565 sed
476 1518 550 1565 oum
565 1501 724 1584 generalis
738 1507 886 1567 remanet
904 1501 1078 1586 inquisitio,
1098 1499 1140 1565 de
1153 1501 1286 1566 nemine
1301 1499 1335 1564 in

215 1617 404 1703 particulari
418 1617 609 1702 inquiritur3
628 1637 665 1682 ao
680 1615 816 1700 proinde
832 1617 913 1682 nulli
926 1617 965 1682 fit
978 1615 1107 1700 injuria.

266 1762 278 1784 «
296 1732 362 1796 Neo
386 1729 515 1796 obstant
530 1734 642 1794 textus
654 1728 774 1814 injure
797 1730 912 1814 passim
931 1730 1124 1806 existentes,
1143 1730 1200 1814 qui
1224 1728 1269 1795 ad
1288 1731 1336 1796 in-
1437 1721 1438 1726 ’

221 1878 234 1902 «ι
255 1848 461 1933 quisitionem
476 1865 626 1929 expresse
641 1847 813 1932 requirunt
830 1845 1073 1929 precedentem
1083 1845 1260 1913 infamiam.
1272 1846 1337 1912 Ile-

222 1961 401 2046 «spondeo
425 1963 508 2027 enim
530 1980 605 2026 eum
624 1962 788 2028 communi
804 1960 988 2048 (doctorum
1014 1958 1199 2044 sententia),
1222 1969 1337 2027 textus

222 2108 235 2134 a
250 2079 322 2144 illos
330 2096 395 2142 non
404 2076 492 2162 loqui
504 2074 545 2142 de
553 2077 757 2162 inquisitione
766 2081 912 2159 generali,
927 2077 986 2142 sed
1001 2077 1043 2144 de
1053 2081 1186 2160 speciali,
1198 2077 1232 2142 ri
1241 2077 1337 2163 eujus
1442 2159 1443 2162 Ἴ

223 2195 427 2278 «inquiritur
450 2201 564 2260 eontra
589 2193 833 2278 delinquentem
860 2194 895 2258 in
917 2194 1036 2278 specie.
1058 2223 1071 2248 ι
1093 2192 1333 2277 (Reiffenstuel,

217 2312 251 2376 in
266 2312 317 2376 tit.
341 2314 371 2387 l,
388 2309 463 2375 libri
479 2311 497 2374 5
511 2306 652 2386 decret,
667 2329 700 2374 n.
723 2306 811 2392 160.)

262 2428 479 2508 Quasnam.
502 2463 548 2474 -
570 2428 618 2490 Ao
635 2428 680 2495 od
708 2430 933 2506 inquisitionem
965 2428 1133 2506 peroratam
1154 2428 1339 2508 judicialem

217 2549 455 2628 proerequiratur
477 2545 630 2624 infamio?
655 2577 700 2588 —
729 2541 881 2624 Plerique
910 2542 1103 2618 eunonistre,
1133 2561 1198 2607 non
1227 2539 1340 2608 distin·

219 2659 350 2743 guendo
362 2667 521 2742 paternum
539 2659 627 2724 inter
647 2665 681 2723 et
689 2659 868 2739 judicialem
882 2657 1121 2741 inquisitionem
1136 2659 1338 2741 generalem,

220 2774 341 2842 docent
362 2774 590 2839 universaliter
606 2774 638 2837 in
657 2773 862 2857 inquisitione
881 2772 1024 2855 generali
1040 2773 1255 2838 neeessariam
1274 2793 1342 2838 non

204 2909 291 2957 fesso
312 2890 468 2973 praeviam
481 2889 658 2954 infamiam.
677 2890 705 2954 Ii
721 2907 801 2954 vero
817 2888 874 2972 qui
888 2886 1080 2972 distingunt,
1098 2888 1198 2954 etiam
1215 2907 1278 2973 pro
1286 2896 1341 2973 ju-

221 3008 373 3072 dicialiter
386 3006 533 3070 instituta
549 3005 753 3089 inquisitione
770 3004 914 3088 generali
927 3023 992 3068 non
1014 3005 1186 3090 requirunt
1204 3007 1341 3089 proprie

223 3121 342 3188 dictam
363 3123 560 3204 praecessisse
579 3122 763 3204 infamiam;
782 3119 840 3185 sed
863 3118 976 3186 dieunt
1002 3122 1125 3206 requiri
1150 3123 1262 3187 tamen
1283 3123 1343 3188 ali·

223 3256 320 3322 quam
337 3235 456 3321 judicis
471 3235 638 3302 fundatam
660 3237 876 3320 suspicionem
901 3237 955 3300 vel
981 3237 1269 3320 presumptionem
1298 3237 1341 3303 de

224 3354 399 3418 commissis
415 3351 552 3419 delictis.
575 3354 624 3418 ltu
639 3353 760 3418 Ameno
777 3359 811 3417 et
825 3353 1024 3432 Passerinus,
1046 3371 1128 3436 quos
1151 3372 1294 3438 sequens
1307 3362 1343 3420 et

225 3470 366 3552 allegans
383 3468 593 3535 Reiffenstuel
606 3469 652 3534 sie
667 3469 766 3534 habet
783 3489 790 3534 :
813 3499 825 3522 «
842 3467 944 3534 Ambo
963 3476 1074 3533 tamen
1096 3469 1192 3534 etiam
1211 3477 1340 3547 notant,

231 3618 244 3642 «
259 3585 357 3673 quod,
381 3588 442 3652 etsi
458 3606 538 3652 rera
562 3606 627 3653 non
652 3587 839 3672 requiratur
865 3585 1006 3663 briamia,
1027 3587 1212 3670 requiretur
1229 3593 1344 3654 tamen

232 3733 244 3757 «
262 3703 366 3787 aliqua
384 3703 522 3786 suspicio
536 3704 590 3771 uel
606 3702 826 3786 praesumptio,
842 3701 895 3766 vel
918 3700 1037 3766 indicia
1058 3702 1175 3787 aliqua,
1194 3703 1249 3768 vel
1265 3723 1344 3769 eon·

232 3849 245 3873 «
259 3819 331 3884 fusa
348 3819 475 3897 relatio,
500 3819 620 3885 alieubi
636 3819 708 3884 fieri
725 3816 856 3896 delicta,
882 3824 939 3882 aut
956 3817 1101 3884 homines
1116 3819 1162 3884 ibi
1176 3839 1242 3886 non
1256 3819 1343 3886 bene

232 3965 246 3990 κ
259 3935 383 4012 vivere,
397 3936 425 4000 si
435 3936 674 4019 inquisitionem
682 3932 870 4019 judicialem
880 3933 1049 4000 instituere
1060 3936 1132 4000 vult
1144 3933 1341 4021 (Praeletus),

233 4051 355 4116 «Ratio
375 4056 435 4129 est,
454 4053 539 4135 quia,
558 4071 634 4116 cum
652 4051 876 4135 inquisitiones
893 4051 1062 4132 generales
1078 4049 1240 4117 ordinarie
1263 4071 1344 4117 non·

233 4195 246 4221 α
263 4167 322 4232 nisi
337 4174 473 4250 paterne
489 4166 580 4246 fiant,
599 4167 666 4232 sine
682 4166 769 4231 omni
783 4183 879 4229 eausa
889 4171 946 4230 aut
958 4166 1081 4233 motivo
1094 4164 1345 4252 prudentijudi-

233 4311 246 4337 «
262 4285 380 4346 cialiter
393 4255 564 4348 instituere
578 4301 644 4347 non
663 4281 763 4347 debet
778 4281 1019 4366 inquisitionem
1033 4282 1229 4366 generalem.
1245 4281 1344 4350 doce·

232 4426 246 4458 a
264 4396 324 4475 dit,
343 4395 432 4484 quod
446 4398 610 4483 inquisitio
620 4399 782 4481 judicialis
794 4393 909 4460 tendat
927 4395 970 4462 ed
985 4397 1147 4482 publicam
1166 4395 1344 4464 vindictam
