2930 5114
258 313 321 376 558
601 323 857 384 maranesca
879 324 1027 377 nnumin.

253 452 529 535 comportandas
555 470 615 536 per
630 459 878 536 procuratorem
896 468 990 521 snum
1008 447 1187 523 absentiam
1209 448 1354 522 excusavit

254 567 341 636 inira
364 569 621 654 peremptorium
642 569 831 645 terminum,
852 573 994 651 quatuor
1016 570 1188 638 remanent
1211 561 1352 632 iacienda:

258 686 291 748 1⁰
307 683 490 768 accusarnda
504 692 554 752 est
569 683 642 769 ejus
655 683 871 766 contumacia
887 685 922 752 2⁰
933 679 1049 751 eadem
1071 679 1269 746 contumacia
1285 678 1355 764 aju-

255 797 329 866 dice
356 799 552 868 declaranda
582 807 650 884 est;
680 803 714 866 3⁰
746 797 895 867 citandus
926 805 976 862 est
1006 815 1085 865 rens
1113 795 1156 860 ad
1181 793 1357 863 audiendam

261 899 454 984 seutentiam
481 916 702 1000 definitivam
723 917 757 982 4⁰
775 913 1016 1001 pronuntianda
1030 922 1081 980 est
1103 913 1190 998 dicta
1209 911 1359 979 definitiva

258 1035 432 1100 mutantia.

783 1259 843 1334 §L

558 1464 642 1510 Forma
668 1458 792 1510 accusandi
816 1461 981 1532 contumacium
1007 1461 1058 1509 liei.

302 1677 352 1741 De
371 1673 445 1760 jure
460 1673 624 1740 communi
644 1691 708 1737 non
737 1673 916 1758 requiritur
930 1681 967 1739 ut
982 1673 1105 1757 pluries
1130 1680 1299 1738 accusetur
1314 1673 1365 1738 liei

258 1791 477 1874 contumacia3
505 1788 565 1855 sed
583 1791 676 1854 unioa
702 1787 819 1855 sufficit
839 1787 999 1875 ejusmodi
1020 1790 1193 1878 accusatio.
1214 1787 1305 1854 Unde
1322 1810 1364 1854 se-

258 1906 410 1993 quendus
424 1905 456 1970 in
469 1925 508 1982 ca
524 1925 560 1970 re
575 1904 828 1993 uuiuscujusque
845 1907 1035 1991 episcopalis
1052 1907 1150 1993 curiae
1164 1906 1279 1992 stylus.
1295 1905 1366 1988 Sup-

258 2021 411 2116 ponendo
426 2031 536 2087 autem
554 2021 824 2087 consuetudinem
844 2041 914 2087 esse
934 2027 971 2085 ut
986 2028 1039 2087 ter
1058 2024 1260 2088 coutumacia
1282 2040 1367 2086 accu-

258 2148 360 2218 setur,
381 2139 505 2223 poterit
522 2136 589 2202 haec
608 2137 786 2203 formalitas
802 2137 930 2222 expleri
944 2139 977 2202 iu
990 2137 1075 2203 hunc
1093 2137 1227 2204 modum
1245 2161 1252 2204 :
1272 2139 1366 2223 primo

259 2257 384 2321 scilicet
395 2254 450 2321 die
463 2252 605 2340 juridico
621 2253 718 2340 (idest
735 2274 799 2319 non
817 2251 961 2337 feriato),
984 2263 1059 2338 post
1080 2242 1227 2340 elapsum
1248 2273 1367 2339 perem-

257 2375 400 2459 ptorium
415 2374 593 2439 terminum
609 2392 667 2438 reo
682 2391 881 2450 concessum,
897 2373 925 2437 is
939 2393 956 2436 a
968 2371 1077 2456 judice
1091 2381 1230 2439 nocetur
1248 2395 1256 2438 :
1273 2377 1306 2437 et
1317 2391 1367 2436 ne·

257 2493 343 2557 mine
361 2483 569 2576 comparente
603 2497 771 2555 accusator
798 2489 835 2576 (si
850 2487 1050 2582 procedatur
1066 2490 1279 2556 accusationis
1296 2486 1363 2572 111),

258 2609 311 2675 vel
341 2616 508 2693 promotor
535 2605 649 2672 fiscalis
677 2605 714 2694 (si
738 2600 940 2690 procedatur
960 2608 1012 2672 via
1041 2604 1303 2685 denuntiationis,
1321 2603 1366 2672 nel

257 2726 405 2810 specialis
430 2720 674 2810 inquisitionis),
701 2721 788 2788 dicat
805 2741 914 2788 coram
936 2721 1047 2807 judice
1073 2743 1133 2807 pro
1155 2722 1312 2788 tribunali
1324 2742 1367 2787 se·

258 2840 382 2907 dente:
406 2845 517 2905 Arcoso
534 2846 669 2922 prienam
688 2845 903 2903 contumaciam
926 2845 1030 2903 contra
1053 2841 1207 2904 dominam
1225 2841 1366 2903 Andrean

257 2962 288 3022 N
292 3007 299 3026 .
303 3007 313 3038 ,
334 2963 471 3037 citatum,
495 2960 624 3020 relatam
647 2965 676 3021 et
691 2977 750 3021 non
767 2963 993 3039 comparentem.
1015 2956 1186 3022 Actuarius
1204 2975 1284 3023 nero
1300 2955 1368 3022 seri·

257 3072 315 3140 bat
345 3076 377 3140 in
407 3073 494 3139 huno
523 3072 686 3141 modum:
716 3077 812 3140 Die...
835 3081 984 3140 nensis...
1010 3091 1134 3140 anno..:
1157 3079 1233 3140 Cam
1257 3081 1368 3138 cnara

256 3194 364 3272 fnisset
388 3212 404 3254 e
425 3211 543 3255 scamno
560 3211 678 3256 reorum
692 3194 827 3254 Andreas
845 3195 901 3270 N„
926 3199 956 3254 et
974 3211 1026 3255 ner
1040 3197 1103 3274 ipse
1117 3211 1170 3255 nec
1184 3194 1266 3256 alias
1283 3197 1368 3274 ipsius

257 3312 376 3371 nornine
402 3311 614 3391 respondisset,
640 3314 794 3372 maneatur
821 3307 886 3393 (vel
905 3315 1060 3390 promotor
1082 3306 1223 3392 moniis),
1246 3315 1367 3390 annun

257 3431 473 3489 contumaciam
493 3431 645 3489 accusavit
663 3433 768 3490 contra
790 3426 935 3504 eundern,
961 3431 1098 3505 atatam,
1121 3427 1252 3490 relatam
1272 3433 1302 3489 et
1317 3443 1367 3488 noa

256 3549 484 3624 comparentem.
513 3546 551 3606 In
573 3543 683 3622 Mena,
712 3545 751 3606 N.
756 3590 767 3621 ‚
796 3539 1067 3607 octaarim.'Post
1088 3543 1229 3625 spatium
1254 3541 1366 3625 aliquot

259 3656 398 3737 dierum,
415 3657 508 3744 juxta
533 3659 656 3744 stylum
676 3658 786 3736 ouriae,
809 3657 901 3724 simili
924 3655 1022 3724 modo
1050 3665 1223 3726 accusetur
1248 3659 1364 3722 secando

258 3775 459 3841 contumacia
471 3796 479 3859 3
498 3783 532 3841 et
546 3773 679 3840 tandem
697 3779 788 3838 tertia
802 3780 831 3836 et
845 3777 965 3839 ultima.

769 4012 785 4085 5
817 4009 858 4074 ΙΙ.

580 4215 664 4262 Forma
675 4211 990 4286 declarandioontumaciam
1003 4216 1055 4265 liei.

301 4427 382 4494 satu
396 4426 458 4492 erit
473 4425 573 4492 scribi
589 4428 622 4492 iu
636 4426 716 4493 actia
731 4427 764 4492 iu
778 4426 864 4494 hunc
880 4425 1014 4495 modum
1031 4447 1038 4495 ε
