2838 5114
469 356 547 403 rans
574 355 733 404 secunus.
866 322 868 326 ¹
1119 341 1183 404 359

90 501 144 548 uun
168 481 243 548 alim
266 483 452 548 nominatur
476 482 654 566 parochus,
680 481 739 548 sed
764 490 891 548 tantum
919 467 1122 560 (commus,
1150 492 1186 549 et

89 616 224 682 suspenso
239 598 379 682 pnmcbo
396 595 615 666 denominatio
632 599 765 684 parochi
779 605 943 665 servatur.

124 712 160 776 V.
183 713 228 778 lix
250 714 460 796 suspensione
483 720 593 779 tamen
617 715 657 780 ab
681 713 800 791 officio,
823 715 972 799 sequitur
988 713 1096 799 quoad
1118 731 1187 778 sus·

87 847 205 911 pensum
223 829 361 912 privatio
383 829 470 894 illius
487 831 589 914 partis
611 830 779 895 fructuum
799 829 964 906 beneficii,
984 809 1055 914 quaa
1074 847 1188 895 neces-

86 945 156 1010 saria
173 951 223 1010 est
234 943 277 1011 cd
292 945 541 1012 sustentandum.
559 965 633 1012 eum
655 948 710 1031 qui
733 948 766 1011 in
782 945 884 1012 officio
900 946 1110 1012 substituitur
1128 969 1135 1012 ε
1153 955 1188 1013 et

86 1059 136 1124 hoc
152 1080 244 1126 nemo
266 1069 375 1145 namt.
395 1061 475 1127 Cum
496 1081 616 1146 nempe
638 1059 834 1128 beneficium
852 1062 950 1128 detur
968 1070 1106 1146 propter
1120 1061 1188 1128 cffi-

84 1177 173 1253 cium,
188 1175 402 1242 beneficiatus
418 1177 459 1242 ab
473 1178 641 1262 implendo
655 1178 758 1243 officio
774 1195 834 1244 suo
847 1177 1036 1262 impeditus,
1054 1185 1189 1243 tenetur

84 1292 208 1376 aliquem
223 1293 286 1359 sibi
300 1293 515 1371 substituere,
533 1302 568 1359 et
582 1297 764 1361 necessaria
779 1297 810 1360 ei
824 1295 963 1361 solvere.
978 1294 1065 1376 Quid
1077 1301 1188 1360 autern

82 1405 184 1474 deceat
206 1429 249 1474 ex
271 1410 433 1476 irumibus
459 1411 611 1476 beneficii
637 1411 808 1494 praelerari
835 1429 896 1494 pro
918 1411 1095 1476 substituto
1118 1412 1188 1476 sive

81 1541 245 1602 oemncmn,
262 1527 407 1608 pertinet
421 1525 463 1590 ad
477 1527 670 1609 Episcopum
689 1526 887 1610 decernere;
910 1527 1138 1604 salvatamen,
1155 1527 1188 1591 in

80 1658 145 1704 casu
159 1641 362 1724 gravaminis,
381 1644 413 1706 ei
425 1643 482 1726 qui
498 1661 674 1753 suspensus
688 1651 749 1720 est,
769 1642 994 1727 appellationis
1009 1642 1050 1707 ad
1067 1643 1188 1708 iletre

78 1756 245 1838 politanum
261 1758 316 1824 vel
332 1777 485 1824 recursus
500 1758 543 1824 ad
559 1759 677 1826 sedem
691 1761 907 1844 Apostolicam
922 1759 1081 1826 remedio.

115 1873 164 1938 vi.
191 1875 230 1940 ln
254 1875 358 1940 Gallia
383 1873 487 1941 edidit
512 1877 675 1942 secularis
693 1884 837 1960 potestas
860 1877 1015 1941 nonnulla
1040 1875 1184 1955 decreta,

77 1989 181 2071 quihus
196 1991 364 2068 statuitur,
383 2009 551 2058 oeconomo
566 2011 623 2058 seu
640 1993 710 2058 vice
731 1993 871 2075 parocho
891 1992 1186 2078 tribuendaruesse

76 2111 187 2170 certam
205 2105 379 2190 quamdam
401 2113 528 2189 partem
552 2108 730 2190 pensionis,
747 2128 765 2172 a
785 2107 944 2191 gubernio
965 2109 1046 2173 solvi
1069 2109 1182 2173 solitae.

76 2219 145 2284 Cum
162 2230 275 2287 autem
294 2220 456 2306 ejusmodi
478 2223 650 2305 pensiones
671 2241 796 2300 annuae,
816 2241 887 2307 quae
904 2243 922 2287 a
937 2223 1095 2306 gubernio
1112 2225 1187 2290 Gal-

73 2333 126 2402 lico
151 2338 185 2402 in
211 2338 294 2403 cleri
325 2340 595 2404 sustentationem
632 2341 821 2417 solvuntur,
852 2341 1012 2406 rationem
1044 2339 1186 2406 habeant

73 2451 299 2518 beneficiorum
316 2453 524 2520 othonorum
541 2455 833 2521 aeclesiasticorum
857 2455 905 2542 (ut
924 2455 1133 2540 probavimus
1150 2457 1184 2520 iu

72 2572 204 2634 tractatu
225 2572 264 2633 da
282 2568 458 2654 Capitulis),
480 2588 543 2635 non
564 2571 671 2654 potuit
695 2571 856 2636 saecularis
879 2578 1034 2655 potestas,
1059 2571 1181 2655 absque

71 2683 153 2750 Sedis
171 2687 364 2771 apostolica
393 2705 541 2764 assensu,
570 2687 611 2753 de
631 2682 795 2771 predictis
818 2689 961 2780 legitime
987 2687 1178 2753 decernere.

73 2799 268 2888 ceteroquin
283 2805 317 2868 in
333 2823 368 2869 se
384 2811 537 2887 spectatae
562 2803 747 2890 hujusmodi
766 2803 988 2871 ordinationes
1010 2809 1059 2870 sat
1082 2821 1181 2890 aequoe

70 2932 123 3000 pro
136 2933 269 2984 casuum
286 2919 498 3002 generalitate
515 2919 621 2984 videri
640 2928 787 3004 possunt.

523 3216 656 3284 CAPUT
680 3219 719 3282 V.

66 3489 139 3550 Qttrn
157 3492 364 3540 CATHOUGUS
387 3491 531 3552 QUISQun
553 3489 681 3538 DEBEAT
699 3490 764 3536 AUT
782 3488 891 3536 Licinn
914 3487 1024 3538 Possm
1044 3489 1180 3538 §numan

106 3608 145 3654 ΕΤ
163 3607 361 3665 SUSTINEBE,
382 3608 426 3654 DE
445 3605 652 3654 innnonuers
671 3606 737 3652 Hac
756 3605 777 3654 Α
795 3606 1002 3653 minantium
1022 3605 1179 3654 PATRIBUS

104 3717 308 3781 miserrime,
342 3722 579 3771 EPISCOPALIUM
619 3721 764 3770 scillcet
796 3723 838 3768 EX
876 3721 1065 3770 turonum
1101 3721 1179 3768 mtt-

104 3840 254 3888 sernum
276 3837 538 3887 sternumentum.

104 4072 227 4140 Cautus
245 4089 316 4137 esse
335 4069 435 4138 debet
452 4074 602 4156 scriptor,
625 4070 703 4137 dum
728 4091 845 4138 novam
870 4071 957 4136 illam
978 4069 1180 4154 disciplinam

66 4205 102 4252 ex
117 4188 255 4254 decreto
268 4187 456 4256 Tridentino
469 4188 652 4266 inductam,
671 4181 748 4254 cum'
761 4189 933 4265 anteriori,
949 4203 1020 4271 quae
1036 4193 1180 4268 pericla

64 4305 308 4388 quatuordecim
328 4305 445 4370 saecula
463 4305 668 4382 obtinuerat,
692 4305 881 4382 conferens,
900 4306 1070 4388 utriusque
1094 4303 1180 4367 utili-

64 4428 144 4509 tates
167 4441 295 4488 necnon
314 4421 516 4488 inoommoda
542 4422 643 4488 veluti
662 4425 755 4488 lance
777 4421 970 4507 perpendit,
993 4421 1088 4485 unius
1113 4433 1179 4502 prae
