<?xml version="1.0" encoding="UTF-8"?>
<!DOCTYPE html PUBLIC "-//W3C//DTD XHTML 1.0 Transitional//EN"
    "http://www.w3.org/TR/xhtml1/DTD/xhtml1-transitional.dtd">
<html xmlns="http://www.w3.org/1999/xhtml" xml:lang="en" lang="en">
 <head>
  <title>
</title>
<meta http-equiv="Content-Type" content="text/html;charset=utf-8" />
  <meta name='ocr-system' content='tesseract 3.04.00' />
  <meta name='ocr-capabilities' content='ocr_page ocr_carea ocr_par ocr_line ocrx_word'/>
</head>
<body>
  <div class='ocr_page' id='page_1' title='image "./tractatusdejudi01bouigoog_0506.png"; bbox 0 0 2878 5114; ppageno 0'>
   <div class='ocr_carea' id='block_1_1' title="bbox 474 296 1161 364">
    <p class='ocr_par' dir='ltr' id='par_1_1' title="bbox 474 296 1161 364">
     <span class='ocr_line' id='line_1_1' title="bbox 474 296 1161 364; baseline 0.012 -10"><span class='ocrx_word' id='word_1_1' title='bbox 474 307 553 356; x_wconf 80' lang='lat' dir='ltr'>enus</span> <span class='ocrx_word' id='word_1_2' title='bbox 576 309 734 354; x_wconf 74' lang='lat' dir='ltr'>secunus.</span> <span class='ocrx_word' id='word_1_3' title='bbox 1097 296 1161 364; x_wconf 77' lang='lat'>⁴97</span> 
     </span>
    </p>
   </div>
   <div class='ocr_carea' id='block_1_2' title="bbox 66 431 1173 1099">
    <p class='ocr_par' dir='ltr' id='par_1_2' title="bbox 66 431 1173 1099">
     <span class='ocr_line' id='line_1_2' title="bbox 71 431 1163 516; baseline 0.005 -20"><span class='ocrx_word' id='word_1_4' title='bbox 71 451 143 498; x_wconf 83' lang='lat' dir='ltr'>suste</span> <span class='ocrx_word' id='word_1_5' title='bbox 164 432 362 514; x_wconf 82' lang='lat' dir='ltr'>reperiatur3</span> <span class='ocrx_word' id='word_1_6' title='bbox 389 437 489 512; x_wconf 84' lang='lat' dir='ltr'>tertio,</span> <span class='ocrx_word' id='word_1_7' title='bbox 512 433 539 496; x_wconf 92' lang='lat' dir='ltr'>si</span> <span class='ocrx_word' id='word_1_8' title='bbox 557 431 746 496; x_wconf 86' lang='lat' dir='ltr'>affirmative</span> <span class='ocrx_word' id='word_1_9' title='bbox 770 431 985 516; x_wconf 83' lang='lat' dir='ltr'>respondeat,</span> <span class='ocrx_word' id='word_1_10' title='bbox 1013 454 1088 500; x_wconf 89' lang='lat' dir='ltr'>eum</span> <span class='ocrx_word' id='word_1_11' title='bbox 1111 456 1163 502; x_wconf 88' lang='lat' dir='ltr'>re·</span> 
     </span>
     <span class='ocr_line' id='line_1_3' title="bbox 70 532 1163 631; baseline 0.006 -19"><span class='ocrx_word' id='word_1_12' title='bbox 70 548 163 612; x_wconf 89' lang='lat' dir='ltr'>mittut</span> <span class='ocrx_word' id='word_1_13' title='bbox 176 546 216 611; x_wconf 90' lang='lat' dir='ltr'>ad</span> <span class='ocrx_word' id='word_1_14' title='bbox 236 532 433 612; x_wconf 84' lang='lat' dir='ltr'>ordinarium</span> <span class='ocrx_word' id='word_1_15' title='bbox 453 547 550 611; x_wconf 79' lang='lat' dir='ltr'>curiae</span> <span class='ocrx_word' id='word_1_16' title='bbox 566 549 753 631; x_wconf 89' lang='lat' dir='ltr'>episcopalis</span> <span class='ocrx_word' id='word_1_17' title='bbox 774 550 935 614; x_wconf 88' lang='lat' dir='ltr'>notarium</span> <span class='ocrx_word' id='word_1_18' title='bbox 956 569 1014 615; x_wconf 89' lang='lat' dir='ltr'>seu</span> <span class='ocrx_word' id='word_1_19' title='bbox 1037 555 1163 620; x_wconf 92' lang='lat' dir='ltr'>cancel-</span> 
     </span>
     <span class='ocr_line' id='line_1_4' title="bbox 68 645 1157 751; baseline 0.005 -24"><span class='ocrx_word' id='word_1_20' title='bbox 68 664 187 741; x_wconf 86' lang='lat' dir='ltr'>larium,</span> <span class='ocrx_word' id='word_1_21' title='bbox 215 663 256 728; x_wconf 92' lang='lat' dir='ltr'>ad</span> <span class='ocrx_word' id='word_1_22' title='bbox 281 663 550 730; x_wconf 87' lang='lat' dir='ltr'>conscribendum</span> <span class='ocrx_word' id='word_1_23' title='bbox 577 645 1004 750; x_wconf 80' lang='lat' dir='ltr'>accusatoriumlibellum3</span> <span class='ocrx_word' id='word_1_24' title='bbox 1033 677 1157 751; x_wconf 83' lang='lat' dir='ltr'>quarto,</span> 
     </span>
     <span class='ocr_line' id='line_1_5' title="bbox 68 775 1173 866; baseline 0.009 -23"><span class='ocrx_word' id='word_1_25' title='bbox 68 779 258 846; x_wconf 86' lang='lat' dir='ltr'>cancellarius</span> <span class='ocrx_word' id='word_1_26' title='bbox 272 800 352 846; x_wconf 82' lang='lat' dir='ltr'>vero</span> <span class='ocrx_word' id='word_1_27' title='bbox 366 779 460 864; x_wconf 81' lang='lat' dir='ltr'>juxta</span> <span class='ocrx_word' id='word_1_28' title='bbox 474 783 674 848; x_wconf 87' lang='lat' dir='ltr'>accusatoris</span> <span class='ocrx_word' id='word_1_29' title='bbox 690 775 778 847; x_wconf 81' lang='lat' dir='ltr'>dicta</span> <span class='ocrx_word' id='word_1_30' title='bbox 794 783 952 866; x_wconf 87' lang='lat' dir='ltr'>scriptum</span> <span class='ocrx_word' id='word_1_31' title='bbox 970 785 1117 852; x_wconf 91' lang='lat' dir='ltr'>libellum</span> <span class='ocrx_word' id='word_1_32' title='bbox 1132 788 1173 852; x_wconf 81' lang='lat' dir='ltr'>ei-</span> 
     </span>
     <span class='ocr_line' id='line_1_6' title="bbox 68 895 1164 981; baseline 0.009 -23"><span class='ocrx_word' id='word_1_33' title='bbox 68 901 175 960; x_wconf 88' lang='lat' dir='ltr'>uttente</span> <span class='ocrx_word' id='word_1_34' title='bbox 193 895 366 980; x_wconf 83' lang='lat' dir='ltr'>legendum</span> <span class='ocrx_word' id='word_1_35' title='bbox 384 895 514 979; x_wconf 89' lang='lat' dir='ltr'>tradat;</span> <span class='ocrx_word' id='word_1_36' title='bbox 535 916 631 981; x_wconf 90' lang='lat' dir='ltr'>quem</span> <span class='ocrx_word' id='word_1_37' title='bbox 648 899 674 962; x_wconf 90' lang='lat' dir='ltr'>si</span> <span class='ocrx_word' id='word_1_38' title='bbox 690 900 791 964; x_wconf 92' lang='lat' dir='ltr'>menti</span> <span class='ocrx_word' id='word_1_39' title='bbox 809 919 874 964; x_wconf 79' lang='lat' dir='ltr'>suae</span> <span class='ocrx_word' id='word_1_40' title='bbox 894 901 1093 970; x_wconf 86' lang='lat' dir='ltr'><strong>conformem</strong></span> <span class='ocrx_word' id='word_1_41' title='bbox 1111 922 1164 968; x_wconf 92' lang='lat' dir='ltr'>re-</span> 
     </span>
     <span class='ocr_line' id='line_1_7' title="bbox 66 1013 879 1099; baseline 0.006 -24"><span class='ocrx_word' id='word_1_42' title='bbox 66 1013 157 1092; x_wconf 86' lang='lat' dir='ltr'>periat</span> <span class='ocrx_word' id='word_1_43' title='bbox 169 1021 344 1091; x_wconf 84' lang='lat' dir='ltr'>accusator,</span> <span class='ocrx_word' id='word_1_44' title='bbox 362 1013 559 1094; x_wconf 80' lang='lat' dir='ltr'><strong>subscribat,</strong></span> <span class='ocrx_word' id='word_1_45' title='bbox 577 1021 611 1079; x_wconf 89' lang='lat' dir='ltr'>et</span> <span class='ocrx_word' id='word_1_46' title='bbox 622 1013 725 1099; x_wconf 85' lang='lat' dir='ltr'>judici</span> <span class='ocrx_word' id='word_1_47' title='bbox 739 1014 879 1082; x_wconf 88' lang='lat' dir='ltr'>deferat.</span> 
     </span>
    </p>
   </div>
   <div class='ocr_carea' id='block_1_3' title="bbox 497 1300 707 1368">
    <p class='ocr_par' dir='ltr' id='par_1_3' title="bbox 497 1300 707 1368">
     <span class='ocr_line' id='line_1_8' title="bbox 497 1300 707 1368; baseline -0.01 0"><span class='ocrx_word' id='word_1_48' title='bbox 497 1300 631 1368; x_wconf 78' lang='lat' dir='ltr'><strong>CAPUT</strong></span> <span class='ocrx_word' id='word_1_49' title='bbox 652 1304 707 1366; x_wconf 89' lang='lat' dir='ltr'>lV.</span> 
     </span>
    </p>
   </div>
   <div class='ocr_carea' id='block_1_4' title="bbox 304 1531 907 1615">
    <p class='ocr_par' dir='ltr' id='par_1_4' title="bbox 304 1531 907 1615">
     <span class='ocr_line' id='line_1_9' title="bbox 304 1531 907 1615; baseline 0.018 -11"><span class='ocrx_word' id='word_1_50' title='bbox 304 1560 461 1608; x_wconf 77' lang='lat' dir='ltr'>ronnurn</span> <span class='ocrx_word' id='word_1_51' title='bbox 482 1561 611 1608; x_wconf 78' lang='lat' dir='ltr'>uiarum</span> <span class='ocrx_word' id='word_1_52' title='bbox 634 1531 907 1615; x_wconf 76' lang='lat' dir='ltr'>oenunrmroun..</span> 
     </span>
    </p>
   </div>
   <div class='ocr_carea' id='block_1_5' title="bbox 57 1827 1166 2496">
    <p class='ocr_par' dir='ltr' id='par_1_5' title="bbox 57 1827 1166 2496">
     <span class='ocr_line' id='line_1_10' title="bbox 97 1827 1161 1912; baseline 0.015 -24"><span class='ocrx_word' id='word_1_53' title='bbox 97 1827 220 1910; x_wconf 82' lang='lat' dir='ltr'>Duplici</span> <span class='ocrx_word' id='word_1_54' title='bbox 230 1827 327 1893; x_wconf 92' lang='lat' dir='ltr'>modo</span> <span class='ocrx_word' id='word_1_55' title='bbox 335 1827 409 1893; x_wconf 88' lang='lat' dir='ltr'>fieri</span> <span class='ocrx_word' id='word_1_56' title='bbox 420 1836 529 1912; x_wconf 89' lang='lat' dir='ltr'>potest</span> <span class='ocrx_word' id='word_1_57' title='bbox 538 1828 752 1906; x_wconf 79' lang='lat' dir='ltr'>denuntiatio,</span> <span class='ocrx_word' id='word_1_58' title='bbox 764 1837 966 1896; x_wconf 74' lang='lat' dir='ltr'>criminaliter</span> <span class='ocrx_word' id='word_1_59' title='bbox 975 1844 1009 1900; x_wconf 90' lang='lat' dir='ltr'>et</span> <span class='ocrx_word' id='word_1_60' title='bbox 1018 1841 1161 1905; x_wconf 85' lang='lat' dir='ltr'>civiliter.</span> 
     </span>
     <span class='ocr_line' id='line_1_11' title="bbox 60 1939 1164 2028; baseline 0.013 -24"><span class='ocrx_word' id='word_1_61' title='bbox 60 1939 259 2022; x_wconf 75' lang='lat' dir='ltr'>denuntiatio</span> <span class='ocrx_word' id='word_1_62' title='bbox 276 1943 489 2009; x_wconf 82' lang='lat' dir='ltr'>criminaliter</span> <span class='ocrx_word' id='word_1_63' title='bbox 499 1944 585 2008; x_wconf 84' lang='lat' dir='ltr'>facta</span> <span class='ocrx_word' id='word_1_64' title='bbox 600 1963 637 2010; x_wconf 89' lang='lat' dir='ltr'>ea</span> <span class='ocrx_word' id='word_1_65' title='bbox 652 1951 712 2020; x_wconf 88' lang='lat' dir='ltr'>est,</span> <span class='ocrx_word' id='word_1_66' title='bbox 732 1963 795 2028; x_wconf 92' lang='lat' dir='ltr'>qua</span> <span class='ocrx_word' id='word_1_67' title='bbox 813 1945 1006 2015; x_wconf 91' lang='lat' dir='ltr'>denuntians</span> <span class='ocrx_word' id='word_1_68' title='bbox 1021 1951 1164 2020; x_wconf 81' lang='lat' dir='ltr'>debitam</span> 
     </span>
     <span class='ocr_line' id='line_1_12' title="bbox 60 2052 1166 2146; baseline 0.016 -30"><span class='ocrx_word' id='word_1_69' title='bbox 60 2052 266 2140; x_wconf 90' lang='lat' dir='ltr'>delinquentis</span> <span class='ocrx_word' id='word_1_70' title='bbox 284 2058 484 2142; x_wconf 80' lang='lat' dir='ltr'>punitionem</span> <span class='ocrx_word' id='word_1_71' title='bbox 499 2058 640 2124; x_wconf 82' lang='lat' dir='ltr'>intendit</span> <span class='ocrx_word' id='word_1_72' title='bbox 650 2066 683 2123; x_wconf 91' lang='lat' dir='ltr'>et</span> <span class='ocrx_word' id='word_1_73' title='bbox 693 2059 834 2142; x_wconf 85' lang='lat' dir='ltr'>postulat</span> <span class='ocrx_word' id='word_1_74' title='bbox 850 2084 857 2126; x_wconf 92' lang='lat'>:</span> <span class='ocrx_word' id='word_1_75' title='bbox 874 2082 935 2146; x_wconf 89' lang='lat' dir='ltr'>per</span> <span class='ocrx_word' id='word_1_76' title='bbox 950 2063 1166 2135; x_wconf 87' lang='lat' dir='ltr'>denuntiatio-</span> 
     </span>
     <span class='ocr_line' id='line_1_13' title="bbox 58 2173 1165 2266; baseline 0.015 -34"><span class='ocrx_word' id='word_1_77' title='bbox 58 2189 123 2235; x_wconf 91' lang='lat' dir='ltr'>nem</span> <span class='ocrx_word' id='word_1_78' title='bbox 139 2181 250 2238; x_wconf 89' lang='lat' dir='ltr'>autem</span> <span class='ocrx_word' id='word_1_79' title='bbox 275 2175 415 2239; x_wconf 85' lang='lat' dir='ltr'>civiliter</span> <span class='ocrx_word' id='word_1_80' title='bbox 436 2175 564 2252; x_wconf 90' lang='lat' dir='ltr'>factam,</span> <span class='ocrx_word' id='word_1_81' title='bbox 583 2173 793 2240; x_wconf 86' lang='lat' dir='ltr'>denuntiator</span> <span class='ocrx_word' id='word_1_82' title='bbox 814 2191 877 2242; x_wconf 91' lang='lat' dir='ltr'>non</span> <span class='ocrx_word' id='word_1_83' title='bbox 901 2182 1044 2262; x_wconf 86' lang='lat' dir='ltr'>postulat</span> <span class='ocrx_word' id='word_1_84' title='bbox 1061 2186 1165 2266; x_wconf 89' lang='lat' dir='ltr'>poenis</span> 
     </span>
     <span class='ocr_line' id='line_1_14' title="bbox 57 2289 1165 2382; baseline 0.014 -31"><span class='ocrx_word' id='word_1_85' title='bbox 57 2289 161 2374; x_wconf 89' lang='lat' dir='ltr'>subjici</span> <span class='ocrx_word' id='word_1_86' title='bbox 175 2291 434 2376; x_wconf 88' lang='lat' dir='ltr'>delinquentem,</span> <span class='ocrx_word' id='word_1_87' title='bbox 452 2292 511 2356; x_wconf 89' lang='lat' dir='ltr'>sed</span> <span class='ocrx_word' id='word_1_88' title='bbox 526 2289 694 2357; x_wconf 83' lang='lat' dir='ltr'>dumtaxat</span> <span class='ocrx_word' id='word_1_89' title='bbox 714 2313 789 2358; x_wconf 92' lang='lat' dir='ltr'>eum</span> <span class='ocrx_word' id='word_1_90' title='bbox 804 2296 876 2378; x_wconf 85' lang='lat' dir='ltr'>cogi</span> <span class='ocrx_word' id='word_1_91' title='bbox 890 2295 933 2362; x_wconf 87' lang='lat' dir='ltr'>ad</span> <span class='ocrx_word' id='word_1_92' title='bbox 948 2300 1165 2382; x_wconf 87' lang='lat' dir='ltr'>reparandum</span> 
     </span>
     <span class='ocr_line' id='line_1_15' title="bbox 58 2401 1165 2496; baseline 0.01 -29"><span class='ocrx_word' id='word_1_93' title='bbox 58 2401 201 2471; x_wconf 84' lang='lat' dir='ltr'>damnum</span> <span class='ocrx_word' id='word_1_94' title='bbox 215 2406 362 2490; x_wconf 89' lang='lat' dir='ltr'>illatum;</span> <span class='ocrx_word' id='word_1_95' title='bbox 381 2408 436 2492; x_wconf 83' lang='lat' dir='ltr'>qui</span> <span class='ocrx_word' id='word_1_96' title='bbox 451 2405 703 2472; x_wconf 86' lang='lat' dir='ltr'>denuntiationis</span> <span class='ocrx_word' id='word_1_97' title='bbox 718 2408 833 2474; x_wconf 90' lang='lat' dir='ltr'>modus</span> <span class='ocrx_word' id='word_1_98' title='bbox 850 2408 969 2477; x_wconf 90' lang='lat' dir='ltr'>dicitur</span> <span class='ocrx_word' id='word_1_99' title='bbox 983 2414 1081 2480; x_wconf 86' lang='lat' dir='ltr'>etiam</span> <span class='ocrx_word' id='word_1_100' title='bbox 1096 2437 1165 2496; x_wconf 86' lang='lat' dir='ltr'>qoe-</span> 
     </span>
    </p>
   </div>
   <div class='ocr_carea' id='block_1_6' title="bbox 56 2522 1163 2726">
    <p class='ocr_par' dir='ltr' id='par_1_6' title="bbox 56 2522 1163 2726">
     <span class='ocr_line' id='line_1_16' title="bbox 56 2522 1163 2611; baseline 0.015 -34"><span class='ocrx_word' id='word_1_101' title='bbox 56 2523 122 2586; x_wconf 82' lang='lat' dir='ltr'>reto.</span> <span class='ocrx_word' id='word_1_102' title='bbox 143 2523 328 2588; x_wconf 85' lang='lat' dir='ltr'>Formulam</span> <span class='ocrx_word' id='word_1_103' title='bbox 352 2523 455 2588; x_wconf 89' lang='lat' dir='ltr'>libelli</span> <span class='ocrx_word' id='word_1_104' title='bbox 480 2542 539 2606; x_wconf 90' lang='lat' dir='ltr'>pro</span> <span class='ocrx_word' id='word_1_105' title='bbox 560 2522 683 2606; x_wconf 81' lang='lat' dir='ltr'>duplici</span> <span class='ocrx_word' id='word_1_106' title='bbox 703 2525 763 2590; x_wconf 93' lang='lat' dir='ltr'>hoc</span> <span class='ocrx_word' id='word_1_107' title='bbox 782 2546 857 2590; x_wconf 89' lang='lat' dir='ltr'>casu</span> <span class='ocrx_word' id='word_1_108' title='bbox 883 2527 1080 2611; x_wconf 86' lang='lat' dir='ltr'>subjicimus,</span> <span class='ocrx_word' id='word_1_109' title='bbox 1107 2530 1163 2596; x_wconf 93' lang='lat' dir='ltr'>ad-</span> 
     </span>
     <span class='ocr_line' id='line_1_17' title="bbox 56 2633 1060 2726; baseline 0.013 -30"><span class='ocrx_word' id='word_1_110' title='bbox 56 2633 155 2704; x_wconf 92' lang='lat' dir='ltr'>dendo</span> <span class='ocrx_word' id='word_1_111' title='bbox 172 2648 208 2704; x_wconf 91' lang='lat' dir='ltr'>et</span> <span class='ocrx_word' id='word_1_112' title='bbox 224 2639 317 2704; x_wconf 86' lang='lat' dir='ltr'>aliam</span> <span class='ocrx_word' id='word_1_113' title='bbox 332 2659 393 2724; x_wconf 90' lang='lat' dir='ltr'>pro</span> <span class='ocrx_word' id='word_1_114' title='bbox 408 2659 484 2706; x_wconf 88' lang='lat' dir='ltr'>casu</span> <span class='ocrx_word' id='word_1_115' title='bbox 496 2659 560 2726; x_wconf 90' lang='lat' dir='ltr'>quo</span> <span class='ocrx_word' id='word_1_116' title='bbox 575 2637 770 2708; x_wconf 86' lang='lat' dir='ltr'>denuntians</span> <span class='ocrx_word' id='word_1_117' title='bbox 789 2639 891 2707; x_wconf 86' lang='lat' dir='ltr'>nescit</span> <span class='ocrx_word' id='word_1_118' title='bbox 905 2643 1060 2709; x_wconf 89' lang='lat' dir='ltr'>scribere.</span> 
     </span>
    </p>
   </div>
   <div class='ocr_carea' id='block_1_7' title="bbox 572 2903 638 2977">
    <p class='ocr_par' dir='ltr' id='par_1_7' title="bbox 572 2903 638 2977">
     <span class='ocr_line' id='line_1_18' title="bbox 572 2903 638 2977; baseline -0.03 -11"><span class='ocrx_word' id='word_1_119' title='bbox 572 2903 638 2977; x_wconf 72' lang='lat' dir='ltr'>tl.</span> 
     </span>
    </p>
   </div>
   <div class='ocr_carea' id='block_1_8' title="bbox 271 3119 942 3184">
    <p class='ocr_par' dir='ltr' id='par_1_8' title="bbox 271 3119 942 3184">
     <span class='ocr_line' id='line_1_19' title="bbox 271 3119 942 3184; baseline -0.003 -12"><span class='ocrx_word' id='word_1_120' title='bbox 271 3123 380 3174; x_wconf 66' lang='lat' dir='ltr'>formula</span> <span class='ocrx_word' id='word_1_121' title='bbox 393 3121 465 3170; x_wconf 86' lang='lat' dir='ltr'>libelli</span> <span class='ocrx_word' id='word_1_122' title='bbox 479 3119 571 3184; x_wconf 86' lang='lat' dir='ltr'>quando</span> <span class='ocrx_word' id='word_1_123' title='bbox 585 3119 728 3168; x_wconf 83' lang='lat' dir='ltr'>denuntiatio</span> <span class='ocrx_word' id='word_1_124' title='bbox 743 3119 767 3168; x_wconf 83' lang='lat' dir='ltr'>lit</span> <span class='ocrx_word' id='word_1_125' title='bbox 782 3121 942 3172; x_wconf 80' lang='lat' dir='ltr'>criminaliter.</span> 
     </span>
    </p>
   </div>
   <div class='ocr_carea' id='block_1_9' title="bbox 26 3339 1180 4570">
    <p class='ocr_par' dir='ltr' id='par_1_9' title="bbox 26 3339 1180 4249">
     <span class='ocr_line' id='line_1_20' title="bbox 96 3339 1164 3424; baseline 0.009 -10"><span class='ocrx_word' id='word_1_126' title='bbox 96 3375 110 3414; x_wconf 80' lang='lat' dir='ltr'>a</span> <span class='ocrx_word' id='word_1_127' title='bbox 140 3358 179 3418; x_wconf 85' lang='lat' dir='ltr'>Io</span> <span class='ocrx_word' id='word_1_128' title='bbox 205 3339 481 3418; x_wconf 73' lang='lat' dir='ltr'>rememoratae.</span> <span class='ocrx_word' id='word_1_129' title='bbox 507 3353 611 3416; x_wconf 82' lang='lat' dir='ltr'>Amen.</span> <span class='ocrx_word' id='word_1_130' title='bbox 639 3385 683 3398; x_wconf 92' lang='grc'>-</span> <span class='ocrx_word' id='word_1_131' title='bbox 709 3353 766 3413; x_wconf 86' lang='lat' dir='ltr'>Die</span> <span class='ocrx_word' id='word_1_132' title='bbox 795 3351 836 3414; x_wconf 86' lang='lat'>15</span> <span class='ocrx_word' id='word_1_133' title='bbox 863 3358 972 3416; x_wconf 58' lang='lat' dir='ltr'>menes</span> <span class='ocrx_word' id='word_1_134' title='bbox 997 3361 1164 3424; x_wconf 80' lang='lat' dir='ltr'>reovembris</span> 
     </span>
     <span class='ocr_line' id='line_1_21' title="bbox 53 3470 1163 3556; baseline 0.007 -24"><span class='ocrx_word' id='word_1_135' title='bbox 53 3476 122 3534; x_wconf 80' lang='lat' dir='ltr'>anei</span> <span class='ocrx_word' id='word_1_136' title='bbox 144 3473 243 3548; x_wconf 81' lang='lat'>1853,</span> <span class='ocrx_word' id='word_1_137' title='bbox 268 3489 320 3552; x_wconf 76' lang='lat' dir='ltr'>eqo</span> <span class='ocrx_word' id='word_1_138' title='bbox 342 3474 514 3535; x_wconf 68' lang='lat' dir='ltr'>tremiscas</span> <span class='ocrx_word' id='word_1_139' title='bbox 540 3470 663 3542; x_wconf 82' lang='lat' dir='ltr'>Zeleia,</span> <span class='ocrx_word' id='word_1_140' title='bbox 690 3471 824 3528; x_wconf 86' lang='lat' dir='ltr'>civitatis</span> <span class='ocrx_word' id='word_1_141' title='bbox 848 3471 887 3532; x_wconf 89' lang='grc' dir='ltr'>Ν.</span> <span class='ocrx_word' id='word_1_142' title='bbox 917 3473 1032 3551; x_wconf 85' lang='lat' dir='ltr'>incola,</span> <span class='ocrx_word' id='word_1_143' title='bbox 1055 3477 1163 3556; x_wconf 75' lang='lat' dir='ltr'>clepens</span> 
     </span>
     <span class='ocr_line' id='line_1_22' title="bbox 52 3586 1180 3676; baseline 0.008 -30"><span class='ocrx_word' id='word_1_144' title='bbox 52 3595 98 3650; x_wconf 84' lang='lat' dir='ltr'>eta</span> <span class='ocrx_word' id='word_1_145' title='bbox 115 3593 170 3668; x_wconf 72' lang='lat' dir='ltr'>N,</span> <span class='ocrx_word' id='word_1_146' title='bbox 193 3607 316 3651; x_wconf 75' lang='lat' dir='ltr'>narare</span> <span class='ocrx_word' id='word_1_147' title='bbox 334 3593 389 3668; x_wconf 66' lang='lat' dir='ltr'>lli,</span> <span class='ocrx_word' id='word_1_148' title='bbox 423 3589 477 3648; x_wconf 89' lang='lat' dir='ltr'>tibi</span> <span class='ocrx_word' id='word_1_149' title='bbox 503 3589 614 3648; x_wconf 78' lang='lat' dir='ltr'>loanni</span> <span class='ocrx_word' id='word_1_150' title='bbox 641 3586 800 3661; x_wconf 78' lang='lat' dir='ltr'>Severior,</span> <span class='ocrx_word' id='word_1_151' title='bbox 832 3589 1071 3676; x_wconf 77' lang='lat' dir='ltr'>reverendissimi</span> <span class='ocrx_word' id='word_1_152' title='bbox 1089 3595 1180 3672; x_wconf 48' lang='lat' dir='ltr'>Epig</span> 
     </span>
     <span class='ocr_line' id='line_1_23' title="bbox 52 3703 1164 3790; baseline 0.007 -26"><span class='ocrx_word' id='word_1_153' title='bbox 52 3712 127 3786; x_wconf 83' lang='lat' dir='ltr'>scopi</span> <span class='ocrx_word' id='word_1_154' title='bbox 145 3709 185 3769; x_wconf 88' lang='lat' dir='ltr'>N.</span> <span class='ocrx_word' id='word_1_155' title='bbox 209 3707 327 3766; x_wconf 85' lang='lat' dir='ltr'>Vicario</span> <span class='ocrx_word' id='word_1_156' title='bbox 344 3706 488 3784; x_wconf 82' lang='lat' dir='ltr'>penereli,</span> <span class='ocrx_word' id='word_1_157' title='bbox 512 3706 612 3782; x_wconf 82' lang='lat' dir='ltr'>desero</span> <span class='ocrx_word' id='word_1_158' title='bbox 638 3721 673 3762; x_wconf 89' lang='lat' dir='ltr'>ac</span> <span class='ocrx_word' id='word_1_159' title='bbox 699 3703 841 3764; x_wconf 79' lang='lat' dir='ltr'>tenentia</span> <span class='ocrx_word' id='word_1_160' title='bbox 868 3705 1018 3766; x_wconf 83' lang='lat' dir='ltr'>Andreum</span> <span class='ocrx_word' id='word_1_161' title='bbox 1035 3711 1076 3770; x_wconf 90' lang='grc' dir='ltr'>Ν.</span> <span class='ocrx_word' id='word_1_162' title='bbox 1092 3729 1164 3790; x_wconf 86' lang='lat' dir='ltr'>pre-</span> 
     </span>
     <span class='ocr_line' id='line_1_24' title="bbox 26 3821 1163 3903; baseline 0.004 -21"><span class='ocrx_word' id='word_1_163' title='bbox 26 3877 27 3882; x_wconf 73' lang='grc'>,</span> <span class='ocrx_word' id='word_1_164' title='bbox 51 3823 211 3903; x_wconf 65' lang='lat' dir='ltr'>simeram,</span> <span class='ocrx_word' id='word_1_165' title='bbox 235 3827 269 3882; x_wconf 86' lang='lat' dir='ltr'>in</span> <span class='ocrx_word' id='word_1_166' title='bbox 287 3821 432 3901; x_wconf 83' lang='lat' dir='ltr'>parocbia</span> <span class='ocrx_word' id='word_1_167' title='bbox 447 3824 486 3884; x_wconf 90' lang='grc' dir='ltr'>Ν.</span> <span class='ocrx_word' id='word_1_168' title='bbox 510 3823 598 3882; x_wconf 77' lang='lat' dir='ltr'>dietae</span> <span class='ocrx_word' id='word_1_169' title='bbox 617 3823 751 3880; x_wconf 84' lang='lat' dir='ltr'>ciuitatis</span> <span class='ocrx_word' id='word_1_170' title='bbox 771 3823 929 3898; x_wconf 80' lang='lat' dir='ltr'>vicariam,</span> <span class='ocrx_word' id='word_1_171' title='bbox 956 3827 1105 3902; x_wconf 83' lang='lat' dir='ltr'>tartqaam¹</span> <span class='ocrx_word' id='word_1_172' title='bbox 1118 3845 1163 3888; x_wconf 86' lang='lat' dir='ltr'>se-</span> 
     </span>
     <span class='ocr_line' id='line_1_25' title="bbox 51 3931 1159 4020; baseline 0.009 -24"><span class='ocrx_word' id='word_1_173' title='bbox 51 3943 202 4014; x_wconf 80' lang='lat' dir='ltr'>quentiam</span> <span class='ocrx_word' id='word_1_174' title='bbox 227 3937 403 3998; x_wconf 81' lang='lat' dir='ltr'>delictorem</span> <span class='ocrx_word' id='word_1_175' title='bbox 424 3955 508 3997; x_wconf 82' lang='lat' dir='ltr'>reum</span> <span class='ocrx_word' id='word_1_176' title='bbox 535 3935 579 4020; x_wconf 78' lang='lat' dir='ltr'>(si</span> <span class='ocrx_word' id='word_1_177' title='bbox 601 3934 733 3997; x_wconf 89' lang='lat' dir='ltr'>unicum</span> <span class='ocrx_word' id='word_1_178' title='bbox 755 3931 912 3998; x_wconf 83' lang='lat' dir='ltr'>delictum</span> <span class='ocrx_word' id='word_1_179' title='bbox 935 3933 1159 4020; x_wconf 86' lang='lat' dir='ltr'>denuntietur,</span> 
     </span>
     <span class='ocr_line' id='line_1_26' title="bbox 49 4046 1164 4136; baseline 0.01 -25"><span class='ocrx_word' id='word_1_180' title='bbox 49 4046 119 4115; x_wconf 86' lang='lat' dir='ltr'>loco</span> <span class='ocrx_word' id='word_1_181' title='bbox 139 4049 318 4117; x_wconf 86' lang='lat' dir='ltr'>verborum</span> <span class='ocrx_word' id='word_1_182' title='bbox 338 4057 480 4130; x_wconf 81' lang='lat' dir='ltr'>tanquam</span> <span class='ocrx_word' id='word_1_183' title='bbox 498 4055 691 4130; x_wconf 67' lang='lat' dir='ltr'>sapientiora,</span> <span class='ocrx_word' id='word_1_184' title='bbox 712 4056 782 4130; x_wconf 78' lang='lat' dir='ltr'>etc,</span> <span class='ocrx_word' id='word_1_185' title='bbox 806 4058 956 4132; x_wconf 82' lang='lat' dir='ltr'>ponatur,</span> <span class='ocrx_word' id='word_1_186' title='bbox 978 4059 1110 4136; x_wconf 82' lang='lat' dir='ltr'>quod...‚</span> <span class='ocrx_word' id='word_1_187' title='bbox 1131 4068 1164 4125; x_wconf 94' lang='lat' dir='ltr'>et</span> 
     </span>
     <span class='ocr_line' id='line_1_27' title="bbox 50 4161 739 4249; baseline -0.003 -23"><span class='ocrx_word' id='word_1_188' title='bbox 50 4163 93 4228; x_wconf 91' lang='lat' dir='ltr'>ibi</span> <span class='ocrx_word' id='word_1_189' title='bbox 107 4167 313 4249; x_wconf 83' lang='lat' dir='ltr'>exprimatur</span> <span class='ocrx_word' id='word_1_190' title='bbox 327 4165 409 4230; x_wconf 90' lang='lat' dir='ltr'>illud</span> <span class='ocrx_word' id='word_1_191' title='bbox 425 4161 607 4246; x_wconf 74' lang='lat' dir='ltr'>delictum),</span> <span class='ocrx_word' id='word_1_192' title='bbox 626 4183 739 4245; x_wconf 82' lang='lat' dir='ltr'>nempe,</span> 
     </span>
    </p>

    <p class='ocr_par' dir='ltr' id='par_1_10' title="bbox 51 4281 1161 4484">
     <span class='ocr_line' id='line_1_28' title="bbox 95 4281 1160 4367; baseline 0.007 -22"><span class='ocrx_word' id='word_1_193' title='bbox 95 4308 111 4345; x_wconf 83' lang='lat' dir='ltr'>a</span> <span class='ocrx_word' id='word_1_194' title='bbox 131 4289 162 4349; x_wconf 92' lang='lat' dir='ltr'>l.</span> <span class='ocrx_word' id='word_1_195' title='bbox 180 4289 264 4366; x_wconf 75' lang='lat' dir='ltr'>Saepe</span> <span class='ocrx_word' id='word_1_196' title='bbox 284 4285 587 4366; x_wconf 65' lang='lat' dir='ltr'>increditordomunt</span> <span class='ocrx_word' id='word_1_197' title='bbox 607 4287 640 4346; x_wconf 87' lang='lat' dir='ltr'>t&#39;rt</span> <span class='ocrx_word' id='word_1_198' title='bbox 660 4302 719 4364; x_wconf 80' lang='lat' dir='ltr'>qua</span> <span class='ocrx_word' id='word_1_199' title='bbox 741 4281 858 4345; x_wconf 79' lang='lat' dir='ltr'>actitat</span> <span class='ocrx_word' id='word_1_200' title='bbox 878 4285 1014 4363; x_wconf 78' lang='lat' dir='ltr'>qaedam</span> <span class='ocrx_word' id='word_1_201' title='bbox 1026 4288 1160 4367; x_wconf 72' lang='lat' dir='ltr'>faemina,</span> 
     </span>
     <span class='ocr_line' id='line_1_29' title="bbox 51 4400 1161 4484; baseline 0.007 -26"><span class='ocrx_word' id='word_1_202' title='bbox 51 4402 150 4463; x_wconf 57' lang='lat' dir='ltr'>soleta*</span> <span class='ocrx_word' id='word_1_203' title='bbox 167 4402 205 4462; x_wconf 86' lang='lat' dir='ltr'>ab</span> <span class='ocrx_word' id='word_1_204' title='bbox 222 4406 303 4474; x_wconf 82' lang='lat' dir='ltr'>omni</span> <span class='ocrx_word' id='word_1_205' title='bbox 321 4402 439 4462; x_wconf 83' lang='lat' dir='ltr'>vincula</span> <span class='ocrx_word' id='word_1_206' title='bbox 457 4400 692 4474; x_wconf 82' lang='lat' dir='ltr'>rrtatrirrtootalt‚</span> <span class='ocrx_word' id='word_1_207' title='bbox 712 4405 741 4459; x_wconf 89' lang='lat' dir='ltr'>et</span> <span class='ocrx_word' id='word_1_208' title='bbox 759 4407 900 4478; x_wconf 80' lang='lat' dir='ltr'>suspecte</span> <span class='ocrx_word' id='word_1_209' title='bbox 918 4408 1161 4484; x_wconf 82' lang='lat' dir='ltr'>conversationis,</span> 
     </span>
    </p>

    <p class='ocr_par' dir='ltr' id='par_1_11' title="bbox 194 4512 1051 4570">
     <span class='ocr_line' id='line_1_30' title="bbox 194 4512 1051 4570; baseline 0.002 -3"><span class='ocrx_word' id='word_1_210' title='bbox 194 4513 225 4570; x_wconf 92' lang='lat' dir='ltr'>ll.</span> <span class='ocrx_word' id='word_1_211' title='bbox 1014 4512 1051 4569; x_wconf 74' lang='lat' dir='ltr'>tt</span> 
     </span>
    </p>
   </div>
   <div class='ocr_carea' id='block_1_10' title="bbox 0 0 1444 5114">
    <p class='ocr_par' dir='ltr' id='par_1_12' title="bbox 0 0 1444 5114">
     <span class='ocr_line' id='line_1_31' title="bbox 0 0 1444 5114; baseline 0 7"><span class='ocrx_word' id='word_1_212' title='bbox 0 0 1444 5114; x_wconf 95' lang='lat' dir='ltr'> </span> 
     </span>
    </p>
   </div>
  </div>
 </body>
</html>
