2848 5118
487 411 565 458 rmas
588 411 746 459 sncunnr.
1133 392 1195 461 203

108 539 206 616 pateat,
222 553 329 616 operae
345 535 486 618 pretium
498 542 548 600 est
562 533 738 619 diligenter
748 536 947 621 expendere.
971 529 1035 603 Pro
1050 555 1116 622 quo
1135 539 1199 604 sint

106 656 258 732 mquentes
266 649 512 732 propositiones.

138 764 161 828 Ι.
180 765 304 844 mnodo
309 767 485 847 proceditur
493 786 551 848 per
564 773 644 829 ciam
656 775 864 847 accusationis,
883 773 985 850 aequit
996 769 1097 852 judex
1115 788 1199 832 rcum

104 881 132 942 de
143 883 241 942 delicto
254 887 452 962 interrepere,
471 887 533 944 atsi
543 889 633 964 prins
651 891 803 947 emerserit
820 887 927 948 saltem
942 887 1119 968 semi-plena
1127 903 1200 967 pro·

103 995 316 1060 totta—Nam
337 1018 353 1054 a
365 1003 478 1059 contra
491 995 544 1080 jus
561 1005 686 1062 naturae
701 1007 762 1076 est,
774 1006 811 1063 ut
824 999 880 1084 qui
894 1000 1022 1064 occulte
1038 997 1198 1064 delictum
1276 1043 1281 1051 -

103 1111 283 1188 «commisit,
313 1131 348 1176 se
372 1111 492 1194 prodat
512 1136 526 1172 r
550 1111 747 1198 (Pellegrini,
765 1121 858 1198 parte
880 1115 912 1191 4,
929 1123 1012 1181 sect.
1030 1119 1062 1195 9,
1086 1135 1118 1179 n.
1136 1111 1169 1199 9)
1187 1138 1194 1181 :

99 1231 180 1308 atque
191 1227 234 1289 ita
245 1231 360 1290 tenent
375 1225 526 1292 doctores
540 1247 613 1292 oum
625 1237 736 1294 sancto
750 1229 870 1294 Thema
886 1231 928 1316 (2,
942 1233 973 1305 2,
992 1248 1025 1316 q.
1040 1231 1094 1307 69,
1108 1250 1137 1295 a.
1149 1225 1194 1314 2).

98 1338 122 1402 Si
134 1359 206 1404 vero
226 1359 265 1404 ex
283 1360 322 1406 eo
341 1340 410 1405 solo
425 1341 513 1428 quod
527 1344 599 1427 quis
614 1341 657 1408 de
675 1343 783 1428 aliquo
797 1342 920 1409 delicto
935 1343 998 1410 fuit
1014 1351 1194 1422 accusatus,

98 1461 123 1517 et
136 1455 273 1520 nondum
292 1457 444 1522 elucente
461 1458 526 1524 ulla
543 1467 657 1523 contra
672 1459 778 1542 ipsum
792 1457 995 1544 probatione,
1007 1457 1110 1544 judex
1124 1477 1198 1544 pos·

97 1577 137 1634 set
154 1591 224 1636 eum
239 1574 441 1657 interrogare
461 1573 504 1639 de
526 1576 735 1640 accusationis
756 1577 906 1652 veritate,
933 1584 1043 1658 posset
1067 1576 1197 1660 exigere

96 1693 125 1749 ut
139 1707 207 1752 reus
221 1686 377 1754 delictum
392 1709 486 1754 suum
503 1689 609 1755 adhuc
618 1691 782 1756 occultum
794 1687 963 1776 proderet.
983 1691 1068 1774 Ergo
1079 1709 1198 1756 revera

96 1799 193 1884 nequit
221 1799 325 1885 judex
350 1800 392 1866 ad
424 1801 523 1866 talem
548 1804 834 1885 interrogationem
856 1802 1032 1878 devenire,
1053 1799 1113 1866 nisi
1132 1801 1197 1887 jam

96 1914 270 1999 semi-plena
293 1917 408 1982 saltem
432 1916 582 2000 probatio
604 1924 718 1982 contra
739 1936 832 1982 reum
849 1916 990 2002 juridice
1010 1918 1194 1983 emerserit.

133 2035 338 2097 Corollarium.
359 2033 441 2097 Hinc
466 2032 585 2098 deduci
613 2041 721 2116 potest
745 2032 907 2118 quomodo
932 2031 1033 2117 judex
1049 2052 1120 2099 sese
1142 2051 1198 2118 ge-

96 2163 160 2211 rere
178 2147 295 2213 debeat
315 2147 422 2232 quoad
437 2146 705 2232 interrogandum
725 2167 830 2225 reum,
849 2145 980 2234 quando
999 2155 1198 2214 accusationis

92 2246 139 2324 ¹vic
155 2263 350 2345 proceditur.
370 2265 473 2348 Supra
492 2263 576 2328 euim
604 2262 743 2328 diximus
767 2283 831 2328 non
853 2265 959 2329 teneri
975 2269 1197 2329 accusatorem

96 2375 132 2440 ad
142 2377 368 2461 producendos
381 2387 494 2456 testes,
506 2378 626 2443 aliasve
640 2378 861 2462 probationes,
872 2378 933 2442 nisi
947 2384 1021 2461 post
1036 2385 1199 2444 contesta-

95 2499 152 2557 tam
165 2494 253 2560 litem
272 2517 279 2559 :
301 2493 389 2559 unde
407 2493 432 2559 si
451 2495 532 2559 nolit
550 2493 653 2578 judici
672 2502 773 2559 testes
787 2502 821 2558 et
836 2492 1033 2559 documenta
1051 2493 1196 2561 indicare

95 2615 159 2673 ante
172 2611 235 2675 litis
252 2611 531 2688 contestationem,
557 2630 621 2674 non
641 2609 764 2693 poterit
779 2607 881 2695 judex
897 2629 1085 2695 processum
1101 2609 1198 2676 infor·

97 2725 235 2790 nativum
245 2727 457 2809 praemittere,
470 2733 504 2790 et
513 2724 735 2808 semi-plenam
749 2723 973 2810 probationem
985 2732 1095 2788 contra
1104 2743 1197 2790 reum

96 2847 254 2924 antequam
277 2842 398 2906 citetur
422 2841 601 2926 acquirere.
621 2843 646 2906 E
669 2849 782 2906 contra
800 2843 828 2904 si
855 2847 1024 2914 accusator
1044 2848 1147 2905 testes
1163 2848 1199 2906 et

96 2951 276 3020 documenta
291 2953 479 3020 sufficientia
498 2954 601 3039 judici
620 2954 740 3038 pandat
762 2962 837 3020 ante
857 2960 1074 3018 contestatam
1089 2954 1194 3031 litem,

96 3069 240 3150 possibilis
259 3069 298 3135 fit
317 3069 458 3153 praevius
481 3070 706 3136 informativus
729 3088 912 3153 processus.
935 3069 976 3133 Et
997 3067 1086 3154 quod
1118 3077 1198 3134 tunc

95 3186 182 3264 possit
203 3183 304 3269 juder
324 3184 482 3269 ejusmodi
504 3185 749 3251 informativum
767 3203 953 3268 processum
979 3186 1192 3268 praemittere,

97 3297 215 3366 videtur
233 3299 485 3378 admittendum,
505 3303 566 3367 etsi
591 3301 697 3367 fatear
717 3302 805 3366 clare
826 3287 862 3365 id
886 3320 927 3364 er
952 3299 1198 3366 auctoritatibus

98 3413 164 3479 mihi
173 3435 233 3480 non
240 3417 378 3501 liquere.
393 3417 424 3480 si
434 3437 513 3500 ergo
528 3417 681 3501 praemitti
697 3417 841 3498 potuerit
853 3413 961 3480 dictus
972 3415 1198 3482 informativus

98 3548 262 3610 processus,
282 3541 316 3600 et
331 3510 372 3598 cr
386 3554 426 3598 eo
442 3536 612 3598 emerserit
629 3541 741 3598 contra
760 3552 853 3598 reum
870 3533 1060 3616 semi-plene
1079 3532 1197 3616 proba-

96 3647 145 3722 tio,
160 3645 267 3716 licebit
282 3649 387 3734 judici
402 3658 515 3732 postea
529 3651 662 3715 citatum
679 3669 772 3716 reum
795 3651 981 3714 examinare
1002 3655 1036 3716 et
1056 3649 1197 3713 interro-
1243 3723 1245 3726 ¹

96 3781 161 3846 gare
174 3766 213 3831 de
229 3767 369 3832 veritate
381 3767 609 3850 accusationis;
623 3765 709 3830 idest
722 3773 837 3848 petere
852 3783 894 3830 an
906 3763 1062 3830 delictum
1078 3761 1197 3848 dequo

96 3891 251 3948 accumtur
265 3883 456 3965 patraverit.
479 3883 577 3946 Secus
596 3900 684 3958 vero,
706 3889 822 3964 petere
838 3901 856 3945 a
876 3900 935 3947 reo
953 3879 1124 3946 dummxat
1140 3899 1198 3964 po·

94 3997 162 4062 terit
180 3998 294 4083 Judex,
314 4018 391 4063 num
417 3999 496 4063 velit
516 3979 608 4063 litem
633 3999 835 4063 contestari:
861 3996 903 4063 de
932 4004 1061 4081 patrato
1086 4004 1197 4061 autem

94 4109 203 4181 delicto
217 4125 296 4182 tunc
313 4124 439 4180 tantum
454 4118 655 4198 interrogare
673 4134 748 4180 eum
771 4115 903 4200 poterit,
926 4113 1057 4200 quando
1069 4113 1137 4199 jam
1157 4133 1198 4178 ex

93 4228 232 4298 adductis
247 4251 308 4316 per
322 4241 544 4297 accusatorem
557 4231 746 4314 semi-plena
760 4232 909 4316 probatio
924 4231 1105 4296 emerserit.

129 4348 207 4413 Cum
227 4358 336 4414 autem
361 4347 456 4417 hodic
478 4369 552 4418 raro
576 4347 751 4416 admodum
783 4349 830 4415 via
853 4347 1064 4416 accusationis
1082 4364 1197 4434 prooe-
