2848 5118
212 361 275 424 202
557 375 744 423 salmurus
767 375 811 422 uu
832 373 981 421 sumnus.

210 483 355 584 Ligarius
375 497 470 586 (libro
490 501 522 576 4,
550 519 583 564 n.
611 497 686 583 274)
712 498 812 565 habet
831 505 870 563 ut
891 493 1154 581 probabiliorem,
1180 497 1324 582 qnamris
1418 471 1419 476 ἵ

209 615 390 700 oppositam
411 623 545 699 reputet
571 617 667 680 etiam
692 616 769 680 satis
788 613 1000 697 probabilem.
1035 613 1095 677 Alii
1124 611 1324 678 contrarium

209 732 352 796 sentiunt
369 749 442 796 cum
459 731 621 808 Suarczio,
641 729 741 814 Lugo,
759 729 972 814 plurimisque
989 727 1059 792 aliis
1075 743 1196 811 magnae
1213 733 1323 791 aucto-

209 825 314 912 ritatis
329 845 530 913 doctoribus.
551 869 566 905 «
584 847 659 910 Hac
675 845 834 910 sententia
852 852 950 928 negat
965 844 1071 909 teneri
1087 861 1180 908 reum
1201 843 1324 908 crimen

212 979 340 1026 «sunm
358 961 519 1038 revelare,
539 979 615 1025 casu
633 977 698 1045 quc
715 958 916 1025 damnandus
937 965 1025 1024 esset
1037 957 1079 1023 ad
1095 966 1249 1035 mortem,
1269 964 1324 1022 aut
1419 951 1420 994 ³

211 1099 226 1136 a
241 1073 284 1141 ad
295 1077 457 1153 triremes,
474 1075 515 1140 ad
528 1093 693 1141 carcerem
703 1082 913 1158 perpetuum,
928 1075 981 1138 vel
992 1072 1033 1138 ad
1046 1073 1246 1137 amissionem
1257 1091 1324 1138 om·

211 1215 227 1255 a
241 1193 329 1258 nium
345 1193 516 1268 bonorum,
534 1193 588 1257 vel
606 1193 706 1256 totius
716 1191 808 1257 famae
822 1197 856 1255 et
872 1189 1058 1273 honoris...;
1076 1189 1137 1254 nisi
1152 1207 1322 1254 commune

211 1309 399 1374 «damnum
425 1309 592 1375 immineat
617 1327 657 1374 cx
681 1308 851 1374 reticentia
870 1305 1118 1372 confessionis...
1141 1306 1225 1372 Casu
1243 1324 1323 1371 vero
1420 1353 1421 1384 ,

209 1449 226 1486 a
242 1445 307 1510 quo
323 1426 388 1490 tale
401 1424 554 1490 damnum
569 1445 635 1492 non
646 1426 792 1502 timetur,
812 1443 886 1489 cum
909 1424 964 1488 lex
982 1422 1127 1506 obligans
1141 1421 1182 1486 ad
1198 1422 1322 1488 crimen

210 1565 226 1602 a
244 1541 413 1608 fatendum
427 1541 641 1624 probabiliter
656 1559 720 1605 non
738 1545 840 1619 extet,
854 1538 1068 1622 probabiliter
1080 1535 1183 1622 judex
1196 1558 1261 1603 non
1272 1538 1324 1603 ha·

210 1679 223 1710 «
239 1652 297 1718 bet
310 1651 362 1737 jus
377 1653 549 1718 veritatem
568 1653 625 1717 tali
642 1672 718 1718 casu
732 1649 891 1734 exigendi,
908 1669 970 1715 neo
992 1669 1070 1714 reus
1091 1650 1322 1732 obligationem

209 1791 225 1829 a
242 1787 314 1832 eam
334 1767 576 1852 manifestandi3
596 1775 631 1832 et
651 1767 726 1831 ideo
743 1786 830 1842 reus,
849 1765 1103 1849 amphybologiis
1126 1765 1249 1830 crimen
1270 1784 1324 1832 ce·

209 1908 225 1944 a
239 1882 349 1960 lando,
364 1891 478 1948 contra
487 1881 643 1966 justitiam
661 1902 726 1948 non
742 1888 867 1964 peccat.
882 1904 897 1945 a
919 1881 1066 1967 (Sanctus
1077 1880 1235 1963 Ligorius‚
1252 1882 1323 1947 loco

204 1995 274 2082 cit.)
298 1996 339 2062 Id
358 2005 468 2062 autem
491 1997 639 2080 praedicti
663 2005 812 2062 auctores
835 1998 995 2062 sustinent
1019 2004 1146 2061 tantum
1166 1997 1200 2062 in
1220 1997 1323 2082 hypo

204 2112 289 2178 thesi
298 2110 387 2196 quod
401 2131 478 2177 reus
486 2111 605 2178 habeat
615 2131 706 2196 spem
717 2111 876 2178 evadendi
886 2135 893 2196 ;
905 2112 1045 2196 alioquin
1058 2129 1177 2195 nempe
1194 2132 1268 2178 eum
1281 2111 1321 2178 ad

204 2226 371 2292 fatendam
388 2229 561 2293 veritatem
578 2228 835 2296 omninoteneri.

249 2343 332 2406 Item
346 2343 475 2427 praefati
489 2352 639 2410 auctores
649 2332 810 2410 sustinent
822 2361 915 2428 posse
929 2344 961 2408 in
976 2342 1065 2408 dicto
1077 2361 1153 2408 casu
1168 2363 1263 2412 reum
1278 2346 1321 2411 le·

203 2457 313 2540 gitime
326 2459 561 2542 interrogatum
580 2483 596 2520 «
613 2477 733 2543 negare
743 2461 867 2525 crimen
880 2467 971 2523 etiam
985 2481 1051 2524 cam
1059 2466 1236 2543 juramento
1249 2462 1321 2548 (sal-

204 2580 303 2637 «tem
324 2573 392 2637 siue
404 2583 538 2658 peccato
553 2572 656 2658 gravi)
673 2573 948 2658 subintelligendo
969 2595 1028 2639 noo
1049 2583 1232 2640 commisisse
1246 2597 1321 2659 qao·

205 2711 222 2750 n
242 2695 327 2753 temus
345 2698 481 2753 teneatur
494 2687 597 2772 fateri.
616 2715 633 2750 u
653 2691 800 2776 (Sanctus
817 2691 975 2774 Ligurius
995 2691 1079 2756 libro
1098 2695 1130 2768 3,
1151 2711 1185 2754 tt.
1207 2689 1296 2776 156.)

245 2807 458 2886 QUAEST102·.
474 2841 520 2854 -
535 2811 733 2887 Quamdcnom
748 2812 848 2891 jmlcm
868 2811 1028 2871 censendas
1052 2814 1093 2870 sit
1116 2811 1251 2889 lepitimc
1270 2817 1318 2873 im-

203 2931 365 3004 rarropore,
385 2930 415 2985 ct
428 2925 616 3004 quandonam
631 2926 809 3004 illepitime?
821 2959 867 2972 —-
882 2924 981 2987 Extra
1000 2923 1255 2990 controversiam
1270 2932 1319 2989 est

201 3053 266 3101 non
290 3037 397 3102 teneri
414 3056 505 3102 reum
529 3037 571 3102 ad
593 3035 858 3120 respondendum
876 3036 976 3121 judici
994 3041 1152 3118 tlteqtttmc
1176 3039 1318 3103 interro·

201 3153 301 3234 ganti.
312 3153 394 3216 Hinc
408 3153 538 3218 maximi
551 3153 655 3218 refert
666 3152 855 3216 discernere
873 3153 1044 3237 requisitas
1061 3151 1266 3218 conditiones
1281 3160 1317 3216 ut

199 3264 300 3349 judex
314 3269 458 3351 legitime
472 3271 664 3352 interroget.
679 3267 846 3352 Ejusmodi
856 3276 965 3332 autem
974 3267 1176 3334 conditiones
1188 3268 1231 3335 ad
1243 3287 1316 3354 qua·

201 3390 277 3449 tuor
298 3393 471 3470 sequentes
491 3385 606 3450 reduci
628 3393 787 3466 possunt:
811 3389 842 3448 1ο
855 3393 893 3448 ut
917 3383 1019 3468 judex
1042 3386 1084 3449 sit
1103 3393 1311 3469 competens,

202 3503 236 3564 2⁰
248 3507 285 3565 ut
301 3509 454 3566 servetur
474 3499 556 3584 juris
569 3501 666 3583 ord03
686 3504 721 3565 3⁰
736 3506 772 3564 ut
782 3500 849 3584 jam
868 3508 981 3565 extent
1005 3509 1117 3566 contra
1142 3519 1239 3566 reum
1263 3501 1315 3565 vel

201 3617 343 3711 infamia,
362 3618 414 3682 vel
433 3618 544 3700 gravio
558 3617 685 3695 indicia,
703 3617 757 3682 vel
771 3617 959 3700 semi-plena
973 3617 1141 3702 probati03
1156 3621 1192 3682 4⁰
1207 3626 1244 3683 ut
1258 3638 1314 3684 reo

119 3727 122 3734 ’
198 3732 264 3816 jam
280 3732 496 3798 declaraverit
508 3731 610 3818 judex
631 3753 777 3818 quaenam
800 3741 913 3798 contra
933 3736 1037 3817 ipsum
1062 3742 1153 3800 extet
1170 3735 1310 3810 infamia,

201 3849 255 3913 rel
269 3849 379 3932 gravio
391 3847 518 3926 indicia,
537 3850 591 3913 vel
605 3851 793 3932 semi-plena
808 3850 968 3933 probatio.
991 3854 1039 3916 De
1059 3849 1189 3916 duobus
1204 3852 1314 3934 priori·

201 3963 263 4029 bus
280 3962 521 4031 conditionibus
534 3965 624 4029 nulla
636 3971 686 4030 est
700 3963 881 4043 difficultas,
898 3985 973 4030 cum
984 3969 1061 4032 satis
1070 3986 1132 4050 per
1143 3987 1179 4032 se
1191 3973 1309 4051 pateat,

202 4088 236 4144 et
253 4079 294 4144 nb
310 4080 458 4146 omnibus
470 4088 508 4144 ut
520 4088 647 4144 certum
659 4079 860 4158 admittatur,
879 4101 943 4147 uon
953 4083 1061 4146 teneri
1075 4101 1170 4147 reum
1183 4101 1313 4165 respon·

202 4195 282 4260 dere
297 4193 343 4258 illi
365 4193 469 4280 judici
490 4193 583 4278 cujus
596 4192 812 4279 jurisdictioni
832 4195 1001 4280 subjectus
1017 4215 1081 4261 non
1098 4205 1159 4275 est,
1181 4197 1233 4262 vel
1258 4197 1313 4281 qui

203 4312 428 4394 prescriptum
447 4330 466 4375 a
483 4309 557 4394 jure
574 4309 720 4376 ordinem
733 4309 918 4396 judicialem
943 4331 1008 4378 non
1024 4320 1144 4379 servat.
1168 4314 1309 4379 Duarum

202 4432 310 4490 nutem
331 4426 463 4492 aliarum
480 4425 701 4493 conditionum
716 4429 950 4501 necessitatem.
968 4447 1042 4495 cum
1062 4447 1125 4492 non
1143 4429 1188 4496 ita
1206 4445 1309 4516 perse
