2836 5118
223 393 302 496 ⁸284
587 407 775 456 ruacrarus
796 409 842 456 ue
863 409 1012 459 ruuruus.

239 532 468 602 introducatur
482 532 525 600 ad
540 531 683 600 tribunal
697 533 933 618 appellationis,
947 543 1056 620 potest
1067 533 1172 621 judex
1184 555 1268 618 aqua
1279 553 1341 620 pro

242 649 359 717 cedere
375 649 418 715 ad
431 653 657 716 executionem
673 651 853 729 sententia,
868 668 964 736 aqua
979 651 1042 718 fuit
1057 653 1266 737 appellatum.

286 764 438 845 Qumsrlo
454 765 497 827 5⁸.
518 799 564 814 --·
577 767 705 843 Quaado
723 783 842 828 currere
858 771 985 849 taatpiat
1008 771 1083 832 aaut
1102 769 1152 830 orl
1169 769 1280 830 iteratis·
1296 773 1344 830 ter·
1408 795 1409 808 2

242 885 352 958 miras,
368 883 409 944 ad
421 881 659 962 proaeqmdam
669 887 700 942 at
709 880 877 958 finiendam
886 885 1117 964 appellationem
1129 885 1345 946 mammul-

246 1000 279 1061 1⁰
293 987 431 1077 Quando
448 993 633 1078 appellatur
647 993 688 1059 ab
704 994 830 1060 acubus
839 999 1058 1078 Jadietalldau,
1077 997 1186 1064 dietus
1202 998 1345 1063 termium

242 1129 379 1176 uurrere
392 1110 505 1194 incipit
517 1129 537 1176 a
549 1107 602 1174 die
614 1109 814 1194 interposite
830 1113 1067 1196 appellationis.

242 1248 245 1255 ·
287 1228 321 1290 2⁰
333 1224 365 1289 Sl
384 1225 572 1309 appelletur
593 1243 612 1289 a
632 1226 817 1310 gravamine
840 1232 1086 1310 eatrajaatatala·
1102 1227 1170 1314 jam
1183 1228 1283 1306 illata,
1298 1228 1346 1294 ite

241 1359 316 1408 rum
331 1341 435 1406 currit
447 1360 466 1405 a
479 1339 534 1408 die
549 1341 774 1425 appellationis
787 1341 999 1427 interposite.

288 1460 322 1522 3⁰
334 1457 367 1521 Si
377 1456 564 1541 appelletur
577 1475 596 1521 a
610 1458 795 1542 gravamine
811 1463 977 1540 inferenda,
993 1459 1107 1537 currit,
1120 1477 1187 1526 non
1198 1481 1218 1526 a
1230 1459 1346 1545 dieque

241 1573 341 1657 ooepit
358 1573 468 1639 timeri
483 1576 668 1656 gravamen,
686 1572 741 1638 vel
754 1592 820 1658 quo
835 1575 1035 1659 appellatum
1050 1583 1100 1642 est
1115 1576 1157 1641 ab
1174 1575 1290 1642 eudem
1306 1575 1346 1640 fu·

241 1695 318 1754 turn
334 1689 536 1773 gravamine3
553 1687 614 1754 sed
630 1685 832 1755 solummodo
843 1709 862 1754 a
875 1687 930 1755 die
945 1707 1011 1775 quo
1023 1689 1066 1756 de
1080 1690 1168 1757 laeto
1183 1709 1346 1775 gravamen

241 1800 325 1870 illud
347 1802 412 1868 fuit
433 1802 559 1868 illatum
584 1801 797 1887 (Clementiae
812 1806 844 1880 3,
862 1807 899 1868 de
922 1802 1070 1888 lippoldi.
1091 1803 1174 1870 Vide
1197 1803 1346 1870 Sohmalr·

241 1917 396 2004 grueber,
416 1917 668 1994 tiaratorum
687 1919 740 1984 80.

286 2034 495 2115 Quasnam.
509 2067 555 2084 -·
566 2037 711 2113 Qaamm
720 2038 783 2098 atat
791 2039 886 2117 jaste
899 2053 995 2098 auara
1008 2036 1186 2098 caueaaaata·
1200 2036 1348 2099 amandum

241 2172 355 2241 aaaam
367 2154 409 2215 ad
419 2153 697 2232 prosequendarum
710 2140 877 2229 mam
890 2151 1146 2233 appellationem?
1159 2187 1207 2202 -
1216 2151 1348 2236 Sequar

241 2276 293 2335 tes
302 2274 471 2334 enumerat
480 2266 772 2350 Suhmalzgrueber
782 2267 825 2354 (iu
836 2267 888 2332 tit.
899 2269 953 2343 28,
965 2265 1226 2346 libri2deeret.,
1236 2256 1269 2331 n.
1280 2265 1346 2350 Sil:

243 2385 277 2447 1⁰
292 2382 320 2447 si
339 2381 505 2467 appellans
521 2402 563 2448 ex
576 2381 781 2460 infirmitate,
805 2389 1009 2465 paupertate,
1027 2382 1130 2448 aliave
1147 2381 1243 2448 simili
1262 2401 1349 2446 eausa
1411 2445 1412 2470 χ

240 2496 439 2582 impediatur
455 2497 626 2581 quominus
638 2497 724 2562 intra
738 2515 857 2562 annum
872 2497 1121 2582 appellationem
1143 2506 1350 2583 prosequatur

157 2632 166 2648 ·
242 2623 277 2682 et
289 2614 455 2680 terminet.
471 2616 506 2679 2⁰
518 2614 549 2679 Si
562 2633 605 2680 ex
621 2613 775 2697 appellati
790 2613 1005 2679 frustratoria
1020 2611 1230 2680 dilationibus
1248 2615 1348 2679 aliisve

240 2729 368 2796 'artibus
391 2728 479 2794 idem
504 2729 628 2794 oriatur
656 2728 943 2812 impedimentum.
967 2731 1004 2794 3ο
1029 2728 1060 2794 Si
1085 2728 1348 2813 impedimentum

217 2927 220 2933 Δ
242 2845 414 2930 proveniat
433 2861 474 2909 ex
496 2843 567 2926 ipso
593 2843 703 2929 judice
730 2843 970 2927 appellationis,
992 2845 1047 2928 qui
1065 2844 1108 2910 ob
1136 2841 1347 2910 infirmitatem

242 2961 346 3026 aliave
367 2958 409 3026 de
430 2979 536 3037 eausa,
563 2961 647 3025 intra
671 2960 812 3043 primum
836 2979 955 3024 annum
980 2959 1148 3044 negotium
1171 2979 1238 3026 non
1261 2978 1349 3043 expe
1412 2971 1413 2976 ’

237 3070 337 3142 divit.
356 3077 390 3140 4ο
405 3075 453 3140 lix
468 3093 544 3142 casu
562 3074 709 3153 fortuito,
733 3081 813 3158 puta
831 3073 963 3160 quando
978 3075 1037 3139 viae
1057 3079 1134 3141 sunt
1153 3075 1285 3142 inlecta
1301 3075 1349 3140 ho

239 3191 357 3269 stibus,
377 3199 442 3257 ete.

239 3348 244 3358 ·
285 3305 350 3372 Sed
365 3295 565 3392 generaliter
583 3305 648 3374 diei
664 3312 774 3391 potest
791 3305 1011 3390 appellantem
1029 3305 1083 3391 jus
1100 3305 1225 3372 hahere
1243 3312 1283 3370 ut
1298 3303 1348 3370 sibi
1373 3393 1377 3403 1
1412 3365 1413 3402 3

240 3421 404 3490 secundus
429 3441 532 3488 annus
553 3421 764 3500 concedatur,
789 3421 915 3506 quoties
940 3422 1135 3504 probatas
1160 3419 1348 3505 negligentia

237 3557 299 3606 sua
322 3557 387 3604 nou
410 3539 609 3623 provenisse,
637 3537 726 3624 quod
748 3539 835 3603 intra
853 3537 997 3622 primum
1022 3554 1144 3602 anuum
1166 3535 1349 3621 appellatio

237 3675 316 3722 nem
330 3675 395 3722 uon
408 3663 602 3740 prosecutus
615 3655 657 3720 sit
671 3661 728 3720 aut
742 3654 980 3720 terminaverit.

240 3814 244 3825 ·
286 3757 763 3854 Qumsr107¹.—-Namettam
778 3773 862 3833 ultra
884 3772 1037 3834 &matam
1056 3771 1226 3851 appellanti
1240 3770 1348 3834 coaoedv‘

239 3891 356 3968 debeat,
373 3891 494 3971 quaudo
506 3893 585 3951 altra
599 3891 695 3968 ipsias
712 3889 926 3968 negligentiam
940 3886 1154 3967 appellationis
1168 3903 1261 3948 eausa
1274 3887 1346 3947 latro

236 4009 394 4070 'amatam
415 4005 507 4084 finita
520 4023 580 4068 aaa
598 4007 666 4068 est?
681 3980 1241 4086 -'Respondendumaffirmative;
1261 3997 1345 4072 idest,

243 4123 297 4188 vel
310 4120 417 4187 adhue
429 4121 460 4186 ei
473 4118 732 4204 permittendum
746 4125 797 4184 est
811 4125 849 4183 ut
858 4117 1111 4202 appellationem
1126 4121 1345 4200 prosequatur,

243 4239 298 4305 vel
311 4239 342 4305 ei
356 4234 567 4304 ooneedeuda
587 4241 637 4301 est
652 4235 815 4301 restitutio
835 4235 868 4298 in
884 4234 1059 4316 integrum.
1075 4229 1198 4315 Aperte
1211 4230 1347 4314 sequitur

237 4373 285 4422 er
296 4353 454 4422 decretali
461 4356 512 4416 lla
522 4358 640 4416 ratium
653 4351 697 4438 (8,
710 4353 747 4415 de
759 4343 904 4432 Appelll,
916 4349 952 4413 in
963 4363 1027 4433 qua
1038 4346 1084 4411 sie
1095 4342 1281 4412 Alexander
1288 4342 1344 4407 lll:

238 4475 279 4536 'St
290 4474 519 4556 appellationem
534 4471 651 4533 tanna
663 4469 762 4550 elapsa
777 4469 985 4548 interpositam
996 4483 1015 4527 a
1026 4468 1175 4534 amteatta
1188 4467 1292 4534 rantra
1304 4475 1346 4520 aot
