2836 5118
227 378 293 445 tto
568 393 757 442 mmews
778 393 823 440 aa
844 392 992 442 sautans.

225 521 327 588 moui
341 539 379 588 uc
392 517 539 604 sigillam
561 536 623 584 neo
638 516 788 602 expediri
803 517 937 587 nuntius
950 523 1072 602 posset,
1092 519 1149 604 qui
1166 519 1240 585 viva
1252 539 1321 586 soce

224 638 464 706 concessionem
489 635 707 719 apostolorum
735 633 836 719 judici
860 635 903 698 ad
925 648 1010 716 poem
1025 636 1214 701 insinuaret.
1234 631 1323 721 (Vide

224 753 376 820 Laurenii
401 757 511 818 Forum
538 754 786 830 ecelesiasticam,
817 751 865 838 iu,
879 749 933 816 tit.
955 753 1015 826 28,
1045 751 1121 816 libri
1144 754 1164 816 2
1194 750 1322 826 decret..

223 858 257 955 q.
281 866 392 951 rost.)

268 989 304 1052 3ο
317 984 402 1051 Olim
418 1001 549 1049 necesse
568 990 641 1048 erat
663 983 827 1067 apostolos
850 983 920 1065 peti
942 981 1092 1065 pluribus
1115 981 1276 1049 distinctis
1287 985 1327 1049 a·-

224 1099 327 1166 eibus.
348 1097 414 1164 Sed
438 1097 642 1164 moderatum
668 1097 700 1161 in
720 1097 781 1163 hoc
805 1097 904 1166 fuisse
927 1095 980 1181 jus
1003 1115 1185 1177 commune,
1212 1105 1246 1165 et
1262 1100 1328 1164 sutis
1404 1125 1406 1178 ς

222 1233 293 1282 esse
320 1214 347 1279 si
370 1231 436 1279 uno
460 1218 615 1278 contextu
639 1210 774 1293 apostoli
799 1217 955 1294 petantur
985 1216 1135 1274 instanter
1157 1219 1189 1274 et
1210 1217 1324 1294 sapias,
1404 1221 1406 1242 ‘

1404 1263 1406 1318 l

223 1335 349 1396 constat
378 1347 419 1393 ex
446 1326 605 1394 decretali
623 1331 767 1406 ammata
787 1325 957 1412 (Clement.
980 1329 1011 1402 2,
1041 1329 1078 1389 de
1104 1324 1239 1410 Appell.)
1267 1327 1328 1392 Gle
1406 1371 1407 1374 κ

221 1445 339 1510 mentis
359 1444 398 1521 V,
416 1442 540 1508 tenoris
565 1439 786 1527 hujusmodi:
809 1446 954 1521 mamam
976 1447 1059 1522 ripor
1074 1445 1161 1523 jonis
1184 1451 1324 1524 capescat,

219 1579 287 1622 enm
301 1563 354 1639 pai
368 1559 502 1639 appellat
524 1557 628 1620 debere
645 1562 747 1638 petere
761 1557 910 1637 apostolos
933 1573 1062 1636 conante
1078 1557 1140 1617 loeo
1152 1563 1184 1618 et
1198 1563 1324 1638 tenpore,
1406 1619 1407 1624 ,

218 1678 330 1756 ·osaepias
347 1680 377 1734 et
399 1677 548 1736 imitanter
566 1690 577 1732 :
595 1689 650 1734 nos
677 1677 777 1733 tamen
801 1673 958 1752 antiquom
980 1675 1011 1732 et
1033 1687 1218 1734 cmnmanem
1243 1674 1329 1735 alser-

221 1793 358 1852 oantiam
376 1789 562 1868 litipantinm
580 1791 675 1869 sequi,
690 1794 720 1849 et
734 1791 904 1868 aequitatem
922 1791 1018 1867 ripaei
1032 1789 1176 1869 praesens·
1194 1789 1325 1866 volentes,

223 1907 407 1969 decernimos
429 1903 572 1983 sufficere,
594 1904 673 1982 qood
693 1921 751 1984 per
771 1902 972 1984 appellantem
998 1901 1089 1964 simul
1114 1917 1175 1966 ano
1201 1909 1329 1966 contecta

223 2020 351 2101 apostoli
364 2023 513 2081 instanter
526 2024 557 2080 et
570 2022 679 2099 saepias
691 2019 894 2098 postulentur.

223 2171 228 2181 ‹
269 2135 305 2198 4⁰
318 2134 356 2199 lu
370 2131 486 2199 eadem
501 2140 611 2200 autem
626 2131 785 2199 decretali
809 2130 980 2217 subjicitur
995 2131 1155 2216 petendos
1177 2151 1247 2200 osse
1262 2151 1331 2218 apo

225 2251 326 2318 stolas
340 2269 468 2330 eonpmo
492 2252 554 2314 loeo
576 2257 606 2314 et
632 2257 760 2331 tempore
784 2250 870 2313 intra
891 2249 975 2332 juris
998 2250 1251 2315 terminum.le
1273 2267 1331 2334 quo

227 2367 380 2434 doctores
406 2365 607 2433 concludunt
630 2385 696 2432 uon
716 2364 879 2450 petendos
900 2381 987 2444 esce,
1017 2365 1113 2432 verbi
1130 2341 1243 2450 gratia
1261 2365 1330 2432 dum

224 2483 327 2570 judex
348 2504 368 2548 a
389 2504 446 2565 qao
469 2482 611 2567 equitat,
630 2482 684 2548 vel
708 2471 823 2552 tranat
847 2499 907 2565 per
928 2483 1029 2559 viam,
1048 2499 1154 2567 neque
1172 2481 1215 2549 de
1230 2488 1328 2558 nocte,

225 2617 334 2684 neque
359 2599 420 2664 suh
446 2599 539 2662 missa
567 2604 625 2662 aut
649 2596 800 2680 prandio.
819 2596 922 2683 (Vide
937 2596 1156 2675 Laniculum,
1172 2598 1227 2664 cit.
1254 2599 1328 2674 loco,

216 2738 259 2803 ·q.
281 2713 392 2799 1031.)

272 2832 424 2913 Qusssuto
449 2836 492 2895 7¹.
510 2866 555 2879 -
571 2831 676 2893 lodice
698 2849 718 2892 a
737 2847 795 2910 qno
817 2829 967 2911 apostolos
991 2831 1225 2910 detonantem
1245 2835 1332 2912 possit

218 2951 338 3029 'aisque
363 2950 402 3009 iis
426 2947 582 3028 appellans
602 2963 687 3008 mmm
700 2949 842 3026 prosequi
864 2944 1119 3026 appellationem?
1135 2981 1183 2994 --
1199 2946 1332 3029 Respon-

229 3060 375 3130 dendum
397 3059 604 3143 affirmativ03
628 3067 742 3144 estque
766 3059 896 3124 omniuo
912 3063 1050 3124 certum.
1073 3059 1208 3126 Constat
1228 3079 1269 3124 ex
1288 3077 1333 3125 es·

218 3193 314 3243 'none
327 3181 401 3241 Post
414 3178 643 3258 appellationem
657 3174 771 3259 (causae
785 3178 816 3252 i,
834 3191 866 3259 q.
883 3171 928 3258 6),
945 3174 980 3237 in
993 3191 1058 3259 quo
1070 3175 1114 3239 sic
1129 3172 1330 3241 decernitur:

230 3299 303 3361 Post
317 3295 547 3376 appellationem
570 3295 789 3372 interpositam,
812 3294 921 3355 littera
942 3293 1051 3355 danda
1060 3285 1140 3355 'mne
1153 3294 1193 3356 ab
1206 3311 1240 3356 eo
1253 3311 1271 3355 a
1284 3310 1332 3373 qao

216 3411 415 3493 'appellatam
433 3413 488 3486 esi,
508 3409 550 3470 ad
570 3424 636 3470 enm
653 3411 705 3488 poi
720 3409 757 3470 de
771 3409 971 3489 appellatione
992 3410 1167 3488 aopnitorns
1185 3415 1231 3471 esi
1245 3429 1256 3470 :
1269 3425 1333 3489 ptos

216 3529 351 3590 'litteras
368 3527 555 3588 dimissorias
563 3527 625 3586 sive
633 3525 781 3604 apostolos
798 3530 959 3587 vacam...
972 3522 1090 3602 Sufficit
1106 3527 1208 3586 uatem
1221 3528 1334 3605 petiisse

231 3649 313 3707 intra
327 3649 441 3722 tempos
454 3641 641 3703 dimissorias
653 3642 842 3702 instanteset
855 3644 963 3720 sapias
974 3658 985 3702 .·
996 3645 1042 3718 at,
1058 3643 1115 3701 etsi
1127 3657 1188 3702 non
1201 3643 1330 3721 accipial,

231 3761 265 3822 iol
279 3764 377 3840 ipsam
390 3761 625 3819 contestatam...
643 3755 773 3835 AEqaam
786 3759 831 3818 est
845 3759 951 3836 iatine,
967 3759 995 3817 si
1011 3773 1068 3836 per
1079 3774 1146 3817 eam
1162 3761 1276 3820 steterit
1287 3757 1334 3835 otti

231 3877 335 3940 aetem
352 3875 425 3936 dare
443 3874 573 3950 litteras,
593 3875 748 3953 quominus
765 3871 827 3950 det,
845 3889 882 3934 ne
902 3871 956 3934 ltoe
969 3875 1127 3952 accipienti
1144 3841 1257 3937 noceat.
1274 3871 1334 3936 De·

217 3993 379 4070 ‘sumptus
404 3991 514 4050 autem
539 3992 589 4050 est
613 3985 668 4049 ille
685 4003 787 4050 aenou
808 4005 849 4051 ex
867 3983 942 4070 jure
960 3986 1172 4062 lastinianum
1192 3993 1286 4070 prout
1304 3986 1332 4049 iu

228 4102 329 4186 ipsius
352 4099 483 4165 rubrica
505 4099 679 4166 indicatur.
700 4099 793 4166 Idem
817 4108 943 4166 constat
968 4119 1010 4165 ex
1037 4099 1234 4168 Clementiae
1252 4103 1270 4164 i
1291 4099 1333 4185 (de

230 4213 498 4300 Appellationiios)
514 4216 548 4281 iu
562 4235 627 4300 qua
644 4217 691 4282 sic
712 4217 867 4282 statuitur
884 4237 891 4282 :
909 4219 995 4297 (iaod
1010 4223 1038 4280 si
1048 4219 1197 4300 jadertin
1216 4220 1332 4282 tamine

230 4333 271 4396 ad
288 4333 421 4396 annana
442 4333 590 4412 apostolos
609 4331 741 4412 praefica
758 4351 815 4412 per
836 4335 917 4410 enm,
942 4337 1022 4413 ipsos
1039 4334 1208 4415 appellanti
1225 4335 1333 4415 petenti

120 4419 128 4434 ⁰
230 4465 290 4514 noa
308 4446 425 4509 &derit
443 4463 453 4505 .·
472 4450 526 4506 ont
544 4449 571 4506 si
588 4445 660 4508 dom
674 4451 848 4526 peterentur
864 4447 993 4528 apostoli
1009 4449 1196 4529 responderit
1205 4472 1219 4527 ;
1236 4467 1265 4511 se
1282 4449 1332 4510 aa·
