2914 5122
499 339 577 383 nnus
601 337 760 384 sueuunn.
1127 323 1185 384 113

93 466 146 540 jon
157 469 329 542 promotam.
350 466 423 525 Post
434 461 689 540 confirmationem
702 481 783 541 aero,
801 481 866 522 cnunc
878 464 989 524 scilicet
1001 463 1189 524 ordinandas

97 581 172 657 fucrit
182 581 288 661 alianis
302 586 356 641 nat
373 585 464 642 etiam
479 582 694 642 consecrandas
711 578 791 665 (qaia
806 585 897 642 etiarn
915 580 1129 652 abablinenclo
1145 599 1188 640 rc-

92 695 165 775 pellit
175 703 200 757 ct
213 698 316 778 dejicit
333 697 371 758 ab
386 692 528 779 obtenta),
548 698 589 759 acl
602 699 880 759 extraordinariam
889 716 1009 777 penam
1029 700 1188 762 secundnm

95 811 231 874 arbitrium
243 815 362 895 judicis
386 815 521 892 discreti,
543 813 621 875 citra
644 816 796 876 uinculum
811 819 1026 896 inscriptionis,
1047 821 1091 876 est
1109 820 1190 877 anci-

91 931 406 1010 niensdistrinqenelas‚
426 935 453 991 si
467 932 607 1010 defecerit
619 935 652 992 in
666 932 834 1012 probando.
850 929 896 1016 (C.
918 932 970 1008 16,
986 931 1038 994 tit.
1059 930 1156 1006 t‚lib.
1171 933 1190 994 5

94 1041 211 1130 decret.)
232 1046 281 1110 Ex
302 1065 367 1130 qua
386 1046 471 1130 lege,
496 1046 541 1110 sic
557 1047 690 1130 quaestio
711 1047 876 1130 proposita
897 1047 1054 1112 solvenda
1075 1049 1187 1114 iverit:

90 1166 180 1241 prino,
194 1170 264 1226 ante
275 1162 531 1240 confirmationem
544 1161 651 1239 electi,
666 1163 828 1244 excipiens
844 1182 908 1226 non
920 1169 1054 1228 tenetur
1067 1162 1110 1228 ad
1120 1181 1190 1229 sese

92 1275 318 1342 inscribendum
331 1273 365 1342 in
383 1297 511 1362 poenum
523 1259 594 1362 3'et,
613 1279 639 1342 si
657 1276 784 1343 deliciet
799 1279 831 1342 in
848 1277 1028 1362 probando,
1046 1299 1111 1345 uon
1129 1297 1190 1362 pu-

92 1393 173 1458 nitur.
187 1398 334 1475 Secanclo,
351 1393 482 1479 quando
500 1394 625 1460 electus
639 1393 681 1460 ad
693 1395 911 1478 praelaturam,
931 1393 1122 1478 dignitatem
1139 1397 1193 1462 vel

91 1505 278 1589 beneficium,
296 1511 553 1589 confirmationem
579 1512 678 1575 etium
691 1510 843 1587 obtinuit,
863 1511 907 1576 ita
926 1519 962 1574 ut
973 1511 1034 1593 ipsi
1053 1530 1119 1574 non
1134 1511 1193 1578 de-

91 1625 124 1690 sit
143 1625 197 1690 nisi
213 1626 378 1691 ordinatio
396 1627 450 1691 vel
472 1627 506 1689 iu
528 1626 762 1709 possessionem
781 1627 898 1703 missio,
920 1627 947 1690 si
966 1625 1122 1710 objiciens
1145 1627 1193 1694 illi

91 1739 241 1823 delictum,
259 1743 294 1806 in
317 1741 487 1828 probando
511 1739 652 1820 deliciet,
677 1743 785 1826 puniri
811 1741 910 1808 debet
937 1743 1192 1810 extraordinaria

89 1875 186 1944 penu3
205 1857 263 1924 sed
283 1867 395 1924 tumen
407 1862 505 1924 etiam
523 1867 604 1924 tune
616 1878 681 1923 non
694 1841 912 1944 prareqnitur
922 1860 1088 1944 inscriptio
1102 1861 1136 1924 in
1148 1866 1194 1924 ta-

89 1972 167 2038 lionis
183 1993 326 2057 poenum.

544 2260 676 2328 CAPUT
693 2263 731 2325 V.

87 2534 123 2578 DE
142 2533 318 2581 PROGESSUS
342 2529 555 2578 Accusnuoun
579 2529 620 2576 ΕΤ
639 2527 852 2590 luQutst'ronn
876 2531 1022 2590 animun,
1045 2533 1086 2580 ET
1110 2535 1192 2593 QUID

123 2649 341 2710 DE U'1'ROQUE
357 2647 577 2705 snumuunum,
594 2645 792 2704 msQulslulo
813 2647 1143 2695 Hisuomconlnnicn.

123 2920 319 2986 Puerosmo
334 2918 372 2982 Ι“;
391 2952 436 2962 -
455 2921 616 2980 Processns
630 2922 831 2980 accusatorias
845 2920 925 2981 solas
942 2921 1063 2982 cidctar
1080 2927 1112 2984 in
1134 2924 1192 2984 Ee·

84 3038 163 3098 cloria
177 3039 359 3117 regulariter
374 3036 545 3114 obtinuisse,
556 3053 612 3114 por
628 3035 725 3095 decena
740 3039 793 3095 ant
809 3035 944 3096 undecim
953 3041 1061 3116 priora
1069 3040 1188 3100 saccata.

85 3155 208 3219 -Hnne
221 3153 352 3218 maximi
361 3151 516 3216 momenti
526 3150 653 3228 thesim,
665 3149 850 3234 prinsquam
864 3148 1067 3218 documentis
1079 3153 1192 3219 fulcia-

84 3287 157 3349 mus,
174 3289 282 3352 operte
302 3269 444 3354 pretium
460 3267 523 3331 erit
542 3265 611 3352 ejus
630 3285 759 3332 sensum
776 3275 929 3332 accurate
942 3267 1188 3348 determinasse,

85 3403 120 3450 ne
136 3387 187 3451 cui
203 3392 370 3451 remaneat
389 3383 591 3467 ambiguitati
611 3384 712 3448 locus.
739 3384 929 3449 Processum
949 3403 1027 3468 ergo
1043 3395 1191 3452 accusato

85 3509 156 3566 rium
179 3503 388 3586 intelligimus
410 3501 511 3580 illum,
533 3501 566 3564 in
585 3519 649 3584 quo
672 3501 848 3564 intervenit
866 3509 1041 3586 accusator
1060 3504 1190 3586 proprie

83 3603 193 3688 dietus,
211 3608 313 3688 idest,
330 3616 401 3673 tum
417 3606 568 3691 ajudiee,
587 3615 657 3671 tum
673 3627 691 3670 a
709 3607 822 3672 Fiscali
840 3615 874 3672 et
890 3607 953 3672 alio
969 3609 1116 3693 quolibet
1134 3609 1191 3676 Of-

82 3721 172 3788 ficiali
190 3725 319 3811 publico
335 3723 515 3790 distinctus.
535 3727 622 3790 Dum
634 3731 744 3790 autern
757 3724 893 3790 dicimus
906 3744 976 3790 eam
989 3725 1191 3808 procedendi

82 3839 214 3906 sormam
239 3861 298 3926 per
327 3841 480 3906 undecim
499 3841 608 3924 priora
632 3841 749 3906 saecula
771 3843 920 3904 enelasioe
947 3861 1188 3926 perseverasse,

83 3958 240 4022 exclusam
265 3961 527 4044 pronuntiarim,
555 3956 772 4024 seuuondum
790 3956 969 4036 inductam,
993 3960 1191 4043 inquisitorii

82 4090 242 4153 processus
254 4094 413 4140 narniam.
433 4075 472 4140 Id
489 4083 600 4140 tamen
617 4074 776 4158 intelligat
796 4073 901 4138 lector
917 4077 1108 4156 concinniter,
1132 4097 1190 4144 seu

83 4191 264 4274 excipiendo
283 4211 394 4258 casum
415 4196 518 4258 cleticti
541 4198 653 4256 notorii
668 4211 678 4254 :
695 4211 769 4255 nam
799 4191 930 4275 quanda
952 4192 996 4258 ita
1025 4197 1188 4261 notorium

84 4313 148 4370 erut
162 4308 279 4378 crimen
294 4318 332 4376 ut
351 4309 542 4394 probatione
559 4319 624 4375 non
638 4305 811 4392 indigeret,
830 4314 865 4372 et
881 4308 980 4394 (quod
1000 4309 1033 4375 iu
1049 4313 1192 4390 notorie-

221 4422 249 4480 ll.
1033 4425 1049 4476 8
