2930 5114
264 307 327 372 546
605 317 792 367 merosus
815 316 859 364 nn
881 313 1029 367 runicus.

262 447 479 526 constantiis,
512 445 639 512 noxiam
670 443 969 532 regulariteriore
996 443 1156 530 ejusmodi
1186 444 1368 528 pecuniaria

265 563 505 650 compositionis
519 562 663 647 praxim:
683 569 754 629 tum
773 564 860 646 qnia,
877 567 916 626 ut
930 560 1052 626 dic-itur
1066 562 1172 646 capite
1187 567 1308 646 Pauper
1324 565 1367 640 ll,

264 698 297 768 q.
319 687 348 761 1,
367 681 489 748 nuliam
504 699 580 747 reus
595 680 797 763 pertimescit
812 679 939 763 culpam
955 697 1052 764 quam
1063 677 1227 746 redimere
1244 681 1371 744 nummis

262 799 437 882 existimat,
451 804 523 864 tum
534 798 687 882 quianon
699 815 836 880 parvum
847 795 938 881 apud
954 795 1075 862 multos
1086 796 1181 862 facile
1193 794 1369 862 scandalum

262 915 375 999 gignit,
390 911 479 1000 quod
497 913 637 980 nesciant
652 931 745 997 posse
765 933 783 978 a
797 912 953 978 divitibus
968 910 1133 979 mediante
1145 913 1285 996 pecunia
1299 912 1370 996 rigo

261 1051 333 1099 rem
348 1029 482 1117 justitiae
494 1029 652 1097 declinari
670 1052 677 1096 :
698 1029 790 1116 cujus
816 1027 961 1096 scandali
976 1049 1035 1115 ego
1056 1029 1176 1095 alicubi
1193 1031 1287 1096 testis
1305 1029 1367 1095 iui:

257 1149 440 1235 presertim
460 1167 534 1216 cum
551 1146 678 1214 difficile
696 1148 815 1232 vulgus
828 1147 891 1214 sihi
905 1145 1103 1232 persuadeat
1118 1165 1172 1212 eas
1182 1147 1334 1231 pecunias
1343 1147 1371 1210 in

256 1269 326 1352 pios
351 1287 427 1336 usus
453 1265 600 1334 fideliter
618 1266 756 1350 erogari,
779 1273 814 1331 et
840 1265 874 1328 in
895 1262 1102 1331 commodum
1124 1264 1295 1330 curialium
1309 1263 1371 1348 Epi

256 1386 355 1470 scopi,
376 1405 417 1451 ex
436 1389 529 1468 parte
540 1381 666 1461 saltem,
685 1401 750 1448 non
764 1381 896 1448 cedere.
913 1381 978 1448 Sed
992 1379 1199 1466 quantumvis
1217 1379 1267 1445 har
1279 1380 1368 1446 ratio

255 1521 313 1570 nes
328 1500 468 1568 suasisse
481 1499 666 1577 videantur,
685 1505 722 1564 ut
738 1497 834 1566 hodie
847 1497 950 1583 judex
964 1498 1203 1565 ecclesiasticus
1218 1493 1368 1583 ejusmodi

253 1618 457 1702 pecuniarias
469 1616 717 1700 compositiones
726 1614 863 1701 rejiciat,
872 1623 908 1680 et
922 1623 959 1680 ut
971 1617 1090 1699 potius,
1103 1615 1131 1680 si
1144 1612 1225 1680 velit
1237 1614 1366 1698 gratiam

253 1755 311 1802 reo
327 1734 447 1812 facere,
470 1735 556 1800 illam
570 1735 671 1818 gratis
686 1735 817 1800 omnino
832 1733 940 1812 faciat,
958 1733 1167 1801 nihilominus
1184 1739 1311 1800 eertum
1323 1738 1368 1795 est

252 1871 314 1936 per
329 1871 363 1920 se
376 1851 462 1918 etde
480 1850 554 1936 jure
569 1853 732 1918 communi
744 1851 864 1917 licitam
881 1860 917 1918 et
927 1850 1070 1918 solidam
1084 1851 1117 1914 in
1132 1851 1234 1916 certis
1252 1847 1368 1915 casibru

253 1987 323 2037 case
339 1968 560 2053 pecuniariam
576 1967 859 2052 compositionem
879 1976 978 2056 atque
995 1966 1071 2034 ideo
1086 1967 1176 2032 fliam
1193 1963 1366 2052 exequendi

253 2083 387 2154 modum
402 2084 658 2170 pretermittere
670 2103 735 2149 non
752 2083 936 2153 debuimus.

797 2339 824 2401 Ι.

393 2563 503 2612 FormuIa
516 2575 561 2625 qua
579 2575 633 2610 rcus
648 2561 681 2610 uti
696 2568 773 2624 potest
788 2560 817 2609 ad
833 2559 996 2623 postulandam
1017 2561 1221 2623 compositionem.
1271 2603 1275 2610 .

301 2793 391 2873 «Epo
404 2793 433 2856 N
436 2839 458 2870 .,
475 2795 624 2872 reperiens
639 2809 684 2852 roe
694 2796 899 2872 procuratum
913 2795 946 2852 io
965 2795 1051 2852 curto
1063 2777 1228 2873 episcopali
1247 2793 1298 2869 N„
1313 2809 1362 2872 pro

253 2911 378 2970 crimine
400 2914 556 2971 omerio..
576 2906 621 2992 (et
642 2905 687 2971 ihi
713 2905 899 2989 explicetur
924 2911 1123 2988 praetensum
1138 2902 1285 2989 crimen),
1305 2907 1362 2966 ticet

253 3027 392 3086 innocens
403 3031 432 3086 ct
446 3028 587 3087 immunis
609 3028 699 3086 uma
715 3025 776 3086 toli
792 3025 913 3102 delicto,
933 3029 962 3084 et
976 3023 1095 3102 risorie
1111 3028 1145 3086 io
1155 3025 1258 3104 aliquo
1276 3024 1362 3084 moui

256 3136 411 3222 (quodcum
427 3137 514 3200 credo
527 3133 720 3220 etodmitto),
735 3141 880 3218 ipocroos
892 3155 958 3198 cum
974 3137 1171 3218 siorpltcitotc
1183 3143 1213 3199 et
1231 3140 1293 3198 sice
1305 3133 1362 3197 doio

253 3255 311 3333 soci
323 3273 333 3314 .-
347 3255 545 3317 mutaremus
567 3255 770 3332 conuiuiorum,
789 3254 867 3333 qood
884 3257 981 3315 statui
993 3271 1056 3314 mco
1071 3271 1132 3314 con
1154 3257 1292 3316 cooceoit
1307 3254 1361 3314 tito

253 3371 352 3449 socero
372 3377 402 3433 et
419 3370 525 3432 tabere
544 3389 611 3432 oum
633 3369 732 3447 fisco:-
755 3371 821 3432 ideo
840 3374 875 3431 ut
897 3371 935 3432 ab
956 3373 1096 3450 expensis
1116 3375 1146 3431 et
1163 3369 1360 3432 concumbes

254 3487 412 3566 redimam,
439 3494 468 3549 et
491 3489 532 3550 ud
553 3503 668 3552 omnem
689 3487 840 3548 meliorent
859 3485 950 3564 finem
970 3492 1000 3548 ot
1026 3489 1175 3567 effectum,
1201 3488 1360 3568 suppliciter

255 3621 346 3669 erroro
359 3603 601 3678 illustrissimum
618 3609 648 3664 et
661 3604 942 3666 reverendissimum
957 3604 1112 3669 dominum
1126 3605 1304 3685 Epismprtm
1315 3603 1357 3677 it,

254 3725 290 3782 ut
303 3719 378 3780 vetit
396 3721 569 3800 supradicto
582 3723 738 3801 processui
757 3718 859 3798 finem,
889 3725 920 3782 et
937 3717 1010 3798 picco
1034 3721 1191 3782 sitentium
1213 3724 1357 3801 importet,

217 3835 219 3840 ’
253 3840 356 3919 moute
371 3841 400 3897 et
416 3835 552 3897 totaliter
570 3853 616 3897 me
633 3837 811 3899 submittens
825 3837 867 3898 oct
876 3823 996 3917 portum
1015 3843 1044 3899 et
1059 3840 1271 3918 poenitentium
1288 3849 1359 3916 quom

233 3948 236 3954 ’
255 3953 432 4034 dipoobitcae
439 3952 516 4014 mitt
535 3959 684 4036 imponere
699 3959 728 4016 ct
749 3958 915 4034 antenore,
936 3955 1079 4035 illumque
1093 3973 1152 4035 pro
1162 3957 1266 4034 pratia
1280 3947 1359 4034 profi·

257 4077 320 4134 teor
330 4078 582 4153 mereccptorum.
608 4073 659 4134 Ita
673 4071 806 4152 supplico
819 4077 849 4134 et
862 4075 952 4134 tosto.
969 4105 1015 4120 -
1028 4073 1093 4153 Epo
1103 4073 1144 4135 N.
1163 4091 1181 4132 o

300 4189 378 4254 uon
390 4186 562 4254 formulam
576 4183 677 4268 tradit
691 4186 859 4255 Monacelli
874 4187 980 4274 (parte
992 4189 1023 4265 2,
1038 4187 1090 4252 tit.
1108 4189 1161 4264 15,
1178 4183 1311 4252 formula
1320 4177 1354 4262 3);

257 4298 316 4366 sed
339 4319 418 4384 pace
446 4300 611 4364 clarissimi
635 4301 697 4364 viri
722 4301 877 4382 dixerim,
905 4304 1010 4369 mincis
1035 4301 1205 4388 probanda
1230 4299 1353 4368 videtur·

133 4425 136 4432 '
256 4418 339 4481 Cum
356 4417 443 4482 carim
462 4417 728 4499 compositionem
751 4420 772 4482 ii
798 4420 855 4485 soli
882 4421 1048 4502 postulare
1073 4421 1211 4498 soleant,
1233 4417 1283 4504 qui
1299 4427 1353 4476 sue
