<?xml version="1.0" encoding="UTF-8"?>
<!DOCTYPE html PUBLIC "-//W3C//DTD XHTML 1.0 Transitional//EN"
    "http://www.w3.org/TR/xhtml1/DTD/xhtml1-transitional.dtd">
<html xmlns="http://www.w3.org/1999/xhtml" xml:lang="en" lang="en">
 <head>
  <title>
</title>
<meta http-equiv="Content-Type" content="text/html;charset=utf-8" />
  <meta name='ocr-system' content='tesseract 3.04.00' />
  <meta name='ocr-capabilities' content='ocr_page ocr_carea ocr_par ocr_line ocrx_word'/>
</head>
<body>
  <div class='ocr_page' id='page_1' title='image "./tractatusdejudi01bouigoog_0130.png"; bbox 0 0 2914 5122; ppageno 0'>
   <div class='ocr_carea' id='block_1_1' title="bbox 505 325 1192 395">
    <p class='ocr_par' dir='ltr' id='par_1_1' title="bbox 505 325 1192 395">
     <span class='ocr_line' id='line_1_1' title="bbox 505 325 1192 395; baseline 0.003 -9"><span class='ocrx_word' id='word_1_1' title='bbox 505 339 584 387; x_wconf 78' lang='lat' dir='ltr'><strong>rans</strong></span> <span class='ocrx_word' id='word_1_2' title='bbox 607 339 764 388; x_wconf 71' lang='lat' dir='ltr'><strong>saccant.</strong></span> <span class='ocrx_word' id='word_1_3' title='bbox 1129 325 1192 395; x_wconf 80' lang='lat' dir='ltr'><strong>tto</strong></span> 
     </span>
    </p>
   </div>
   <div class='ocr_carea' id='block_1_2' title="bbox 83 463 1222 4505">
    <p class='ocr_par' dir='ltr' id='par_1_2' title="bbox 87 463 1196 2988">
     <span class='ocr_line' id='line_1_2' title="bbox 100 463 1192 550; baseline 0.002 -22"><span class='ocrx_word' id='word_1_4' title='bbox 100 463 162 528; x_wconf 73' lang='lat' dir='ltr'><strong>ade</strong></span> <span class='ocrx_word' id='word_1_5' title='bbox 176 481 303 530; x_wconf 88' lang='lat' dir='ltr'><strong>accessu</strong></span> <span class='ocrx_word' id='word_1_6' title='bbox 317 470 352 530; x_wconf 90' lang='lat' dir='ltr'><strong>et</strong></span> <span class='ocrx_word' id='word_1_7' title='bbox 375 464 636 549; x_wconf 81' lang='lat' dir='ltr'><strong>frequentatione</strong></span> <span class='ocrx_word' id='word_1_8' title='bbox 651 483 689 528; x_wconf 89' lang='lat' dir='ltr'><strong>ac</strong></span> <span class='ocrx_word' id='word_1_9' title='bbox 710 463 948 540; x_wconf 82' lang='lat' dir='ltr'>cohabitatione</span> <span class='ocrx_word' id='word_1_10' title='bbox 975 465 1192 550; x_wconf 83' lang='lat' dir='ltr'><strong>presbytero-</strong></span> 
     </span>
     <span class='ocr_line' id='line_1_3' title="bbox 98 576 1193 664; baseline 0.004 -23"><span class='ocrx_word' id='word_1_11' title='bbox 98 598 191 658; x_wconf 81' lang='lat' dir='ltr'><strong>«rum</strong></span> <span class='ocrx_word' id='word_1_12' title='bbox 204 588 315 654; x_wconf 85' lang='lat' dir='ltr'><strong>contra</strong></span> <span class='ocrx_word' id='word_1_13' title='bbox 338 579 527 664; x_wconf 87' lang='lat' dir='ltr'><strong>canonicum</strong></span> <span class='ocrx_word' id='word_1_14' title='bbox 556 578 768 646; x_wconf 92' lang='lat' dir='ltr'><strong>interdictum</strong></span> <span class='ocrx_word' id='word_1_15' title='bbox 791 598 865 648; x_wconf 88' lang='lat' dir='ltr'><strong>cum</strong></span> <span class='ocrx_word' id='word_1_16' title='bbox 882 576 1041 658; x_wconf 84' lang='lat' dir='ltr'><strong>loeminis,</strong></span> <span class='ocrx_word' id='word_1_17' title='bbox 1065 587 1094 643; x_wconf 81' lang='lat' dir='ltr'><strong>sa·</strong></span> <span class='ocrx_word' id='word_1_18' title='bbox 1123 585 1193 660; x_wconf 76' lang='lat' dir='ltr'><strong>inde</strong></span> 
     </span>
     <span class='ocr_line' id='line_1_4' title="bbox 97 695 1194 785; baseline 0 -25"><span class='ocrx_word' id='word_1_19' title='bbox 97 697 226 776; x_wconf 72' lang='lat' dir='ltr'><strong>«benna</strong></span> <span class='ocrx_word' id='word_1_20' title='bbox 246 703 388 775; x_wconf 83' lang='lat' dir='ltr'><strong>accusati,</strong></span> <span class='ocrx_word' id='word_1_21' title='bbox 412 704 462 762; x_wconf 88' lang='lat' dir='ltr'><strong>est</strong></span> <span class='ocrx_word' id='word_1_22' title='bbox 482 695 725 785; x_wconf 89' lang='lat' dir='ltr'><strong>inquirendum.</strong></span> <span class='ocrx_word' id='word_1_23' title='bbox 746 695 843 778; x_wconf 86' lang='lat' dir='ltr'><strong>Quia,</strong></span> <span class='ocrx_word' id='word_1_24' title='bbox 863 702 902 760; x_wconf 90' lang='lat' dir='ltr'><strong>ut</strong></span> <span class='ocrx_word' id='word_1_25' title='bbox 916 701 1046 762; x_wconf 74' lang='lat' dir='ltr'><strong>sanctam</strong></span> <span class='ocrx_word' id='word_1_26' title='bbox 1061 695 1194 761; x_wconf 79' lang='lat' dir='ltr'><strong>Ambro-</strong></span> 
     </span>
     <span class='ocr_line' id='line_1_5' title="bbox 96 809 1194 901; baseline 0.007 -31"><span class='ocrx_word' id='word_1_27' title='bbox 96 811 181 875; x_wconf 78' lang='lat' dir='ltr'><strong>csius</strong></span> <span class='ocrx_word' id='word_1_28' title='bbox 198 809 285 892; x_wconf 89' lang='lat' dir='ltr'><strong>dicit,</strong></span> <span class='ocrx_word' id='word_1_29' title='bbox 303 811 423 901; x_wconf 85' lang='lat' dir='ltr'><strong>judicis</strong></span> <span class='ocrx_word' id='word_1_30' title='bbox 440 833 504 878; x_wconf 92' lang='lat' dir='ltr'><strong>nou</strong></span> <span class='ocrx_word' id='word_1_31' title='bbox 527 818 654 882; x_wconf 82' lang='lat' dir='ltr'><strong>estsine</strong></span> <span class='ocrx_word' id='word_1_32' title='bbox 668 819 841 876; x_wconf 78' lang='lat' dir='ltr'><em>accusatore</em></span> <span class='ocrx_word' id='word_1_33' title='bbox 862 809 1037 896; x_wconf 79' lang='lat' dir='ltr'><strong>damnare3</strong></span> <span class='ocrx_word' id='word_1_34' title='bbox 1064 811 1140 896; x_wconf 87' lang='lat' dir='ltr'><strong>quia</strong></span> <span class='ocrx_word' id='word_1_35' title='bbox 1159 820 1194 878; x_wconf 85' lang='lat' dir='ltr'><strong>et</strong></span> 
     </span>
     <span class='ocr_line' id='line_1_6' title="bbox 96 927 1187 1014; baseline 0.005 -27"><span class='ocrx_word' id='word_1_36' title='bbox 96 951 108 986; x_wconf 81' lang='lat' dir='ltr'><strong>n</strong></span> <span class='ocrx_word' id='word_1_37' title='bbox 123 927 268 994; x_wconf 85' lang='lat' dir='ltr'><strong>Dominus</strong></span> <span class='ocrx_word' id='word_1_38' title='bbox 277 929 296 994; x_wconf 85' lang='lat' dir='ltr'>J</span> <span class='ocrx_word' id='word_1_39' title='bbox 299 928 409 1008; x_wconf 89' lang='lat' dir='ltr'><strong>udam,</strong></span> <span class='ocrx_word' id='word_1_40' title='bbox 426 948 500 994; x_wconf 90' lang='lat' dir='ltr'><strong>cum</strong></span> <span class='ocrx_word' id='word_1_41' title='bbox 512 927 567 994; x_wconf 85' lang='lat' dir='ltr'><strong>fur</strong></span> <span class='ocrx_word' id='word_1_42' title='bbox 584 935 681 1006; x_wconf 91' lang='lat' dir='ltr'><strong>esset,</strong></span> <span class='ocrx_word' id='word_1_43' title='bbox 698 927 848 1014; x_wconf 91' lang='lat' dir='ltr'><strong>quoniam</strong></span> <span class='ocrx_word' id='word_1_44' title='bbox 862 947 927 992; x_wconf 89' lang='lat' dir='ltr'><strong>non</strong></span> <span class='ocrx_word' id='word_1_45' title='bbox 941 933 992 992; x_wconf 91' lang='lat' dir='ltr'><strong>est</strong></span> <span class='ocrx_word' id='word_1_46' title='bbox 1005 934 1187 1010; x_wconf 87' lang='lat' dir='ltr'><strong>accusatus,</strong></span> 
     </span>
     <span class='ocr_line' id='line_1_7' title="bbox 95 1039 1194 1132; baseline 0.005 -30"><span class='ocrx_word' id='word_1_47' title='bbox 95 1042 239 1111; x_wconf 72' lang='lat' dir='ltr'><strong>«minime</strong></span> <span class='ocrx_word' id='word_1_48' title='bbox 254 1043 385 1132; x_wconf 85' lang='lat' dir='ltr'><strong>abjecit.</strong></span> <span class='ocrx_word' id='word_1_49' title='bbox 405 1067 422 1106; x_wconf 82' lang='lat' dir='ltr'><strong>a</strong></span> <span class='ocrx_word' id='word_1_50' title='bbox 439 1044 555 1132; x_wconf 88' lang='lat' dir='ltr'><strong>(Citato</strong></span> <span class='ocrx_word' id='word_1_51' title='bbox 568 1043 739 1128; x_wconf 90' lang='lat' dir='ltr'><strong>opusculo,</strong></span> <span class='ocrx_word' id='word_1_52' title='bbox 750 1063 783 1106; x_wconf 93' lang='lat' dir='ltr'><strong>u.</strong></span> <span class='ocrx_word' id='word_1_53' title='bbox 802 1045 814 1107; x_wconf 92' lang='lat' dir='ltr'><strong>i</strong></span> <span class='ocrx_word' id='word_1_54' title='bbox 826 1045 837 1106; x_wconf 89' lang='lat'>1</span> <span class='ocrx_word' id='word_1_55' title='bbox 849 1041 869 1126; x_wconf 86' lang='lat'><strong>.)</strong></span> <span class='ocrx_word' id='word_1_56' title='bbox 883 1039 977 1108; x_wconf 89' lang='lat' dir='ltr'><strong>Unde</strong></span> <span class='ocrx_word' id='word_1_57' title='bbox 987 1040 1081 1128; x_wconf 72' lang='lat' dir='ltr'><strong>Juxta</strong></span> <span class='ocrx_word' id='word_1_58' title='bbox 1095 1040 1194 1130; x_wconf 86' lang='lat' dir='ltr'><strong>hujus</strong></span> 
     </span>
     <span class='ocr_line' id='line_1_8' title="bbox 92 1153 1194 1243; baseline 0.001 -24"><span class='ocrx_word' id='word_1_59' title='bbox 92 1156 229 1239; x_wconf 86' lang='lat' dir='ltr'><strong>temporis</strong></span> <span class='ocrx_word' id='word_1_60' title='bbox 241 1153 454 1243; x_wconf 80' lang='lat' dir='ltr'><strong>disciplinam,</strong></span> <span class='ocrx_word' id='word_1_61' title='bbox 472 1157 617 1242; x_wconf 88' lang='lat' dir='ltr'><strong>quamvis</strong></span> <span class='ocrx_word' id='word_1_62' title='bbox 642 1155 799 1239; x_wconf 82' lang='lat' dir='ltr'><strong>Episcopo</strong></span> <span class='ocrx_word' id='word_1_63' title='bbox 814 1160 926 1220; x_wconf 92' lang='lat' dir='ltr'><strong>notum</strong></span> <span class='ocrx_word' id='word_1_64' title='bbox 946 1154 1033 1222; x_wconf 85' lang='lat' dir='ltr'><strong>foret</strong></span> <span class='ocrx_word' id='word_1_65' title='bbox 1055 1154 1194 1240; x_wconf 84' lang='lat' dir='ltr'><strong>aliquem</strong></span> 
     </span>
     <span class='ocr_line' id='line_1_9' title="bbox 90 1270 1189 1356; baseline 0 -22"><span class='ocrx_word' id='word_1_66' title='bbox 90 1271 305 1356; x_wconf 81' lang='lat' dir='ltr'><strong>presbyterum</strong></span> <span class='ocrx_word' id='word_1_67' title='bbox 319 1271 430 1337; x_wconf 89' lang='lat' dir='ltr'><strong>illicita</strong></span> <span class='ocrx_word' id='word_1_68' title='bbox 442 1271 648 1346; x_wconf 70' lang='lat' dir='ltr'><strong>foeminarum</strong></span> <span class='ocrx_word' id='word_1_69' title='bbox 668 1270 930 1356; x_wconf 86' lang='lat' dir='ltr'><strong>frequentatione</strong></span> <span class='ocrx_word' id='word_1_70' title='bbox 948 1271 1189 1348; x_wconf 90' lang='lat' dir='ltr'><strong>commaculari,</strong></span> 
     </span>
     <span class='ocr_line' id='line_1_10' title="bbox 91 1385 1196 1474; baseline 0.002 -24"><span class='ocrx_word' id='word_1_71' title='bbox 91 1407 144 1451; x_wconf 91' lang='lat' dir='ltr'><strong>non</strong></span> <span class='ocrx_word' id='word_1_72' title='bbox 155 1395 263 1452; x_wconf 91' lang='lat' dir='ltr'><strong>tamen</strong></span> <span class='ocrx_word' id='word_1_73' title='bbox 274 1389 308 1452; x_wconf 91' lang='lat' dir='ltr'><strong>in</strong></span> <span class='ocrx_word' id='word_1_74' title='bbox 322 1406 398 1452; x_wconf 90' lang='lat' dir='ltr'><strong>enm</strong></span> <span class='ocrx_word' id='word_1_75' title='bbox 419 1389 509 1474; x_wconf 90' lang='lat' dir='ltr'><strong>prius</strong></span> <span class='ocrx_word' id='word_1_76' title='bbox 522 1385 680 1473; x_wconf 87' lang='lat' dir='ltr'><strong>judicium</strong></span> <span class='ocrx_word' id='word_1_77' title='bbox 698 1385 942 1462; x_wconf 86' lang='lat' dir='ltr'><strong>instituebatur,</strong></span> <span class='ocrx_word' id='word_1_78' title='bbox 957 1405 1055 1472; x_wconf 88' lang='lat' dir='ltr'><strong>quam</strong></span> <span class='ocrx_word' id='word_1_79' title='bbox 1067 1385 1108 1452; x_wconf 87' lang='lat' dir='ltr'><strong>ab</strong></span> <span class='ocrx_word' id='word_1_80' title='bbox 1135 1387 1196 1452; x_wconf 89' lang='lat' dir='ltr'><strong>ali·</strong></span> 
     </span>
     <span class='ocr_line' id='line_1_11' title="bbox 90 1499 1192 1588; baseline 0 -22"><span class='ocrx_word' id='word_1_81' title='bbox 90 1519 143 1587; x_wconf 92' lang='lat' dir='ltr'><strong>quo</strong></span> <span class='ocrx_word' id='word_1_82' title='bbox 161 1511 350 1570; x_wconf 85' lang='lat' dir='ltr'><strong>accusatore</strong></span> <span class='ocrx_word' id='word_1_83' title='bbox 369 1504 492 1574; x_wconf 88' lang='lat' dir='ltr'><strong>crimen</strong></span> <span class='ocrx_word' id='word_1_84' title='bbox 508 1512 594 1569; x_wconf 88' lang='lat' dir='ltr'><strong>esset</strong></span> <span class='ocrx_word' id='word_1_85' title='bbox 609 1502 767 1569; x_wconf 90' lang='lat' dir='ltr'><strong>delatum.</strong></span> <span class='ocrx_word' id='word_1_86' title='bbox 781 1501 960 1578; x_wconf 80' lang='lat' dir='ltr'><strong>Accusator</strong></span> <span class='ocrx_word' id='word_1_87' title='bbox 973 1509 1083 1567; x_wconf 89' lang='lat' dir='ltr'><strong>autem</strong></span> <span class='ocrx_word' id='word_1_88' title='bbox 1097 1499 1192 1588; x_wconf 83' lang='lat' dir='ltr'><strong>juxta</strong></span> 
     </span>
     <span class='ocr_line' id='line_1_12' title="bbox 90 1615 1195 1697; baseline -0.001 -14"><span class='ocrx_word' id='word_1_89' title='bbox 90 1615 226 1694; x_wconf 87' lang='lat' dir='ltr'><strong>eumdem</strong></span> <span class='ocrx_word' id='word_1_90' title='bbox 247 1622 459 1692; x_wconf 88' lang='lat' dir='ltr'><strong>Hincmarum</strong></span> <span class='ocrx_word' id='word_1_91' title='bbox 475 1620 651 1687; x_wconf 90' lang='lat' dir='ltr'><strong>tenebatur</strong></span> <span class='ocrx_word' id='word_1_92' title='bbox 667 1621 701 1684; x_wconf 91' lang='lat' dir='ltr'><strong>in</strong></span> <span class='ocrx_word' id='word_1_93' title='bbox 728 1621 852 1686; x_wconf 88' lang='lat' dir='ltr'><strong>crimen</strong></span> <span class='ocrx_word' id='word_1_94' title='bbox 879 1618 1096 1697; x_wconf 85' lang='lat' dir='ltr'><strong>subscribere,</strong></span> <span class='ocrx_word' id='word_1_95' title='bbox 1116 1627 1153 1684; x_wconf 92' lang='lat' dir='ltr'><strong>ut</strong></span> <span class='ocrx_word' id='word_1_96' title='bbox 1167 1619 1195 1683; x_wconf 90' lang='lat' dir='ltr'><strong>si</strong></span> 
     </span>
     <span class='ocr_line' id='line_1_13' title="bbox 89 1733 1193 1823; baseline 0.003 -25"><span class='ocrx_word' id='word_1_97' title='bbox 89 1734 158 1810; x_wconf 85' lang='lat' dir='ltr'><strong>falso</strong></span> <span class='ocrx_word' id='word_1_98' title='bbox 172 1757 337 1803; x_wconf 87' lang='lat' dir='ltr'><strong>accusasse</strong></span> <span class='ocrx_word' id='word_1_99' title='bbox 355 1735 673 1823; x_wconf 88' lang='lat' dir='ltr'><strong>deprehenderetur,</strong></span> <span class='ocrx_word' id='word_1_100' title='bbox 689 1755 818 1819; x_wconf 87' lang='lat' dir='ltr'><strong>poenam</strong></span> <span class='ocrx_word' id='word_1_101' title='bbox 834 1733 1104 1800; x_wconf 85' lang='lat' dir='ltr'><strong>calumniatorum</strong></span> <span class='ocrx_word' id='word_1_102' title='bbox 1116 1735 1193 1802; x_wconf 89' lang='lat' dir='ltr'><strong>sub-</strong></span> 
     </span>
     <span class='ocr_line' id='line_1_14' title="bbox 87 1851 1189 1940; baseline 0.001 -25"><span class='ocrx_word' id='word_1_103' title='bbox 87 1851 161 1924; x_wconf 86' lang='lat' dir='ltr'><strong>iret:</strong></span> <span class='ocrx_word' id='word_1_104' title='bbox 191 1879 206 1915; x_wconf 80' lang='lat' dir='ltr'><strong>a</strong></span> <span class='ocrx_word' id='word_1_105' title='bbox 228 1855 304 1938; x_wconf 86' lang='lat' dir='ltr'><strong>Ipse</strong></span> <span class='ocrx_word' id='word_1_106' title='bbox 331 1855 387 1940; x_wconf 90' lang='lat' dir='ltr'><strong>qui</strong></span> <span class='ocrx_word' id='word_1_107' title='bbox 405 1855 527 1923; x_wconf 88' lang='lat' dir='ltr'><strong>crimen</strong></span> <span class='ocrx_word' id='word_1_108' title='bbox 543 1851 700 1927; x_wconf 88' lang='lat' dir='ltr'><strong>intendit,</strong></span> <span class='ocrx_word' id='word_1_109' title='bbox 729 1870 870 1936; x_wconf 76' lang='lat' dir='ltr'><strong>praeseus</strong></span> <span class='ocrx_word' id='word_1_110' title='bbox 897 1869 958 1936; x_wconf 89' lang='lat' dir='ltr'><strong>per</strong></span> <span class='ocrx_word' id='word_1_111' title='bbox 985 1869 1018 1915; x_wconf 91' lang='lat' dir='ltr'><strong>se</strong></span> <span class='ocrx_word' id='word_1_112' title='bbox 1034 1859 1189 1928; x_wconf 87' lang='lat' dir='ltr'><strong>accuset,</strong></span> 
     </span>
     <span class='ocr_line' id='line_1_15' title="bbox 90 1963 1196 2056; baseline 0.001 -25"><span class='ocrx_word' id='word_1_113' title='bbox 90 1969 325 2054; x_wconf 73' lang='lat' dir='ltr'><strong>«inscriptione</strong></span> <span class='ocrx_word' id='word_1_114' title='bbox 348 1968 523 2056; x_wconf 77' lang='lat' dir='ltr'><strong>praemissa.</strong></span> <span class='ocrx_word' id='word_1_115' title='bbox 551 1966 661 2055; x_wconf 86' lang='lat' dir='ltr'><strong>(Ibid,</strong></span> <span class='ocrx_word' id='word_1_116' title='bbox 688 1986 721 2031; x_wconf 92' lang='lat' dir='ltr'><strong>n.</strong></span> <span class='ocrx_word' id='word_1_117' title='bbox 746 1963 792 2052; x_wconf 83' lang='lat'><strong>5.)</strong></span> <span class='ocrx_word' id='word_1_118' title='bbox 810 1967 908 2035; x_wconf 81' lang='lat' dir='ltr'><strong>Juxta</strong></span> <span class='ocrx_word' id='word_1_119' title='bbox 928 1966 1034 2050; x_wconf 89' lang='lat' dir='ltr'><strong>legem</strong></span> <span class='ocrx_word' id='word_1_120' title='bbox 1049 1965 1196 2050; x_wconf 48' lang='lat' dir='ltr'><strong>Valenti:</strong></span> 
     </span>
     <span class='ocr_line' id='line_1_16' title="bbox 90 2083 1191 2171; baseline 0.003 -26"><span class='ocrx_word' id='word_1_121' title='bbox 90 2086 192 2150; x_wconf 80' lang='lat' dir='ltr'><strong>«maru</strong></span> <span class='ocrx_word' id='word_1_122' title='bbox 203 2093 237 2152; x_wconf 93' lang='lat' dir='ltr'><strong>et</strong></span> <span class='ocrx_word' id='word_1_123' title='bbox 247 2085 393 2152; x_wconf 83' lang='lat' dir='ltr'><strong>Valentis</strong></span> <span class='ocrx_word' id='word_1_124' title='bbox 407 2085 467 2152; x_wconf 91' lang='lat' dir='ltr'><strong>nisi</strong></span> <span class='ocrx_word' id='word_1_125' title='bbox 477 2085 685 2168; x_wconf 89' lang='lat' dir='ltr'><strong>inscriptione</strong></span> <span class='ocrx_word' id='word_1_126' title='bbox 698 2083 874 2162; x_wconf 88' lang='lat' dir='ltr'><strong>celebrata,</strong></span> <span class='ocrx_word' id='word_1_127' title='bbox 892 2102 985 2149; x_wconf 90' lang='lat' dir='ltr'><strong>reum</strong></span> <span class='ocrx_word' id='word_1_128' title='bbox 995 2102 1191 2171; x_wconf 92' lang='lat' dir='ltr'><strong>quemquam</strong></span> 
     </span>
     <span class='ocr_line' id='line_1_17' title="bbox 90 2200 1193 2291; baseline 0.003 -31"><span class='ocrx_word' id='word_1_129' title='bbox 90 2220 173 2266; x_wconf 78' lang='lat' dir='ltr'><strong>anon</strong></span> <span class='ocrx_word' id='word_1_130' title='bbox 187 2202 279 2286; x_wconf 87' lang='lat' dir='ltr'><strong>fieri;</strong></span> <span class='ocrx_word' id='word_1_131' title='bbox 297 2203 371 2291; x_wconf 92' lang='lat' dir='ltr'><strong>quia</strong></span> <span class='ocrx_word' id='word_1_132' title='bbox 385 2202 470 2275; x_wconf 86' lang='lat' dir='ltr'><strong>sicut</strong></span> <span class='ocrx_word' id='word_1_133' title='bbox 486 2201 672 2270; x_wconf 86' lang='lat' dir='ltr'><strong>convictum</strong></span> <span class='ocrx_word' id='word_1_134' title='bbox 689 2219 785 2288; x_wconf 87' lang='lat' dir='ltr'><strong>poena</strong></span> <span class='ocrx_word' id='word_1_135' title='bbox 806 2200 1008 2284; x_wconf 84' lang='lat' dir='ltr'><strong>constringit,</strong></span> <span class='ocrx_word' id='word_1_136' title='bbox 1028 2201 1073 2266; x_wconf 90' lang='lat' dir='ltr'><strong>ita</strong></span> <span class='ocrx_word' id='word_1_137' title='bbox 1093 2208 1127 2269; x_wconf 89' lang='lat' dir='ltr'><strong>et</strong></span> <span class='ocrx_word' id='word_1_138' title='bbox 1139 2220 1193 2264; x_wconf 90' lang='lat' dir='ltr'><strong>ac·</strong></span> 
     </span>
     <span class='ocr_line' id='line_1_18' title="bbox 89 2315 1192 2405; baseline -0.002 -22"><span class='ocrx_word' id='word_1_139' title='bbox 89 2342 101 2376; x_wconf 78' lang='lat' dir='ltr'><strong>a</strong></span> <span class='ocrx_word' id='word_1_140' title='bbox 114 2327 292 2386; x_wconf 88' lang='lat' dir='ltr'><strong>cusatorem</strong></span> <span class='ocrx_word' id='word_1_141' title='bbox 309 2320 336 2383; x_wconf 92' lang='lat' dir='ltr'><strong>si</strong></span> <span class='ocrx_word' id='word_1_142' title='bbox 354 2339 418 2385; x_wconf 89' lang='lat' dir='ltr'><strong>non</strong></span> <span class='ocrx_word' id='word_1_143' title='bbox 433 2318 624 2403; x_wconf 81' lang='lat' dir='ltr'><strong>probaverit</strong></span> <span class='ocrx_word' id='word_1_144' title='bbox 636 2315 726 2404; x_wconf 93' lang='lat' dir='ltr'><strong>quod</strong></span> <span class='ocrx_word' id='word_1_145' title='bbox 739 2315 871 2405; x_wconf 89' lang='lat' dir='ltr'><strong>objecit.</strong></span> <span class='ocrx_word' id='word_1_146' title='bbox 889 2317 929 2382; x_wconf 85' lang='lat' dir='ltr'><strong>Et</strong></span> <span class='ocrx_word' id='word_1_147' title='bbox 944 2316 1071 2400; x_wconf 85' lang='lat' dir='ltr'><strong>legibus</strong></span> <span class='ocrx_word' id='word_1_148' title='bbox 1078 2319 1192 2382; x_wconf 88' lang='lat' dir='ltr'><strong>cousti-</strong></span> 
     </span>
     <span class='ocr_line' id='line_1_19' title="bbox 88 2429 1191 2520; baseline 0 -19"><span class='ocrx_word' id='word_1_149' title='bbox 88 2443 218 2501; x_wconf 79' lang='lat' dir='ltr'><strong>«tutum</strong></span> <span class='ocrx_word' id='word_1_150' title='bbox 236 2444 287 2501; x_wconf 90' lang='lat' dir='ltr'><strong>est</strong></span> <span class='ocrx_word' id='word_1_151' title='bbox 305 2443 344 2501; x_wconf 90' lang='lat' dir='ltr'><strong>ut</strong></span> <span class='ocrx_word' id='word_1_152' title='bbox 356 2436 517 2520; x_wconf 88' lang='lat' dir='ltr'><strong>scriptura</strong></span> <span class='ocrx_word' id='word_1_153' title='bbox 544 2435 692 2518; x_wconf 88' lang='lat' dir='ltr'><strong>prolator</strong></span> <span class='ocrx_word' id='word_1_154' title='bbox 707 2431 860 2516; x_wconf 88' lang='lat' dir='ltr'><strong>affirmet;</strong></span> <span class='ocrx_word' id='word_1_155' title='bbox 881 2431 974 2518; x_wconf 89' lang='lat' dir='ltr'><strong>cujus</strong></span> <span class='ocrx_word' id='word_1_156' title='bbox 1003 2433 1030 2496; x_wconf 89' lang='lat' dir='ltr'><strong>si</strong></span> <span class='ocrx_word' id='word_1_157' title='bbox 1053 2451 1119 2497; x_wconf 93' lang='lat' dir='ltr'><strong>uon</strong></span> <span class='ocrx_word' id='word_1_158' title='bbox 1134 2429 1191 2502; x_wconf 88' lang='lat' dir='ltr'><strong>ad-</strong></span> 
     </span>
     <span class='ocr_line' id='line_1_20' title="bbox 88 2544 1191 2630; baseline -0.003 -15"><span class='ocrx_word' id='word_1_159' title='bbox 88 2552 264 2620; x_wconf 82' lang='lat' dir='ltr'><strong>«struxerit</strong></span> <span class='ocrx_word' id='word_1_160' title='bbox 280 2553 465 2629; x_wconf 84' lang='lat' dir='ltr'><strong>veritatem,</strong></span> <span class='ocrx_word' id='word_1_161' title='bbox 485 2559 522 2617; x_wconf 91' lang='lat' dir='ltr'><strong>ut</strong></span> <span class='ocrx_word' id='word_1_162' title='bbox 533 2549 682 2617; x_wconf 89' lang='lat' dir='ltr'><strong>falsitatis</strong></span> <span class='ocrx_word' id='word_1_163' title='bbox 701 2569 794 2614; x_wconf 91' lang='lat' dir='ltr'><strong>reum</strong></span> <span class='ocrx_word' id='word_1_164' title='bbox 815 2568 885 2615; x_wconf 89' lang='lat' dir='ltr'><strong>esse</strong></span> <span class='ocrx_word' id='word_1_165' title='bbox 900 2544 1127 2630; x_wconf 81' lang='lat' dir='ltr'><strong>retinendum3</strong></span> <span class='ocrx_word' id='word_1_166' title='bbox 1156 2555 1191 2612; x_wconf 92' lang='lat' dir='ltr'><strong>et</strong></span> 
     </span>
     <span class='ocr_line' id='line_1_21' title="bbox 88 2660 1189 2754; baseline -0.004 -24"><span class='ocrx_word' id='word_1_167' title='bbox 88 2665 250 2740; x_wconf 75' lang='lat' dir='ltr'><strong>«criminis</strong></span> <span class='ocrx_word' id='word_1_168' title='bbox 264 2665 353 2752; x_wconf 91' lang='lat' dir='ltr'><strong>quod</strong></span> <span class='ocrx_word' id='word_1_169' title='bbox 370 2665 511 2750; x_wconf 87' lang='lat' dir='ltr'><strong>probare</strong></span> <span class='ocrx_word' id='word_1_170' title='bbox 528 2665 748 2751; x_wconf 85' lang='lat' dir='ltr'><strong>nequiverunt</strong></span> <span class='ocrx_word' id='word_1_171' title='bbox 767 2664 942 2754; x_wconf 79' lang='lat' dir='ltr'><strong>delatores,</strong></span> <span class='ocrx_word' id='word_1_172' title='bbox 960 2671 998 2726; x_wconf 93' lang='lat' dir='ltr'><strong>ut</strong></span> <span class='ocrx_word' id='word_1_173' title='bbox 1012 2660 1138 2749; x_wconf 85' lang='lat' dir='ltr'><strong>perjuri</strong></span> <span class='ocrx_word' id='word_1_174' title='bbox 1152 2681 1189 2729; x_wconf 91' lang='lat' dir='ltr'><strong>ac</strong></span> 
     </span>
     <span class='ocr_line' id='line_1_22' title="bbox 87 2777 1189 2864; baseline 0.002 -22"><span class='ocrx_word' id='word_1_175' title='bbox 87 2781 259 2848; x_wconf 75' lang='lat' dir='ltr'><strong>«falsitatis</strong></span> <span class='ocrx_word' id='word_1_176' title='bbox 284 2783 333 2848; x_wconf 91' lang='lat' dir='ltr'><strong>rei</strong></span> <span class='ocrx_word' id='word_1_177' title='bbox 349 2781 525 2849; x_wconf 91' lang='lat' dir='ltr'><strong>damnandi</strong></span> <span class='ocrx_word' id='word_1_178' title='bbox 541 2788 627 2864; x_wconf 88' lang='lat' dir='ltr'><strong>sunt,</strong></span> <span class='ocrx_word' id='word_1_179' title='bbox 650 2783 733 2849; x_wconf 87' lang='lat' dir='ltr'><strong>sicut</strong></span> <span class='ocrx_word' id='word_1_180' title='bbox 748 2781 801 2853; x_wconf 76' lang='lat' dir='ltr'><strong>lex</strong></span> <span class='ocrx_word' id='word_1_181' title='bbox 816 2781 947 2849; x_wconf 88' lang='lat' dir='ltr'><strong>Houorii</strong></span> <span class='ocrx_word' id='word_1_182' title='bbox 965 2787 1000 2844; x_wconf 93' lang='lat' dir='ltr'><strong>et</strong></span> <span class='ocrx_word' id='word_1_183' title='bbox 1021 2777 1189 2846; x_wconf 85' lang='lat' dir='ltr'><strong>Theodosii</strong></span> 
     </span>
     <span class='ocr_line' id='line_1_23' title="bbox 88 2897 565 2988; baseline -0.002 -24"><span class='ocrx_word' id='word_1_184' title='bbox 88 2897 268 2976; x_wconf 69' lang='lat' dir='ltr'><strong>«decrevit.</strong></span> <span class='ocrx_word' id='word_1_185' title='bbox 295 2927 308 2958; x_wconf 76' lang='lat' dir='ltr'><strong>a</strong></span> <span class='ocrx_word' id='word_1_186' title='bbox 332 2897 442 2988; x_wconf 78' lang='lat' dir='ltr'><strong>(Ibid,</strong></span> <span class='ocrx_word' id='word_1_187' title='bbox 461 2919 494 2964; x_wconf 92' lang='lat' dir='ltr'><strong>n.</strong></span> <span class='ocrx_word' id='word_1_188' title='bbox 518 2897 565 2984; x_wconf 87' lang='lat'><strong>6.)</strong></span> 
     </span>
    </p>

    <p class='ocr_par' dir='ltr' id='par_1_3' title="bbox 83 3014 1222 4505">
     <span class='ocr_line' id='line_1_24' title="bbox 122 3014 1190 3102; baseline -0.003 -22"><span class='ocrx_word' id='word_1_189' title='bbox 122 3016 279 3083; x_wconf 77' lang='lat' dir='ltr'><strong>Ceterum</strong></span> <span class='ocrx_word' id='word_1_190' title='bbox 297 3014 428 3102; x_wconf 87' lang='lat' dir='ltr'><strong>quando</strong></span> <span class='ocrx_word' id='word_1_191' title='bbox 447 3016 660 3101; x_wconf 79' lang='lat' dir='ltr'><strong>presbytera</strong></span> <span class='ocrx_word' id='word_1_192' title='bbox 678 3015 800 3099; x_wconf 88' lang='lat' dir='ltr'><strong>populo</strong></span> <span class='ocrx_word' id='word_1_193' title='bbox 814 3014 1037 3093; x_wconf 87' lang='lat' dir='ltr'><strong>accusabatur,</strong></span> <span class='ocrx_word' id='word_1_194' title='bbox 1051 3033 1113 3078; x_wconf 89' lang='lat' dir='ltr'><strong>nec</strong></span> <span class='ocrx_word' id='word_1_195' title='bbox 1127 3014 1190 3078; x_wconf 91' lang='lat' dir='ltr'><strong>cri·</strong></span> 
     </span>
     <span class='ocr_line' id='line_1_25' title="bbox 83 3128 1188 3219; baseline -0.001 -23"><span class='ocrx_word' id='word_1_196' title='bbox 83 3151 148 3197; x_wconf 91' lang='lat' dir='ltr'><strong>men</strong></span> <span class='ocrx_word' id='word_1_197' title='bbox 160 3132 291 3216; x_wconf 90' lang='lat' dir='ltr'><strong>probari</strong></span> <span class='ocrx_word' id='word_1_198' title='bbox 303 3139 468 3217; x_wconf 87' lang='lat' dir='ltr'><strong>potuerat,</strong></span> <span class='ocrx_word' id='word_1_199' title='bbox 487 3128 529 3196; x_wconf 88' lang='lat' dir='ltr'><strong>ad</strong></span> <span class='ocrx_word' id='word_1_200' title='bbox 549 3129 801 3219; x_wconf 88' lang='lat' dir='ltr'><strong>jurejurandum</strong></span> <span class='ocrx_word' id='word_1_201' title='bbox 825 3128 1069 3198; x_wconf 88' lang='lat' dir='ltr'><strong>recurrebatur.</strong></span> <span class='ocrx_word' id='word_1_202' title='bbox 1090 3129 1188 3195; x_wconf 78' lang='lat' dir='ltr'><strong>Accu-</strong></span> 
     </span>
     <span class='ocr_line' id='line_1_26' title="bbox 83 3245 1187 3335; baseline -0.002 -23"><span class='ocrx_word' id='word_1_203' title='bbox 83 3256 161 3314; x_wconf 85' lang='lat' dir='ltr'><strong>satus</strong></span> <span class='ocrx_word' id='word_1_204' title='bbox 176 3269 292 3334; x_wconf 86' lang='lat' dir='ltr'><strong>nempe</strong></span> <span class='ocrx_word' id='word_1_205' title='bbox 304 3267 402 3332; x_wconf 91' lang='lat' dir='ltr'><strong>supra</strong></span> <span class='ocrx_word' id='word_1_206' title='bbox 418 3246 750 3335; x_wconf 88' lang='lat' dir='ltr'><strong>quatuorEvangeliis</strong></span> <span class='ocrx_word' id='word_1_207' title='bbox 770 3246 956 3332; x_wconf 86' lang='lat' dir='ltr'><strong>juramento</strong></span> <span class='ocrx_word' id='word_1_208' title='bbox 971 3266 1005 3312; x_wconf 90' lang='lat' dir='ltr'><strong>se</strong></span> <span class='ocrx_word' id='word_1_209' title='bbox 1021 3245 1187 3314; x_wconf 76' lang='lat' dir='ltr'><strong>innoxium</strong></span> 
     </span>
     <span class='ocr_line' id='line_1_27' title="bbox 84 3363 1184 3454; baseline 0 -26"><span class='ocrx_word' id='word_1_210' title='bbox 84 3363 264 3451; x_wconf 81' lang='lat' dir='ltr'><strong>affirmabat3</strong></span> <span class='ocrx_word' id='word_1_211' title='bbox 284 3374 384 3454; x_wconf 89' lang='lat' dir='ltr'><strong>prout</strong></span> <span class='ocrx_word' id='word_1_212' title='bbox 407 3373 542 3443; x_wconf 92' lang='lat' dir='ltr'><strong>constat,</strong></span> <span class='ocrx_word' id='word_1_213' title='bbox 566 3373 637 3430; x_wconf 92' lang='lat' dir='ltr'><strong>tum</strong></span> <span class='ocrx_word' id='word_1_214' title='bbox 652 3385 693 3432; x_wconf 82' lang='lat' dir='ltr'><strong>ex</strong></span> <span class='ocrx_word' id='word_1_215' title='bbox 710 3365 809 3429; x_wconf 90' lang='lat' dir='ltr'><strong>citato</strong></span> <span class='ocrx_word' id='word_1_216' title='bbox 836 3365 998 3430; x_wconf 90' lang='lat' dir='ltr'><strong>Hincmari</strong></span> <span class='ocrx_word' id='word_1_217' title='bbox 1016 3363 1184 3446; x_wconf 89' lang='lat' dir='ltr'><strong>opusculo,</strong></span> 
     </span>
     <span class='ocr_line' id='line_1_28' title="bbox 83 3478 1183 3572; baseline 0.003 -29"><span class='ocrx_word' id='word_1_218' title='bbox 83 3486 146 3546; x_wconf 89' lang='lat' dir='ltr'><strong>turn</strong></span> <span class='ocrx_word' id='word_1_219' title='bbox 160 3503 197 3548; x_wconf 83' lang='lat' dir='ltr'><strong>er</strong></span> <span class='ocrx_word' id='word_1_220' title='bbox 207 3481 350 3570; x_wconf 92' lang='lat' dir='ltr'><strong>quodam</strong></span> <span class='ocrx_word' id='word_1_221' title='bbox 366 3481 472 3546; x_wconf 87' lang='lat' dir='ltr'><strong>Caroli</strong></span> <span class='ocrx_word' id='word_1_222' title='bbox 483 3483 588 3568; x_wconf 84' lang='lat' dir='ltr'><strong>Magni</strong></span> <span class='ocrx_word' id='word_1_223' title='bbox 608 3480 779 3565; x_wconf 89' lang='lat' dir='ltr'><strong>capitulari</strong></span> <span class='ocrx_word' id='word_1_224' title='bbox 788 3481 821 3546; x_wconf 92' lang='lat' dir='ltr'><strong>in</strong></span> <span class='ocrx_word' id='word_1_225' title='bbox 830 3498 896 3572; x_wconf 90' lang='lat' dir='ltr'><strong>quo</strong></span> <span class='ocrx_word' id='word_1_226' title='bbox 906 3481 951 3545; x_wconf 91' lang='lat' dir='ltr'><strong>sic</strong></span> <span class='ocrx_word' id='word_1_227' title='bbox 970 3478 1160 3550; x_wconf 83' lang='lat' dir='ltr'><strong>decernitur</strong></span> <span class='ocrx_word' id='word_1_228' title='bbox 1177 3503 1183 3546; x_wconf 96' lang='lat'>:</span> 
     </span>
     <span class='ocr_line' id='line_1_29' title="bbox 88 3597 1188 3682; baseline -0.002 -18"><span class='ocrx_word' id='word_1_229' title='bbox 88 3620 101 3657; x_wconf 76' lang='lat' dir='ltr'><strong>a</strong></span> <span class='ocrx_word' id='word_1_230' title='bbox 115 3599 190 3666; x_wconf 93' lang='lat' dir='ltr'><strong>Ideo</strong></span> <span class='ocrx_word' id='word_1_231' title='bbox 204 3602 354 3668; x_wconf 90' lang='lat' dir='ltr'><strong>consultu</strong></span> <span class='ocrx_word' id='word_1_232' title='bbox 364 3599 455 3666; x_wconf 91' lang='lat' dir='ltr'><strong>Sedis</strong></span> <span class='ocrx_word' id='word_1_233' title='bbox 464 3599 653 3682; x_wconf 76' lang='lat' dir='ltr'><strong>apostolice</strong></span> <span class='ocrx_word' id='word_1_234' title='bbox 664 3605 698 3664; x_wconf 92' lang='lat' dir='ltr'><strong>et</strong></span> <span class='ocrx_word' id='word_1_235' title='bbox 710 3599 853 3669; x_wconf 91' lang='lat' dir='ltr'><strong>omnium</strong></span> <span class='ocrx_word' id='word_1_236' title='bbox 864 3603 1049 3665; x_wconf 89' lang='lat' dir='ltr'><strong>nostrorum</strong></span> <span class='ocrx_word' id='word_1_237' title='bbox 1060 3597 1188 3680; x_wconf 83' lang='lat' dir='ltr'><strong>Episco</strong></span> 
     </span>
     <span class='ocr_line' id='line_1_30' title="bbox 87 3713 1192 3802; baseline -0.003 -21"><span class='ocrx_word' id='word_1_238' title='bbox 87 3737 100 3772; x_wconf 74' lang='lat' dir='ltr'><strong>a</strong></span> <span class='ocrx_word' id='word_1_239' title='bbox 116 3735 282 3802; x_wconf 89' lang='lat' dir='ltr'><strong>porum...,</strong></span> <span class='ocrx_word' id='word_1_240' title='bbox 297 3718 340 3783; x_wconf 92' lang='lat' dir='ltr'><strong>de</strong></span> <span class='ocrx_word' id='word_1_241' title='bbox 351 3717 544 3802; x_wconf 76' lang='lat' dir='ltr'><strong>purgatione</strong></span> <span class='ocrx_word' id='word_1_242' title='bbox 556 3716 800 3783; x_wconf 85' lang='lat' dir='ltr'><strong>criminatorum</strong></span> <span class='ocrx_word' id='word_1_243' title='bbox 810 3713 1016 3780; x_wconf 89' lang='lat' dir='ltr'><strong>sacerdotum</strong></span> <span class='ocrx_word' id='word_1_244' title='bbox 1026 3721 1192 3798; x_wconf 60' lang='lat' dir='ltr'><strong>tantatra7</strong></span> 
     </span>
     <span class='ocr_line' id='line_1_31' title="bbox 87 3831 1189 3920; baseline 0.001 -22"><span class='ocrx_word' id='word_1_245' title='bbox 87 3838 276 3912; x_wconf 67' lang='lat' dir='ltr'><strong>temnimus,</strong></span> <span class='ocrx_word' id='word_1_246' title='bbox 296 3853 435 3920; x_wconf 90' lang='lat' dir='ltr'><strong>eamque</strong></span> <span class='ocrx_word' id='word_1_247' title='bbox 448 3853 522 3900; x_wconf 89' lang='lat' dir='ltr'><strong>cum</strong></span> <span class='ocrx_word' id='word_1_248' title='bbox 534 3832 675 3899; x_wconf 88' lang='lat' dir='ltr'><strong>testibus</strong></span> <span class='ocrx_word' id='word_1_249' title='bbox 693 3831 788 3920; x_wconf 91' lang='lat' dir='ltr'><strong>(sicut</strong></span> <span class='ocrx_word' id='word_1_250' title='bbox 800 3833 833 3897; x_wconf 93' lang='lat' dir='ltr'><strong>in</strong></span> <span class='ocrx_word' id='word_1_251' title='bbox 853 3833 1009 3898; x_wconf 91' lang='lat' dir='ltr'><strong>auteriori</strong></span> <span class='ocrx_word' id='word_1_252' title='bbox 1018 3831 1189 3918; x_wconf 88' lang='lat' dir='ltr'><strong>capitulari</strong></span> 
     </span>
     <span class='ocr_line' id='line_1_32' title="bbox 89 3949 1189 4036; baseline 0.003 -24"><span class='ocrx_word' id='word_1_253' title='bbox 89 3960 218 4018; x_wconf 84' lang='lat' dir='ltr'><strong>«nostro</strong></span> <span class='ocrx_word' id='word_1_254' title='bbox 237 3949 433 4035; x_wconf 85' lang='lat' dir='ltr'><strong>continetur)</strong></span> <span class='ocrx_word' id='word_1_255' title='bbox 455 3949 528 4015; x_wconf 90' lang='lat' dir='ltr'><strong>fieri</strong></span> <span class='ocrx_word' id='word_1_256' title='bbox 556 3949 774 4027; x_wconf 90' lang='lat' dir='ltr'><strong>decrevimus,</strong></span> <span class='ocrx_word' id='word_1_257' title='bbox 798 3951 948 4036; x_wconf 90' lang='lat' dir='ltr'><strong>quoniam</strong></span> <span class='ocrx_word' id='word_1_258' title='bbox 967 3949 1189 4016; x_wconf 87' lang='lat' dir='ltr'><strong>nesciebamus</strong></span> 
     </span>
     <span class='ocr_line' id='line_1_33' title="bbox 92 4064 1189 4152; baseline 0.002 -22"><span class='ocrx_word' id='word_1_259' title='bbox 92 4087 104 4122; x_wconf 77' lang='lat' dir='ltr'><strong>a</strong></span> <span class='ocrx_word' id='word_1_260' title='bbox 121 4067 262 4136; x_wconf 89' lang='lat' dir='ltr'><strong>eamdem</strong></span> <span class='ocrx_word' id='word_1_261' title='bbox 279 4086 407 4134; x_wconf 87' lang='lat' dir='ltr'><strong>causam</strong></span> <span class='ocrx_word' id='word_1_262' title='bbox 423 4069 551 4134; x_wconf 89' lang='lat' dir='ltr'><strong>aBeato</strong></span> <span class='ocrx_word' id='word_1_263' title='bbox 562 4068 717 4152; x_wconf 81' lang='lat' dir='ltr'><strong>Gregorio</strong></span> <span class='ocrx_word' id='word_1_264' title='bbox 732 4068 823 4151; x_wconf 87' lang='lat' dir='ltr'><strong>Papa</strong></span> <span class='ocrx_word' id='word_1_265' title='bbox 837 4086 906 4132; x_wconf 91' lang='lat' dir='ltr'><strong>esse</strong></span> <span class='ocrx_word' id='word_1_266' title='bbox 918 4064 1095 4134; x_wconf 88' lang='lat' dir='ltr'><strong>diffinitam.</strong></span> <span class='ocrx_word' id='word_1_267' title='bbox 1108 4068 1189 4133; x_wconf 90' lang='lat' dir='ltr'><strong>Nam</strong></span> 
     </span>
     <span class='ocr_line' id='line_1_34' title="bbox 92 4184 1190 4270; baseline 0.004 -25"><span class='ocrx_word' id='word_1_268' title='bbox 92 4201 188 4249; x_wconf 81' lang='lat' dir='ltr'><strong>ccum</strong></span> <span class='ocrx_word' id='word_1_269' title='bbox 201 4185 385 4252; x_wconf 85' lang='lat' dir='ltr'><strong>Wormatiae</strong></span> <span class='ocrx_word' id='word_1_270' title='bbox 401 4185 589 4270; x_wconf 90' lang='lat' dir='ltr'><strong>generalem</strong></span> <span class='ocrx_word' id='word_1_271' title='bbox 608 4192 804 4250; x_wconf 87' lang='lat' dir='ltr'><strong>conventum</strong></span> <span class='ocrx_word' id='word_1_272' title='bbox 827 4184 1063 4262; x_wconf 89' lang='lat' dir='ltr'><strong>habuissemus,</strong></span> <span class='ocrx_word' id='word_1_273' title='bbox 1091 4185 1190 4252; x_wconf 88' lang='lat' dir='ltr'><strong>allata</strong></span> 
     </span>
     <span class='ocr_line' id='line_1_35' title="bbox 93 4301 1189 4386; baseline 0.002 -24"><span class='ocrx_word' id='word_1_274' title='bbox 93 4321 105 4354; x_wconf 80' lang='lat' dir='ltr'><strong>o</strong></span> <span class='ocrx_word' id='word_1_275' title='bbox 122 4307 168 4364; x_wconf 89' lang='lat' dir='ltr'><strong>est</strong></span> <span class='ocrx_word' id='word_1_276' title='bbox 185 4303 274 4368; x_wconf 93' lang='lat' dir='ltr'><strong>nobis</strong></span> <span class='ocrx_word' id='word_1_277' title='bbox 305 4324 324 4368; x_wconf 90' lang='lat' dir='ltr'><strong>a</strong></span> <span class='ocrx_word' id='word_1_278' title='bbox 355 4302 484 4368; x_wconf 86' lang='lat' dir='ltr'><strong>Rioulfo</strong></span> <span class='ocrx_word' id='word_1_279' title='bbox 510 4302 765 4386; x_wconf 84' lang='lat' dir='ltr'><strong>bloguntiacensi</strong></span> <span class='ocrx_word' id='word_1_280' title='bbox 785 4301 1033 4386; x_wconf 88' lang='lat' dir='ltr'><strong>metropolitano</strong></span> <span class='ocrx_word' id='word_1_281' title='bbox 1053 4301 1189 4382; x_wconf 89' lang='lat' dir='ltr'><strong>epistola</strong></span> 
     </span>
     <span class='ocr_line' id='line_1_36' title="bbox 95 4402 1222 4505; baseline 0.005 -27"><span class='ocrx_word' id='word_1_282' title='bbox 95 4439 106 4470; x_wconf 74' lang='grc' dir='ltr'>ι</span> <span class='ocrx_word' id='word_1_283' title='bbox 127 4416 210 4484; x_wconf 88' lang='lat' dir='ltr'><strong>Beati</strong></span> <span class='ocrx_word' id='word_1_284' title='bbox 237 4420 388 4504; x_wconf 87' lang='lat' dir='ltr'><strong>Gregorii</strong></span> <span class='ocrx_word' id='word_1_285' title='bbox 409 4419 516 4505; x_wconf 82' lang='lat' dir='ltr'><strong>Papae,</strong></span> <span class='ocrx_word' id='word_1_286' title='bbox 541 4419 656 4504; x_wconf 91' lang='lat' dir='ltr'><strong>inqua</strong></span> <span class='ocrx_word' id='word_1_287' title='bbox 681 4419 768 4485; x_wconf 90' lang='lat' dir='ltr'><strong>inter</strong></span> <span class='ocrx_word' id='word_1_288' title='bbox 793 4424 910 4485; x_wconf 86' lang='lat' dir='ltr'><strong>caetera</strong></span> <span class='ocrx_word' id='word_1_289' title='bbox 939 4416 1189 4484; x_wconf 89' lang='lat' dir='ltr'><strong>continebantur</strong></span> <span class='ocrx_word' id='word_1_290' title='bbox 1218 4402 1222 4408; x_wconf 55' lang='grc'>’</span> 
     </span>
    </p>
   </div>
   <div class='ocr_carea' id='block_1_3' title="bbox 0 0 1462 5122">
    <p class='ocr_par' dir='ltr' id='par_1_4' title="bbox 0 0 1462 5122">
     <span class='ocr_line' id='line_1_37' title="bbox 0 0 1462 5122; baseline 0 1"><span class='ocrx_word' id='word_1_291' title='bbox 0 0 1462 5122; x_wconf 95' lang='lat' dir='ltr'><strong> </strong></span> 
     </span>
    </p>
   </div>
  </div>
 </body>
</html>
