2930 5114
527 309 608 369 raas
629 307 787 378 munna.
880 312 883 315 ·
1151 291 1213 356 587

96 444 240 522 utraque
254 440 348 520 parte
362 453 436 501 cum
450 435 594 520 patronis
605 453 662 500 seu
684 432 849 500 advocatis
864 433 942 512 suis,
965 432 1063 499 datur
1078 450 1136 499 reo
1154 449 1215 516 per
1279 417 1281 420 ⁵

95 551 405 618 advocatumsuum
422 552 491 638 (seu
514 552 730 643 perseipsum
757 547 899 633 simalit)
919 549 1027 615 adsui
1057 547 1216 615 defensio-

96 688 176 733 nem
193 666 369 752 pernrandi
385 667 533 734 facultas.

141 783 195 849 Ad
206 783 462 867 componendam
478 792 587 850 autem
600 782 760 868 ejusmodi
772 781 1005 861 defensionem,
1020 781 1109 847 nulla
1124 788 1215 848 carta

93 899 185 964 tradi
202 905 310 982 potest
323 899 446 984 regula,
469 913 578 964 cuma
599 900 758 964 varietate
782 917 953 962 causarum
963 895 1128 981 pendeat'
1142 895 1215 962 utet

93 1023 209 1100 potest
232 1018 360 1082 tautum
385 1017 582 1099 generaliter
606 1015 778 1083 defensori
797 1003 967 1080 nitendum
997 1033 1084 1092 eme,
1110 1019 1148 1078 ut
1173 1033 1214 1080 ex

94 1131 250 1198 omuibus
269 1133 303 1196 iu
321 1151 474 1215 processu
493 1132 677 1216 compertis,
694 1132 812 1214 probet
831 1131 999 1220 sequentia
1016 1137 1148 1213 puncta,
1164 1129 1212 1194 siu

95 1249 208 1314 miuus
221 1251 337 1327 omnia,
351 1250 466 1315 saltem
482 1249 598 1334 aliqua.

146 1369 179 1431 1⁰
205 1367 347 1453 Positive
372 1373 498 1432 constat
516 1373 714 1450 protensum
743 1363 901 1436 delictum
921 1384 940 1433 a
964 1363 1091 1431 nemine
1114 1361 1214 1430 fuisse

96 1481 316 1551 commissum.
345 1483 378 1546 2⁰
398 1482 529 1548 Etiamsi
549 1481 636 1546 forte
652 1481 859 1548 commissum
882 1481 935 1559 sit,
954 1479 990 1545 id
1007 1488 1117 1546 tamen
1130 1477 1216 1546 suffia

97 1601 226 1668 cientes
244 1617 308 1668 non
328 1598 497 1685 probatur.
514 1603 548 1666 3⁰
568 1599 674 1666 Gratis
688 1597 826 1670 admisso
835 1595 922 1683 quod
935 1595 1131 1662 sufficienter
1141 1613 1215 1680 -prc

97 1717 200 1784 betur
218 1715 373 1782 delictum
387 1725 552 1800 patratum
571 1717 682 1794 fuisse,
706 1716 844 1800 positive
867 1720 993 1780 coastat
1014 1711 1085 1800 ejus
1102 1721 1215 1781 aucta·

98 1852 170 1900 rem
189 1852 254 1898 non
276 1851 347 1899 esse
374 1832 539 1900 dominum
564 1836 617 1924 N„
647 1853 740 1900 reum
773 1838 982 1917 praeteusum.
1016 1831 1050 1896 4⁰
1083 1830 1216 1902 Etiamsi

99 1949 238 2033 positive
253 1967 318 2015 nou
342 1948 540 2033 probaretur
560 1951 720 2018 insontem
733 1966 802 2015 csse
816 1946 984 2016 dominum
997 1948 1052 2022 tt,
1074 1953 1216 2032 praten-

98 2087 172 2135 sum
198 2086 310 2146 reum,
335 2075 464 2135 certum
490 2075 600 2134 tamen
624 2074 772 2132 remanet
803 2066 924 2132 nullam
948 2063 1089 2133 existere
1111 2063 1216 2151 legitis

99 2201 185 2248 mam
199 2189 233 2248 et
245 2181 457 2252 sufficientem
470 2183 696 2268 probationem
712 2181 753 2249 de
769 2181 903 2248 crimine
918 2178 959 2246 ab
974 2180 1045 2266 ipso
1059 2185 1189 2264 patrato
1202 2199 1217 2264 ᾗ

98 2305 172 2362 tum
190 2296 265 2382 quia
289 2305 359 2363 acta
377 2297 592 2381 processuolia
612 2303 687 2361 suut
707 2297 837 2363 omniuo
858 2295 948 2361 nulla
965 2301 1060 2362 :tum
1078 2294 1153 2379 qnia
1167 2293 1217 2360 in-

99 2412 185 2478 dicia
210 2432 274 2478 uon
298 2413 434 2480 inerunt
460 2412 622 2496 probata:
653 2419 723 2478 tum
746 2413 821 2497 quta
847 2418 948 2477 testes
972 2419 1086 2478 cantra
1109 2411 1218 2494 ipsum

98 2527 253 2613 producti
269 2528 425 2598 inhabiles
440 2536 526 2606 sunt,
542 2529 596 2593 vel
612 2527 672 2592 sibi
691 2528 845 2594 contrarii
865 2534 899 2591 et
920 2525 1000 2591 nihil
1021 2524 1217 2594 concludens.

98 2653 161 2712 tes.
179 2645 347 2711 5⁰Etiamsi
359 2643 592 2711 concludenter
607 2621 805 2729 probaretur
819 2665 836 2708 a
849 2641 979 2708 domiuo
993 2645 1046 2721 tt,
1062 2662 1120 2709 reo
1135 2661 1219 2726 prte-

97 2770 205 2840 tenso,
225 2762 436 2830 materialiter
447 2767 610 2846 patratum
629 2761 729 2826 fuisse
743 2759 913 2844 delictum,
930 2777 995 2825 uon
1013 2768 1123 2826 tomen
1141 2779 1216 2845 pro-

97 2880 198 2946 batur
217 2898 292 2944 eum
308 2899 382 2944 cum
401 2877 679 2962 praemeditatioue
696 2885 731 2943 et
746 2873 867 2942 malitia
881 2877 995 2960 egisse.

144 2974 288 3064 Probata
318 3017 396 3082 ergo
418 2998 524 3082 aliquo
542 3002 599 3061 aut
624 2995 785 3080 aliquibus
813 3015 854 3060 ex
875 2993 1045 3077 praemissis
1073 2994 1212 3084 punctis,

98 3113 275 3181 concludat
286 3112 439 3180 defensor
453 3114 604 3179 clientem
616 3131 711 3177 suum
725 3127 795 3178 esse
807 3111 848 3177 ab
864 3111 1092 3176 obseruatione
1103 3109 1217 3194 judicii

98 3228 348 3296 absolvendum.

145 3348 263 3411 Postea
285 3345 323 3411 fit
349 3345 472 3431 pariter
494 3346 676 3431 promotori
697 3346 799 3410 fiscali
822 3345 886 3432 (vel
902 3345 1083 3412 accusatori
1105 3345 1132 3409 si
1156 3363 1216 3429 per

99 3465 185 3528 viam
211 3461 424 3529 accusationis
448 3460 657 3545 procedatur)
676 3463 830 3537 facultas,
859 3469 895 3526 ut
923 3480 984 3544 per
1009 3481 1054 3538 se,
1077 3461 1132 3529 vel
1155 3479 1216 3544 per

100 3579 299 3647 advocatum
313 3598 408 3648 suum
424 3597 484 3662 pro
503 3579 630 3645 intento
642 3598 701 3645 suo
713 3585 857 3664 peroret.

144 3698 225 3764 Tum
239 3693 431 3768 conceditur
446 3693 614 3761 defensori
635 3693 705 3772 Rei,
721 3702 758 3761 ut
779 3691 928 3778 replicet,
947 3689 1046 3769 idest,
1068 3688 1111 3760 ad
1128 3689 1218 3764 dicta

97 3832 160 3898 pro
180 3818 274 3898 parte
295 3810 366 3878 fisci
390 3811 456 3899 (vel
478 3809 684 3896 accusatoris)
699 3808 909 3896 respoudeat.
925 3808 966 3877 Et
981 3806 1056 3876 huic
1076 3806 1218 3880 ucissim

96 3939 137 3998 ut
158 3931 297 4014 replicet
316 3928 359 4002 ad
382 3933 540 4014 replicem·
557 3931 656 4022 etsie
679 3929 834 4010 deinceps
848 3943 951 4012 usque
978 3922 1020 4000 ed
1041 3942 1216 3999 numerum

96 4047 296 4132 replicatum
321 4065 381 4132 per
405 4047 526 4133 stylum
553 4047 650 4114 curiae
677 4063 923 4126 concessarum;
956 4042 1001 4109 ita
1025 4048 1150 4120 tamen,
1177 4047 1216 4112 ut

96 4164 214 4232 ultimo
226 4165 300 4230 loco
318 4180 448 4246 semper
464 4161 616 4228 audiatur
631 4161 786 4228 defensor
801 4157 872 4224 Rei.
