2848 5118
503 351 585 402 mm
606 347 768 402 seeum.
1126 329 1188 396 171

92 477 307 557 pereum·
331 472 537 559 meterem,
553 473 642 561 qnod
657 473 810 542 taeritab
830 480 945 544 sotere
960 469 1131 558 spolient,
1147 477 1184 538 et

93 597 248 675 prepterea
266 595 405 674 petatse
421 590 512 673 prius
531 590 566 655 ia
583 592 746 674 integrum
772 589 912 665 restitui,
938 605 1038 674 qaam
1057 599 1193 669 retpaa·

93 703 159 772 dere
169 714 314 788 cepatm.
329 707 365 770 ⁴⁰
376 706 500 792 Aliqum
513 707 692 789 respiciunt
702 710 835 770 merset
846 713 960 788 temple
966 699 1193 788 jndicinqucd

93 820 227 888 videlieet
240 822 335 886 locas
350 840 416 885 aen
434 823 476 886 sit
490 830 604 897 tutus,
622 820 710 906 qaod
724 829 855 904 tempus
873 820 915 884 sit
933 819 1105 894 feriatum,
1124 825 1194 884 ter·

92 939 179 1004 minas
189 938 283 1002 nimis
300 944 554 1020 augusteuetc.
575 941 608 1002 5⁰
619 939 740 1023 illique
754 937 1064 1022 respieinatoeeseua
1076 940 1192 1018 ipram,-

92 1051 169 1118 rerbi
191 1053 313 1136 gratia,
342 1051 433 1136 qued
456 1052 587 1118 libellus
608 1052 650 1116 sit
673 1053 804 1134 ineptus
825 1051 877 1117 vel
901 1049 1075 1126 obscurus,
1100 1047 1192 1134 qued

90 1167 150 1250 plus
158 1174 299 1251 petatur,
326 1166 416 1252 qaod
431 1168 602 1234 solutionis
620 1165 691 1232 dies
703 1165 846 1233 academ
860 1165 1045 1233 advenerit.
1062 1165 1098 1230 6⁰
1113 1164 1192 1232 Post

92 1291 289 1350 contestatam
308 1283 404 1348 litem
424 1290 530 1365 potest
549 1281 646 1346 ctiam
666 1300 745 1346 reus
763 1283 916 1365 excipere
938 1289 1044 1344 metm
1065 1287 1190 1344 tetes

90 1407 170 1480 parte
182 1397 322 1464 adversa
337 1397 542 1481 productos:

124 1513 269 1594 Quanto
291 1516 337 1578 3³.
356 1549 401 1562 --
413 1515 695 1595 Qnemedeccjnre
708 1515 892 1592 exceptionis
905 1515 1048 1592 sequentur
1067 1515 1122 1592 jes
1144 1525 1191 1572 ro·

87 1629 269 1710 plicatione?
286 1663 333 1676 --
349 1626 526 1710 Replienlio
549 1633 601 1692 est
623 1625 825 1708 exceptionis
847 1625 953 1699 elisio,
980 1643 1046 1710 qen
1073 1639 1191 1708 nempe

89 1749 169 1808 aeter
187 1763 281 1810 reem
300 1743 517 1826 excipientem
528 1742 675 1825 repellit.
697 1740 822 1806 Dicitur
839 1749 950 1807 autem
965 1739 1027 1805 laoc
1047 1739 1188 1816 nomiae,

89 1875 124 1922 ex
138 1877 176 1925 co
192 1856 282 1944 qued
300 1857 354 1942 jus
375 1879 395 1924 e
420 1877 479 1924 nee
505 1877 567 1940 per
584 1857 809 1940 exceptionem
828 1873 936 1922 coram
953 1854 1064 1939 judice
1087 1853 1193 1922 relati

87 1977 242 2051 inlutum,
264 1973 306 2040 ab
320 1979 436 2040 cetere
459 1977 592 2056 plectar
613 1992 673 2038 sea
691 1972 893 2047 revelentur,
925 1977 1026 2056 atque
1043 1968 1192 2038 itaefficax

89 2088 247 2154 reddatur.
277 2090 416 2174 AEquum
443 2097 553 2154 nutem
582 2096 672 2164 erat,
699 2095 737 2152 at
757 2088 844 2152 sieut
877 2105 935 2154 ree
965 2086 1192 2154 conceduntur

89 2206 294 2289 exceptiones,
312 2205 357 2272 ita
371 2213 406 2270 ct
417 2206 523 2272 ueteri
535 2205 762 2289 replicationes
774 2204 1014 2272 tribuerentur.
1032 2204 1129 2288 Qued
1138 2203 1192 2292 jas

88 2323 305 2406 exceptionum
319 2329 354 2388 ct
371 2322 631 2404 replicationum,
647 2322 748 2387 etiam
763 2321 797 2386 in
822 2320 896 2386 ioan
908 2321 1127 2386 ccclmiastire
1142 2320 1190 2386 ai·

89 2435 257 2513 eereeutra
268 2434 525 2502 conueversiani
535 2441 596 2500 est.

125 2549 216 2630 Quod
240 2552 267 2617 si
290 2569 369 2618 reas
396 2553 588 2634 replicationi
607 2551 648 2618 nb
676 2559 789 2618 actore
808 2551 977 2636 prodactae
993 2548 1192 2635 respoudeat

89 2685 213 2753 meaque
234 2669 391 2752 repellet,
407 2667 481 2734 ficri
500 2671 667 2750 duplicatio
682 2667 830 2738 enter:
851 2670 879 2734 si
899 2668 1037 2734 vicissim
1052 2671 1191 2750 enpltre-

91 2790 158 2848 ticet
170 2783 367 2870 respondent
389 2792 492 2864 aeter,
506 2785 545 2850 tlt
561 2789 742 2867 triplicatio·
758 2794 794 2853 et
816 2787 863 2852 sic
878 2784 1043 2869 deinceps,
1056 2787 1192 2867 quemn

86 2901 212 2980 plicatio,
228 2903 473 2984 quincuplicato,
492 2908 548 2966 etc.
575 2901 622 2968 lle
652 2905 763 2968 autern
782 2902 817 2967 in
835 2900 992 2988 namnet
1017 2899 1192 2983 reciprocis

91 3015 336 3098 oppositionibus
361 3013 595 3082 ultramodum
623 3015 871 3101 procederetap,
901 3017 1016 3084 statuit
1035 3014 1193 3112 'liastimo-

91 3145 177 3196 aeam
188 3129 240 3216 jus
271 3130 468 3216 (catenatim
486 3135 640 3210 lacones,
659 3150 689 3196 e.
708 3131 916 3216 decantetis),
933 3126 1190 3214 utpcaesjudi·

93 3259 159 3312 eem
171 3253 257 3312 esset
277 3246 317 3312 iis
333 3246 510 3312 terminum
523 3245 704 3328 imponere.
719 3246 798 3327 Qun
815 3245 992 3330 dispositio,
1006 3264 1079 3313 eum
1092 3243 1192 3313 saetis

94 3361 258 3430 canentes
276 3379 342 3428 neo
357 3360 587 3439 contrarietur,
605 3361 768 3428 censenda
780 3370 830 3428 ast
848 3370 883 3429 et
895 3363 931 3428 in
945 3362 1018 3430 fore
1036 3360 1189 3432 censam

90 3475 161 3548 stiae.
176 3479 301 3560 rigere.
316 3479 365 3544 Ex
375 3477 462 3562 style
473 3479 672 3561 insuperscu
688 3477 922 3546 consuetudine
937 3477 1190 3563 uuiuscujusque

91 3593 175 3662 caric
190 3595 418 3662 ecclesiastice
434 3593 602 3680 prohiberi
620 3595 714 3672 solet,
734 3615 774 3662 ae
791 3600 967 3680 triplicatio,
981 3595 1036 3664 rel
1051 3593 1094 3664 ad
1108 3612 1193 3663 sam·

90 3723 167 3776 aaut
179 3713 422 3792 qnodrnplicetio
437 3709 628 3778 excedatur.
1181 3711 1184 3726 ¹

125 3823 272 3905 enmono
293 3827 339 3892 4².
358 3859 404 3874 -··
420 3829 549 3906 Quotaee
561 3833 671 3910 epponi
688 3831 814 3894 decenni
823 3836 1008 3912 correptiones
1019 3831 1194 3897 dilemme?

88 3971 126 3986 -·-
141 3939 335 4024 Respondee
353 3940 548 4024 regulariter
567 3960 638 4008 esse
661 3942 891 4027 proponendas
912 3945 1021 4022 initio,
1037 3963 1096 4012 sea
1117 3951 1193 4012 nete

87 4051 145 4120 litis
157 4058 441 4124 contestationem.
458 4058 563 4142 Atque
581 4055 617 4124 id
632 4065 747 4128 tenent
771 4061 986 4128 communiter
1001 4061 1190 4141 cnaeumte,

88 4167 298 4238 etdedueunt
325 4187 366 4238 ex
388 4172 496 4255 capite
516 4174 602 4236 Inter
615 4181 827 4240 impatientem
848 4176 914 4261 (te,
931 4180 969 4242 dc
991 4180 1192 4244 sntnttact

88 4285 244 4370 repen),
260 4305 322 4352 aec
335 4304 400 4353 noa
413 4305 454 4352 ex
466 4285 539 4370 lege
546 4286 754 4354 ultimatituli
767 4292 804 4354 dc
811 4293 1042 4374 exceptionem
1052 4291 1085 4364 ia
1096 4290 1196 4360 lesus

90 4396 194 4468 cinaeo
206 4401 334 4469 codice.
350 4401 445 4468 uiuo
457 4409 509 4468 esi
524 4403 601 4492 quie
615 4421 655 4472 ea
667 4405 880 4493 reppererim
894 4412 1191 4498 presteeatettetatu
