2878 5114
261 369 326 434 472
594 383 781 432 meratus
804 385 847 432 ou
862 385 1008 433 runicus.

264 511 481 594 «integrum,
501 508 590 593 apud
613 528 753 575 romanae
778 511 873 575 curiae
893 507 1021 595 judices
1044 512 1078 574 iu
1102 531 1191 576 more
1215 513 1348 594 positum,

265 647 282 688 u
296 646 362 692 non
373 625 470 692 modo
480 645 544 692 non
558 627 729 692 immutare
743 625 952 704 intendimus,
973 646 1087 692 verum
1108 629 1204 692 etiam
1220 627 1352 711 approba

264 745 381 808 «tione
400 749 508 809 nostra
523 742 654 826 singulis
674 741 717 806 ad
735 761 816 827 qnos
831 743 976 826 pertinet
1000 763 1196 828 magnopere
1214 761 1353 808 commen·

265 857 421 934 «datum,
439 858 480 923 ab
496 859 571 942 ipsis
583 859 616 921 in
632 867 799 940 posterum
818 858 984 924 observari
1002 859 1353 944 volumusaojubemus3

265 998 281 1036 u
297 974 360 1038 boc
374 981 483 1038 tamen
498 971 621 1049 addito,
634 981 672 1039 ut
688 975 721 1039 in
738 975 1023 1053 commissionibus,
1039 995 1110 1060 quae
1127 973 1304 1058 diriguntur
1316 993 1357 1038 su-

266 1111 282 1150 u
300 1090 483 1173 perioribus
499 1090 700 1172 regularibus
714 1096 748 1155 et
765 1090 942 1156 Ordinariis
954 1092 1112 1169 locorum,
1129 1111 1190 1175 pro
1207 1091 1357 1156 conficien-

266 1229 282 1267 ι(
297 1205 347 1270 dis
362 1207 576 1289 processibus,
594 1205 708 1271 iisdem
724 1207 785 1271 sub
804 1226 899 1291 poena
914 1208 1071 1273 nullitatis
1086 1214 1221 1272 actuum
1236 1206 1357 1291 injunga-

266 1343 282 1384 α
301 1332 367 1401 tur,
394 1329 431 1387 ut
458 1324 491 1388 in
517 1324 668 1389 omnibus
701 1323 881 1406 procedere
907 1323 1051 1389 debeant
1082 1344 1158 1390 cnm
1192 1327 1358 1389 interventu

267 1461 282 1500 u
300 1438 484 1504 defensoris
497 1439 722 1523 professionis;
738 1439 780 1504 ad
795 1459 891 1524 quern
908 1441 1059 1505 nimirum
1085 1441 1263 1523 pertinebit
1277 1441 1357 1503 inter·

267 1558 459 1640 erogatoris
490 1556 584 1634 dere,
613 1555 707 1641 juxta
736 1575 806 1641 quar
846 1557 1021 1623 examinari
1058 1556 1230 1624 debebunt
1252 1563 1358 1630 testes,

267 1673 425 1756 «aliaque
449 1672 491 1737 ad
511 1671 648 1738 officium
680 1673 740 1737 sibi
765 1649 951 1756 impositum
984 1673 1184 1757 pertinentia
1208 1672 1359 1756 dibgentis

268 1791 374 1854 «sime
384 1795 551 1872 praestare.
573 1790 656 1854 Item
666 1789 833 1868 uolumus,
851 1798 888 1854 ut
909 1791 941 1853 in
957 1791 1025 1872 ipsa
1049 1789 1268 1872 propositione
1286 1786 1359 1852 dubii

270 1932 282 1964 u
302 1924 402 1988 super
411 1905 617 1970 concessione
636 1905 851 1970 restitutionis
862 1905 895 1968 in
913 1906 1089 1988 integrum,
1105 1913 1174 1969 tarn
1190 1901 1359 1988 inpraefatis

268 2042 285 2083 u
302 2019 522 2085 Cardinalium
533 2020 842 2103 congregationibus
855 2019 985 2086 Consilii
996 2019 1177 2084 Tridentini
1191 2021 1359 2101 interpreta-

269 2138 392 2216 utioni,
410 2145 444 2202 et
463 2139 695 2222 llpiscopornm
717 2144 751 2202 et
771 2123 969 2219 regularium
993 2135 1280 2202 consultationibus
1296 2151 1360 2216 pra

270 2254 422 2338 opositis,
439 2271 535 2337 qnam
549 2254 581 2316 in
595 2251 762 2318 Auditorio
780 2253 880 2329 Rotae,
904 2254 1008 2316 autin
1028 2269 1233 2336 quacumque
1249 2267 1360 2332 congre·

270 2369 427 2452 «gatione
447 2368 686 2452 particulariter
703 2369 811 2433 forsan
833 2366 1001 2450 deputata,
1028 2367 1089 2432 sub
1108 2368 1202 2432 simili
1226 2363 1360 2431 nullitntis

270 2507 287 2547 u
302 2504 408 2569 poena,
428 2483 583 2551 defensor
597 2484 814 2568 professionis,
834 2484 875 2549 ab
891 2502 929 2548 eo
946 2486 1002 2569 qni
1015 2485 1188 2549 tribunalis
1204 2491 1294 2569 caput
1309 2487 1356 2554 est,

271 2624 288 2664 u
301 2601 489 2685 deputatus,
510 2603 660 2684 expensis
677 2619 790 2666 eorum
815 2598 857 2664 de
880 2601 997 2687 quibus
1017 2620 1125 2684 supra,
1144 2618 1270 2684 semper
1289 2606 1319 2662 et
1337 2597 1361 2659 iu

273 2717 458 2782 «omnibus
476 2715 602 2782 actibus
624 2713 797 2800 injudicio
815 2722 901 2780 stare
921 2715 1040 2782 debeat
1059 2738 1065 2781 :
1087 2735 1195 2800 neque
1223 2715 1317 2782 solnm
1337 2713 1361 2775 in

274 2856 290 2895 u
306 2834 409 2915 prima
420 2831 603 2917 hujusmodi
619 2831 710 2896 dubii
721 2830 953 2914 propositione,
973 2831 1146 2898 sedetiam
1167 2834 1200 2897 in
1219 2828 1362 2897 ulteriori·

274 2949 375 3027 «bus,
401 2955 562 3034 quatenus
582 2949 759 3013 reclamans
776 2949 808 3011 in
833 2948 936 3030 prima
959 2947 1113 3033 rejectus,
1135 2947 1178 3014 nd
1202 2963 1363 3014 novamen·

274 3088 290 3128 u
308 3065 463 3132 dientiam
493 3063 695 3131 admittatur.
725 3066 874 3150 Denique
901 3073 938 3130 ut
966 3084 1026 3150 pro
1054 3065 1199 3131 fruendo
1226 3059 1362 3130 beneficio

274 3206 291 3245 u
306 3183 520 3249 restitutionis
533 3185 566 3247 in
580 3183 760 3266 integrum,
781 3183 874 3248 unica
893 3181 1078 3248 favorabilis
1094 3181 1249 3247 resolutio
1263 3195 1362 3262 nequa-

275 3320 398 3386 «quam
422 3299 565 3376 sufficiat,
588 3300 649 3363 nisi
672 3318 711 3364 ea
731 3318 791 3382 per
813 3296 988 3364 secundam
1018 3298 1241 3376 conformem,
1266 3297 1361 3360 iterato

276 3440 293 3478 u
311 3433 413 3481 causa
430 3417 588 3493 examine,
607 3413 784 3500 auditoque
809 3434 937 3499 semper
963 3414 1139 3480 defensore
1166 3410 1359 3498 professionis,

276 3555 294 3594 u
308 3531 497 3597 confirmata
519 3531 639 3614 fuerit3
654 3531 930 3615 quemadmodum
963 3534 996 3595 in
1025 3531 1127 3597 altera
1157 3527 1361 3597 constitutione

278 3672 294 3710 u
314 3655 435 3725 nostra,
456 3645 498 3713 de
512 3650 616 3712 causis
629 3667 728 3731 super
743 3648 891 3713 nullitate
903 3647 1099 3713 matrimonii
1119 3647 1361 3713 constituimus.»
1418 3643 1419 3651 ’

276 3765 379 3850 (Bulla
387 3769 423 3830 Si
437 3763 567 3848 datam.)

317 3883 366 3946 Ex
386 3881 445 3946 hac
468 3886 576 3946 autern
602 3881 769 3946 clarissimi
790 3880 955 3972 Pontificis
982 3881 1192 3965 dispositione
1225 3882 1315 3965 patet,
1339 3873 1362 3935 in

274 3997 419 4082 qualibet
433 4017 466 4062 na
472 4017 528 4063 usa
542 3997 698 4062 nullitatis
713 3997 932 4082 professionis,
953 4003 1024 4081 post
1042 3998 1294 4083 quinquennium
1307 4007 1362 4076 prr

273 4115 388 4198 posita,
405 4113 569 4199 duplicem
592 4120 626 4179 et
646 4116 774 4180 omnino
798 4115 933 4180 similem
956 4133 1143 4197 processum
1167 4133 1236 4180 esse
1264 4109 1362 4178 iacien-

275 4225 354 4294 dum
369 4251 375 4295 :
392 4231 544 4313 priorem,
560 4248 621 4313 pro
637 4231 793 4298 solvendo
813 4230 912 4299 dnbio
923 4253 964 4296 oo
980 4236 1165 4297 concedendo
1179 4239 1220 4297 stt
1235 4231 1362 4296 restitutio

216 4431 219 4438 Ι
276 4351 308 4406 tn
324 4349 494 4426 integrum·
509 4345 733 4428 posteriorem,
750 4348 791 4414 ad
807 4347 1083 4432 pronuntiandum
1096 4348 1139 4415 de
1154 4349 1294 4415 nullitate
1309 4344 1361 4425 ipsa

262 4460 329 4526 -rcl
344 4459 509 4524 validitate
526 4462 742 4544 professionis.
761 4465 798 4528 In
818 4466 919 4546 priori
937 4473 1046 4532 nutem
1062 4484 1226 4548 processu,
1247 4479 1310 4528 cum
1323 4461 1360 4518 iol
