2914 5122
524 355 604 404 raas
627 355 785 404 sacuam.
870 377 877 388 ·
1149 342 1209 406 153

116 499 232 550 emmer
248 481 380 556 testium
391 479 436 567 (et
450 482 548 550 etiam
556 481 846 550 instrumentorum
867 481 894 546 si
908 477 1115 566 habeantur),
1131 499 1214 568 nom¹

115 595 289 688 dumlcitato
302 615 364 664 nec
378 599 557 664 coiret-itata
568 617 628 664 reo
640 620 648 681 ς
662 605 761 683 atque
773 598 807 664 in
819 597 906 662 bunc
917 597 1087 664 dumtaxat
1097 597 1214 682 finem„

113 713 142 786 at
157 704 313 772 discernat
334 703 447 790 judea,
472 725 548 770 num
574 703 717 790 legitime
733 705 832 788 possit
854 721 949 770 reum
969 705 1083 782 citare,
1101 713 1136 772 et
1151 725 1211 792 per

110 821 276 902 citationem
291 839 399 886 coram
418 819 574 886 tribunali
586 839 645 885 sao
664 820 875 886 constitutum
899 819 1096 888 examinaro.
1125 822 1210 888 Dici-

111 915 260 1001 teretium
278 955 449 1020 processus
466 936 703 1012 informamus,
725 955 782 1002 seu
799 955 972 1020 processus
987 956 1047 1022 pro
1060 927 1210 1005 informa·

111 1053 301 1131 baucoarias,
320 1053 389 1120 sivc
404 1054 501 1118 ettam
510 1053 682 1118 instructio
698 1053 939 1136 praparatorta.

138 1169 195 1234 'Est
209 1176 317 1234 autem
332 1169 550 1234 ecclesiastico
559 1167 658 1253 judIei
674 1169 821 1254 apprime
837 1168 1048 1248 noscendum,
1068 1169 1211 1256 quoodo·

112 1300 170 1346 nam
183 1281 290 1364 possit,
309 1289 345 1348 ct
360 1281 563 1366 quandonam
583 1289 737 1347 teneatur
751 1279 909 1366 ejusmodi
932 1285 1138 1350 summariam
1160 1284 1208 1350 in-

110 1396 317 1464 formationem
340 1398 553 1482 praemittcre.
585 1397 669 1464 Item
700 1397 816 1464 sedulo
842 1397 1021 1484 distinguat
1045 1393 1208 1484 duplicem

109 1515 271 1582 summaria
303 1515 539 1580 informationis
564 1517 703 1598 speciem
721 1537 728 1580 ε
743 1515 806 1580 alia
829 1515 913 1580 enim
939 1521 1079 1600 estque
1099 1516 1138 1582 fit
1164 1516 1208 1583 ad

107 1630 345 1714 dignoscendum
370 1638 482 1697 utrum
508 1639 635 1698 constet
653 1631 695 1698 de
720 1632 804 1698 fama
826 1632 974 1716 publica;
998 1639 1032 1698 et
1053 1633 1112 1698 alia
1134 1651 1206 1718 quae

107 1747 138 1812 fit
157 1746 195 1812 ad
216 1746 471 1832 dignoscendum
494 1769 533 1814 an
562 1749 680 1814 existat
709 1757 823 1815 contra
855 1768 948 1815 reum
972 1751 1087 1816 saltem
1115 1751 1208 1816 semi-

106 1864 187 1948 plena
201 1865 361 1950 probatio.
386 1865 529 1932 Alteram
545 1865 731 1932 vocabimus
752 1865 1009 1932 informationem
1035 1866 1077 1932 de
1096 1865 1204 1950 fama3

106 1979 224 2064 alteram
240 1999 322 2046 vero
336 1981 597 2047 informationem
617 1979 659 2046 de
681 1980 871 2066 semi-plena
884 1980 1086 2064 probatione.

616 2235 676 2308 51.

188 2458 219 2505 be
234 2455 398 2506 informatione
407 2459 542 2516 summaria,
558 2455 651 2520 qnando
665 2454 799 2518 proceditur
813 2469 854 2518 per
867 2457 1021 2506 accusationis
1033 2458 1102 2506 riam.
1206 2509 1209 2516 ,

138 2688 171 2752 ln
185 2687 243 2754 boc
257 2705 335 2754 casu
346 2685 450 2772 jadex
461 2706 527 2754 non
541 2695 675 2753 tenetur
686 2689 782 2755 ullam
793 2685 1052 2754 informationem
1066 2703 1205 2752 summa·

91 2802 170 2868 ‚riam
185 2773 385 2887 promittere
400 2825 408 2887 ;
423 2804 488 2870 imo
504 2822 610 2888 neque
626 2811 735 2888 potest
748 2805 808 2870 nisi
824 2803 1004 2872 consentiat
1020 2781 1200 2868 accusator.

101 2915 237 3002 Sequitur
253 2939 294 2984 ex
315 2925 406 2984 certa
422 2924 456 2983 et
475 2919 671 2984 unanimiter
685 2918 804 3004 injure
821 2917 974 2984 canonico
988 2921 1121 3002 recepta
1145 2893 1206 2981 dol

102 3033 202 3110 cirita,
219 3055 283 3101 naa
297 3035 405 3100 teneri
420 3041 640 3100 accusatorem
655 3033 697 3100 ad
716 3032 945 3118 producendos
959 3039 1061 3100 testes
1081 3009 1202 3100 aliasve

101 3150 309 3231 probationes,
326 3152 386 3216 nisi
400 3157 473 3235 post
492 3158 705 3218 contestatam
721 3153 822 3217 litem.
837 3152 869 3216 Si
883 3169 962 3236 ergo
980 3151 1061 3217 nolit
1073 3145 1204 3218 accusa-⁶

102 3271 263 3346 foriestos,
275 3273 371 3334 antea
384 3267 561 3346 nominare,
582 3288 647 3333 aon
664 3269 785 3354 poterit
797 3267 900 3354 judex
914 3269 1034 3354 praevio
1048 3287 1202 3352 processu

101 3385 338 3450 emeraminare
368 3386 435 3450 Nec
454 3386 585 3462 mirum,
609 3405 683 3450 cum
705 3386 896 3464 accusatori,
915 3406 956 3452 ex
970 3387 1041 3469 ipso
1058 3363 1203 3470 porrecti

100 3495 189 3566 libelli
215 3501 313 3579 facto,
342 3520 438 3585 poena
461 3502 728 3568 calumniatorum
754 3501 929 3580 inmineat,
957 3502 984 3566 si
1008 3521 1049 3568 ex
1082 3481 1202 3568 malitia

99 3611 169 3682 falso
182 3636 347 3688 accusasse
363 3617 643 3702 deprehendatur.
715 3670 720 3680 ,

612 3872 700 3947 ill.

97 4083 125 4133 lie
136 4088 290 4140 informatione
300 4093 437 4154 sarcinaria,
446 4094 538 4155 quando
551 4094 685 4156 proceditur
700 4110 727 4145 er
741 4110 805 4145 merc
820 4098 894 4146 oficio
904 4112 946 4160 per
958 4100 1116 4163 inquisitionis
1125 4102 1198 4150 riam.

139 4321 165 4384 l.
183 4323 269 4387 Tunc
280 4341 346 4388 non
356 4328 491 4388 tenetur
496 4323 599 4409 judex
607 4325 867 4394 informationem
877 4326 1049 4414 juridicam
1059 4328 1102 4398 de
1114 4331 1199 4398 fama

98 4435 296 4512 promittere.
318 4439 399 4504 Nam
415 4459 530 4506 verum
549 4439 683 4526 quidem
697 4450 747 4508 est
763 4462 826 4508 non
841 4444 943 4510 licere
964 4443 1066 4530 judici
1090 4447 1124 4512 in
1135 4447 1197 4517 boc
