2836 5118
222 329 285 396 290
488 361 493 368 ·
563 347 750 399 morsrus
772 350 817 396 nn
839 349 986 400 tumens.

222 469 343 555 «quod
358 470 490 556 publice
510 469 567 550 fit,
585 479 620 538 et
635 474 753 558 sepius
773 474 924 552 iteratur,
942 481 1139 542 nontamen
1160 478 1321 560 condure3

222 594 291 652 «ut
307 604 381 656 cum
398 584 500 652 verba
517 586 705 675 blasphema
720 590 775 656 vel
791 590 1024 659 contumeliosa
1043 591 1159 674 septus
1175 593 1328 658 iterantur

224 701 429 788 «publice.n

269 845 282 877 a
298 821 330 883 l.
349 819 397 883 Ex
412 817 461 882 bis
475 818 569 886 facile
587 819 750 904 colligitur
765 819 845 905 quid
862 822 904 886 sit
918 821 1082 886 notorium
1096 822 1130 886 in
1144 841 1281 906 genere,
1298 833 1328 889 et

223 934 333 1021 «quid
347 936 512 1001 occultum
529 936 699 1006 delictum.
717 944 876 1006 Notarium
890 938 924 1002 in
939 955 1058 1020 genere
1080 936 1163 1003 illud
1180 937 1328 1004 delictum

223 1050 386 1129 «dicitur,
403 1049 493 1135 quod
517 1052 571 1118 vel
592 1054 626 1118 in
645 1053 736 1139 jure,
753 1055 807 1120 vel
828 1074 871 1120 ex
892 1054 980 1120 facto
1003 1072 1062 1119 sno
1075 1055 1121 1119 ita
1138 1062 1266 1120 certum
1280 1055 1329 1120 ba·

224 1166 363 1244 «betur,
382 1168 521 1233 utnulla
535 1170 674 1252 amplius
688 1168 884 1236 discussione
902 1176 1014 1254 egeat,
1033 1187 1141 1254 neque
1158 1170 1226 1234 ulla
1240 1171 1330 1254 tergi·

223 1282 438 1347 «versatione
468 1283 569 1349 celari
591 1285 702 1367 possit.
729 1288 883 1350 Occultum
906 1302 987 1350 vcro
1011 1285 1044 1350 in
1066 1303 1187 1368 genere
1218 1284 1332 1352 dicitur

224 1396 342 1465 «illud.
358 1397 447 1484 quod
462 1419 526 1465 non
547 1400 593 1466 ita
613 1408 741 1468 certum
756 1408 817 1466 est.
839 1425 855 1464 a
875 1401 1194 1487 (Scbmalzgrueber‚
1213 1403 1248 1468 in
1261 1402 1332 1468 titu-

225 1513 324 1578 «lum
341 1515 370 1589 1,
387 1512 463 1578 libri
481 1517 499 1578 5
515 1513 742 1594 decretalium,
759 1536 793 1580 n.
813 1519 843 1594 l,
860 1524 895 1582 et
910 1513 993 1600 seq.)

269 1631 299 1692 5.
321 1633 475 1712 Requirito
496 1637 531 1694 ut
547 1633 670 1714 aliquod
688 1634 828 1696 delictum
847 1635 909 1696 elici
921 1637 1020 1714 possit
1038 1639 1189 1698 uetulum
1212 1640 1334 1696 actone-

223 1753 285 1808 tute
302 1749 387 1827 socii.
402 1783 447 1794 -
464 1769 479 1807 u
495 1747 569 1813 Tria
581 1748 797 1814 communiter
814 1748 1047 1832 requiruntur:
1065 1754 1185 1830 primo,
1212 1751 1337 1830 quenl-itm

225 1864 325 1942 «loci,
342 1870 379 1927 ut
396 1862 521 1928 scilicet
541 1863 583 1928 sit
598 1863 721 1929 factum
741 1865 775 1928 in
789 1864 863 1928 loco
883 1863 1025 1948 publico.
1045 1864 1125 1931 llinc
1147 1863 1237 1949 quod
1258 1883 1338 1930 conr·

225 1977 457 2044 «missumest
469 1979 504 2046 in
518 1976 614 2044 domo
634 1980 777 2062 privata,
793 1987 850 2045 aut
866 1979 988 2057 villula,
1009 1978 1063 2045 uel
1079 1980 1178 2044 etiam
1192 1980 1228 2045 in
1244 1999 1339 2064 parra

226 2093 424 2178 «parocbia,
446 2095 479 2159 in
497 2095 620 2182 quibus
638 2115 703 2162 non
725 2095 937 2180 reperiuntur
961 2094 1077 2161 decem
1102 2095 1260 2176 homines,
1281 2117 1339 2164 uon

228 2203 368 2292 «potest
380 2207 445 2275 dici
460 2210 643 2294 notorium;
659 2211 735 2296 quia
749 2210 850 2276 debet
863 2229 933 2277 esse
948 2208 1150 2278 multitudini
1162 2213 1337 2288 notorium,

227 2333 296 2390 aut
322 2326 486 2395 notorium
512 2325 578 2392 dici
606 2327 706 2410 possit
727 2326 845 2412 (capite
870 2325 978 2404 finali,
1005 2327 1340 2390 denominetur

228 2439 332 2527 mula).
675 2519 677 2524 ,

272 2563 447 2640 «Secundo,
470 2558 650 2646 requiritur
667 2562 799 2648 qrulitos
822 2564 988 2644 temporis:
1005 2566 1040 2624 et
1055 2565 1234 2644 propterea
1247 2559 1276 2623 si
1289 2557 1340 2624 de-

228 2675 374 2742 «lictum
385 2675 554 2742 diceretur
565 2676 768 2742 commissum
779 2673 821 2740 de
833 2681 941 2752 nocte,
954 2673 1149 2758 regulariter
1159 2693 1225 2740 non
1237 2681 1341 2760 posset

228 2789 329 2863 adici
346 2793 509 2856 notorium
537 2813 543 2856 :
573 2791 729 2874 intellige,
757 2789 818 2856 nisi
842 2788 965 2855 delicto
990 2788 1032 2854 de
1057 2795 1153 2854 nocte
1179 2792 1342 2856 commissa

230 2913 352 2972 «tantu
368 2905 532 2973 bominum
549 2905 725 2972 multitudo
750 2905 853 2974 fuerit
876 2923 1032 2988 praeseus,
1050 2912 1087 2969 ut
1102 2905 1144 2970 ab
1161 2904 1212 2970 his
1234 2907 1343 2972 notitia

231 3043 248 3083 a
262 3020 334 3106 ejus
345 3020 388 3086 ad
398 3039 492 3087 aures
504 3020 635 3106 majoris
648 3020 749 3103 partis
762 3018 803 3085 de
817 3021 1048 3086 communitate
1062 3021 1247 3106 perveniat.
1261 3024 1343 3088 Tunc
1415 3045 1416 3060 2

231 3137 350 3202 «enim
372 3138 526 3218 temporis
549 3143 703 3220 respectu
729 3135 847 3202 notorii
873 3132 1022 3200 habenda
1046 3154 1111 3200 non
1136 3135 1227 3201 iuret
1252 3138 1340 3213 ratio,

232 3252 383 3336 «quippe
395 3250 484 3338 quod
495 3249 571 3317 ideo
581 3252 685 3318 solum
701 3251 931 3316 notorietatem
947 3247 1097 3333 impedit,
1111 3252 1186 3336 quia
1198 3249 1242 3318 de
1254 3258 1343 3319 nocte

232 3385 330 3432 anon
352 3367 434 3432 solet
450 3385 519 3432 esse
543 3373 653 3432 tantus
671 3365 784 3450 populi
804 3364 965 3430 affluentis
984 3383 1172 3445 concursus,
1190 3375 1343 3452 quantum

234 3481 441 3546 «notorietas
459 3480 538 3546 iacti
557 3482 670 3566 exigit.

278 3619 295 3657 a
311 3601 422 3678 Tertio,
444 3597 622 3682 requiritur
642 3599 829 3660 adstantium
854 3596 1016 3660 multitudo
1034 3615 1044 3658 :
1064 3600 1144 3680 quot
1162 3603 1275 3662 autem
1292 3595 1343 3660 ho

232 3714 386 3780 «minum
413 3713 545 3778 scientia
568 3713 755 3798 requiratur
779 3710 823 3777 ad
845 3710 1030 3779 faciendum
1060 3712 1225 3780 notorium
1246 3711 1340 3798 juris,

152 3877 154 3882 .
235 3829 462 3912 «interpretes
492 3849 557 3896 non
581 3828 746 3894 modicum
772 3827 910 3895 variant.
945 3829 1025 3893 Nam
1050 3828 1150 3914 aliqui
1175 3828 1345 3914 requirunt

234 3945 412 4010 «notitiam
429 3944 529 4028 totius
548 3944 683 4023 viciniae,
704 3945 759 4010 alii
776 3941 907 4029 majoris
924 3943 1037 4026 partis,
1059 3943 1113 4008 alii
1130 3945 1248 4022 trium,
1270 3963 1344 4010 non·

235 4083 252 4124 u
265 4061 346 4126 nulli
360 4058 476 4127 decem
490 4060 669 4128 hominum.
689 4087 704 4118 a
723 4058 930 4126 communior
945 4058 1107 4126 sententia
1121 4057 1157 4125 id
1172 4058 1344 4144 reponitis

233 4176 369 4244 arbitrio
382 4174 515 4262 judicis:
535 4206 548 4232 «
565 4175 646 4258 (laria
661 4175 720 4240 ubi
734 4172 855 4259 aliquid
870 4191 935 4240 non
952 4182 1003 4238 est
1014 4171 1119 4260 ajuro
1135 4182 1284 4243 taxatum
1297 4171 1344 4238 rel

236 4291 453 4370 «definitum,
471 4299 624 4361 censetur
638 4291 722 4358 illud
744 4309 814 4356 esse
831 4290 1037 4358 commissum
1052 4290 1186 4360 arbitrio
1203 4289 1340 4376 judicis:

237 4409 378 4494 «in-quo
394 4408 527 4476 arbitrio
540 4428 581 4476 ne
597 4413 685 4476 errat
699 4405 820 4492 judex.
839 4405 1047 4472 considerare
1062 4404 1196 4474 debebit
1210 4406 1343 4472 οἰοοιιοο
