2878 5114
519 399 598 445 runs
620 398 779 446 sncunnn.
1136 383 1193 447 dtl

88 526 306 610 juramentum
327 526 368 591 ab
385 535 525 612 utroque
539 526 685 611 conjuge,
709 545 783 591 cum
802 532 926 608 septima
949 545 1056 608 rnann·
1075 525 1110 593 id
1129 538 1197 608 est,

88 659 157 705 cum
189 649 316 724 septem
342 642 406 706 sais
430 641 674 724 consanguineis
696 648 753 706 aut
774 639 1027 727 (consanguineis
1049 639 1201 708 deficien-

88 755 184 840 tibus)
201 756 339 822 totidem
355 757 466 822 vicinis
483 780 490 822 :
508 765 541 822 et
557 756 712 842 conjuges
728 756 858 841 quidem
875 755 1043 841 jurabunt,
1062 777 1096 823 se
1113 761 1200 826 coire

87 891 149 937 non
164 889 272 955 posse;
289 873 342 937 alii
354 891 443 949 vero,
459 891 492 938 se
506 872 642 938 credere
654 873 759 937 dictos
772 871 924 956 conjuges
937 871 1061 957 jurasse
1074 894 1200 942 verum.

87 986 205 1052 Peritis
226 1007 305 1072 ergo
329 1007 370 1053 ex
393 989 593 1072 inspectione
617 987 836 1073 judicantibus
861 993 1066 1052 verisimiliter
1089 987 1203 1057 adesse

86 1106 331 1188 impotentiam,
350 1113 384 1169 et
403 1105 675 1170 concordantibus
690 1103 883 1188 juramentis
909 1103 1082 1189 conjugum
1102 1115 1137 1172 et
1155 1127 1204 1172 sc-

86 1223 196 1304 ptimae
225 1241 357 1300 manus,
388 1223 581 1288 solationem
609 1223 803 1287 matrimonii
830 1221 1054 1304 pronuntiabit
1078 1222 1202 1307 jadex,

86 1347 187 1420 prout
202 1340 235 1402 in
251 1359 325 1403 casu
341 1340 506 1422 signorum
526 1347 685 1403 certarnen.
705 1340 737 1403 Si
753 1358 831 1404 vcro
847 1337 1034 1404 discordent
1050 1339 1205 1424 praedicta

84 1456 281 1533 testimonia,
297 1465 371 1540 aget
380 1455 480 1541 judex
492 1461 590 1540 prout
604 1459 636 1520 in
651 1475 737 1534 casa,
754 1476 818 1540 quc
831 1459 922 1519 naon
935 1455 1104 1524 dumtaxat
1116 1459 1205 1544 signa

86 1573 224 1637 obtenta
243 1581 328 1638 sunt.

128 1689 284 1769 QuAEsulo
298 1693 340 1753 5¹.
363 1726 392 1734 -
407 1693 489 1770 (laid
501 1693 597 1771 facere
609 1692 712 1752 debent
719 1692 820 1772 jntlen
830 1692 1053 1770 ecclesiasticus,
1069 1696 1097 1754 si
1112 1699 1208 1756 truns-

84 1813 152 1868 orto
177 1808 322 1868 triennali
336 1811 549 1887 coperimento,
566 1809 697 1869 nondum
713 1815 879 1887 appareant
893 1827 945 1868 nec
966 1809 1142 1889 simpliciter
1155 1829 1208 1872 nee

84 1925 245 1983 mornl‘ter
267 1929 347 1983 certo
371 1927 553 2002 impotentia
577 1926 688 2001 stpno?
703 1959 747 1968 -—
766 1925 794 1985 1.
814 1923 844 1984 Si
863 1921 1104 1988 matrimonium
1127 1945 1207 1990 vere

85 2045 345 2102 consummatum
366 2046 464 2120 neget
488 2040 549 2115 vir,
576 2036 715 2102 affirmet
743 2057 823 2103 vero
848 2038 997 2116 foemina,
1021 2037 1102 2106 fides
1125 2039 1209 2107 affir-

85 2154 192 2218 manti
217 2152 377 2229 habenda,
401 2162 435 2218 et
455 2156 615 2231 sententia
634 2174 694 2237 pro
718 2156 913 2218 matrimonii
938 2157 1049 2222 valore
1071 2157 1208 2224 ferenda

85 2278 147 2335 est.
163 2264 257 2334 Ratio
270 2275 329 2344 est,
345 2271 420 2352 quia
432 2271 464 2333 in
476 2270 547 2351 pari
559 2289 652 2334 causa
664 2269 772 2352 potior
784 2277 833 2334 est
846 2269 989 2336 conditio
1001 2271 1204 2354 possidentis,

84 2406 147 2452 nec
173 2385 381 2469 presumitur
405 2384 493 2469 quod
520 2385 650 2450 foemina
675 2386 746 2450 viro
769 2385 940 2469 impotenti
965 2387 1150 2454 cohabitare
1175 2398 1209 2455 et

84 2502 211 2567 sterilis
229 2519 388 2584 apparere
401 2500 501 2566 'velit

130 2625 166 2685 2.
181 2619 213 2682 st
224 2625 337 2685 contra
349 2618 480 2683 foernina
492 2624 589 2702 neget
600 2627 859 2683 consummatum
871 2638 941 2684 esse
954 2620 1204 2702 matrimonium,

85 2741 138 2803 vir
153 2745 265 2802 autern
279 2735 426 2814 affirmet,
444 2733 527 2801 fides
548 2735 697 2800 habenda
713 2742 761 2801 est
776 2738 846 2801 viro
862 2737 938 2824 (nisi
957 2744 1068 2803 tamen
1089 2741 1208 2805 medici

84 2855 287 2920 affirmarent
313 2861 437 2919 certam
454 2853 679 2936 impotentiam
707 2853 786 2932 viri,
814 2853 868 2918 vel
892 2861 1045 2918 matronae
1072 2876 1206 2922 uxorem
1250 2937 1256 2956 Ι

84 2991 159 3037 esse
172 2969 279 3034 adhuc
290 2969 460 3052 virginem3
474 2970 548 3053 quia
559 2969 922 3052 tuncpronuntiandum
935 2977 1020 3034 esset
1033 2989 1092 3054 pro
1105 2993 1207 3038 uxore

85 3093 204 3153 contra
221 3083 351 3168 virum).

131 3207 166 3269 3.
187 3203 219 3266 Si
241 3201 347 3266 adhuc
367 3209 440 3284 post
464 3201 659 3266 triennalem
680 3203 913 3285 experientiam
934 3211 1073 3289 uterque
1091 3205 1208 3290 conjnx

84 3319 314 3404 impotentiam
328 3317 517 3382 alterutrius
534 3315 680 3396 affirmet,
699 3315 741 3382 ad
755 3317 932 3384 tollendam
946 3321 1128 3387 collusionis
1143 3344 1209 3388 sus·

85 3439 266 3520 piciouem,
289 3434 390 3500 debet
407 3431 509 3518 judex
533 3435 580 3499 eis
598 3433 730 3499 deferre
752 3432 972 3519 juramentum
988 3439 1207 3519 praestandum

86 3567 165 3614 cum
185 3552 313 3628 septima
336 3567 446 3626 mann,
465 3545 579 3623 idest,
600 3565 674 3611 cum
689 3546 820 3629 'septem
839 3549 1082 3632 consanguineis
1097 3550 1160 3614 viri
1175 3559 1209 3616 et

85 3663 229 3730 totidem
247 3663 390 3726 mulieris
408 3663 472 3749 (vel
493 3660 632 3727 totidem
651 3662 773 3739 vicinis,
797 3663 822 3726 si
836 3663 1066 3746 consanguinei
1082 3661 1205 3743 desint,

85 3783 141 3846 vel
163 3779 370 3864 paucioribus
390 3779 417 3842 si
436 3786 485 3844 tot
505 3777 618 3843 haberi
640 3775 834 3861 nequeant).
857 3777 938 3842 (ium
959 3797 1036 3862 ergo
1055 3779 1209 3864 conjuges

83 3895 272 3978 juraverint
291 3893 404 3958 adesse
421 3893 666 3975 impotentiam,
692 3901 726 3957 et
747 3891 895 3976 predicti
917 3895 1146 3978 consanguinei
1162 3898 1209 3960 vi-

87 4013 195 4076 ciniae
220 4017 276 4074 aut
299 4009 441 4074 honestae
466 4028 613 4092 personae
635 4008 828 4093 juraverint,
846 4005 1030 4074 secredere
1055 4009 1208 4096 conjuges

87 4128 266 4195 affirmasse
285 4145 415 4204 verum,
436 4123 538 4209 judex
554 4127 682 4190 irritum
697 4125 936 4190 matrimonium
955 4127 1155 4208 pronuntiet,
1174 4139 1208 4196 et

88 4247 137 4310 ilii
151 4245 209 4330 qni
225 4249 405 4326 potensest
419 4240 461 4307 ad
474 4243 551 4306 alins
564 4243 694 4325 nuptias
709 4243 845 4306 transire
862 4243 1041 4324 permittat.

137 4361 290 4443 Quorsum
305 4363 350 4424 θ’.
370 4395 415 4407 —-
445 4361 471 4422 A
499 4379 555 4439 qno
586 4366 714 4439 tempore
736 4361 965 4439 compntandum
996 4364 1036 4421 slt
1063 4363 1211 4426 triennale

90 4481 352 4562 empertmennan?
365 4513 410 4524 -
427 4477 483 4540 Est
499 4477 659 4540 sententia
674 4476 851 4540 communis
870 4475 1122 4558 computandum
1139 4499 1208 4549 esse
