2848 5118
32 4331 33 4336 ¹
54 4313 59 4330 t

35 4591 37 4626 ι

36 4673 38 4731 i

37 4733 39 4778 i

38 4849 40 4884 ι

468 407 546 456 rana
569 368 727 458 saciant.
1094 392 1154 460 ttt

61 551 184 613 processo
198 533 317 611 ootloott
327 533 342 592 t
351 564 396 576 --
412 530 684 613 Distinguendum
698 531 785 600 inter
799 531 1037 612 consonabiles
1050 537 1085 596 et
1101 531 1160 596 ori-

63 646 190 713 ninales.
251 695 262 712 „

99 763 123 828 Ι.
143 759 247 842 Qoobd
261 781 366 824 causas
380 765 494 839 civiles,
507 761 575 826 haee
590 761 808 828 adoetoribus
821 762 908 833 tradi
918 763 1039 832 solent:
1056 765 1088 828 1⁰
1102 759 1160 831 de-

63 877 111 945 bet
118 875 216 962 judex
227 879 422 944 sententiam
436 876 525 944 ferre
541 897 603 962 pro
615 879 670 944 illa
679 885 782 962 parte,
796 897 866 962 quae
877 878 930 963 jus
945 898 1038 944 suum
1049 877 1162 962 proba-

65 995 103 1060 vit
118 993 294 1062 rationibus
304 997 574 1076 potentorum.
585 993 688 1078 quue
709 995 840 1060 omnino
861 1001 953 1060 extra
974 1001 1163 1060 controver-

65 1110 131 1174 siam
147 1117 207 1188 est,
227 1129 299 1175 eum
315 1113 495 1193 oppositam
516 1111 709 1178 sententiam
723 1127 876 1192 expresse
898 1109 1164 1179 condemnaverit

65 1225 261 1290 Innocentius
278 1227 334 1303 XI,
358 1223 412 1290 die
426 1227 453 1290 2
474 1225 582 1290 martii
603 1227 699 1292 1679.
720 1227 771 1290 De
791 1245 855 1309 quo
882 1225 978 1290 iaoile
1001 1225 1083 1293 ratio
1108 1243 1165 1308 po·

65 1347 125 1406 tet:
140 1343 220 1408 itam
236 1370 250 1396 ι
268 1341 331 1406 boo
347 1341 447 1424 exigit
462 1347 562 1422 priona
586 1347 704 1406 natura
718 1339 867 1425 justitim;
881 1359 952 1425 qnae
976 1344 1078 1406 instar
1097 1340 1166 1426 lanf

71 1454 138 1518 «eis
166 1453 569 1538 eoinelinat‚nbin1ajus
590 1463 640 1520 est
661 1453 789 1538 pondus
816 1456 977 1520 rationum
1002 1461 1037 1520 et
1051 1455 1167 1523 merita

72 1596 83 1620 ι
98 1587 206 1636 rause.
221 1573 367 1648 Somado,
379 1567 516 1634 offidum
525 1560 662 1652 judieis'3
680 1589 755 1634 nam
763 1567 864 1653 juder
874 1570 1082 1637 constituitur
1094 1586 1168 1634 oum

72 1700 258 1764 «expressa,
276 1682 332 1748 vel
348 1683 463 1747 saltem
477 1683 576 1746 taeita
590 1681 784 1764 obligatione
803 1681 1033 1764 pronuntiandi
1053 1697 1169 1752 seeun-

74 1795 172 1861 -dum
191 1796 314 1880 majora
333 1797 449 1862 merita
470 1815 584 1862 causae.
610 1801 727 1876 Tertio,
751 1795 941 1862 rationabile
969 1795 1168 1868 desiderium
1237 1837 1239 1843 -

73 1930 201 1984 «eorum
216 1913 272 1994 qui
284 1909 405 1994 judicis
419 1911 593 1993 implorant
606 1910 779 1993 auxilium
796 1911 848 1974 oni
864 1907 1100 1976 rationabiliter
1112 1911 1172 1976 ira·

74 2006 250 2104 iaceretur,
273 2045 412 2110 eumque
432 2027 594 2111 injustitia
615 2027 831 2110 redargueret
850 2027 887 2103 ia,
905 2025 1169 2109 quindenam,

74 2143 296 2224 «quantumvis
311 2142 497 2208 melioribus
511 2141 732 2208 fundamentis
747 2143 882 2220 nitatur,
897 2140 1117 2218 condemnari,
1135 2147 1171 2206 et

75 2273 219 2322 «oausam
235 2254 416 2339 adjudicari
435 2255 634 2333 adversario,
657 2257 762 2322 minus
779 2255 957 2339 probabilia
973 2254 1133 2323 afferenti.
1153 2285 1168 2317 a

73 2368 370 2453 [nmuzgmebea
387 2371 485 2448 iniit.
504 2357 680 2449 ea'ttbrir
700 2370 839 2448 decret..
857 2391 889 2437 n.
909 2368 978 2454 28.)

109 2488 140 2549 2⁰
153 2487 184 2552 Si
198 2463 350 2571 utrinque
380 2494 447 2552 stet
470 2489 593 2568 aquatis
615 2489 823 2568 promittitur,
848 2495 1006 2569 putarunt
1021 2486 1173 2570 nonnulli

72 2595 208 2669 dootorea
219 2619 320 2682 penes
329 2599 472 2684 jndicem
484 2608 582 2677 stare,
595 2606 632 2665 ut
644 2618 703 2684 pro
718 2600 853 2668 arbitrio
867 2598 1057 2684 pronuntiet
1074 2600 1110 2665 in
1123 2599 1172 2667 ia-

75 2729 172 2780 vorem
191 2714 289 2800 hnjus
302 2715 356 2786 vel
371 2715 507 2784 alterius
521 2717 633 2798 partis.
652 2715 718 2780 Sed
734 2718 850 2782 merito
873 2716 981 2797 opinio
996 2715 1065 2783 haee
1085 2733 1172 2780 oom-

73 2830 187 2896 nunias
198 2829 363 2914 rejioitnr;
384 2839 418 2896 et
436 2850 496 2914 pro
509 2834 615 2912 reputa
633 2834 767 2912 quoae
785 2833 819 2902 in
837 2829 899 2896 hoo
911 2849 987 2898 oasu
1002 2831 1167 2908 statuitur,

74 2940 207 3024 ntjndex
224 2944 393 3013 afferenda
412 2946 573 3012 sententia
588 2945 766 3028 abstineam
781 2923 950 3012 suadendo
964 2963 1081 3028 nempe
1098 2963 1171 3028 par·

75 3055 150 3125 tibus
163 3066 199 3124 nt
219 3062 254 3126 in
275 3062 557 3143 compromissam,
580 3061 634 3126 vel
647 3062 896 3127 transactionem
913 3062 1129 3136 consentinam
1146 3063 1171 3125 si

76 3187 144 3237 uero
156 3174 215 3240 boe
229 3176 340 3242 faeere
352 3185 462 3260 partes
471 3177 646 3254 noluerbrt
665 3196 796 3244 eausam
809 3176 851 3242 ad
867 3177 1017 3258 superius
1029 3176 1172 3244 tribunal

79 3286 249 3358 inferendo.
271 3290 368 3371 Quod
381 3291 456 3357 ‘vide
476 3291 640 3356 firmatum
656 3290 743 3375 apud
757 3289 1045 3374 Sohmalzgrueber
1061 3291 1171 3376 (citato

78 3394 146 3480 leno,
162 3422 194 3480 p.
211 3402 279 3488 29).
297 3406 443 3472 Diximus
460 3425 521 3490 pro
539 3410 644 3488 requio
654 3410 787 3488 pennoti
802 3427 812 3468 :
829 3425 903 3474 nam
922 3406 963 3472 ab
980 3405 1040 3474 bae
1058 3407 1171 3489 regula

81 3509 297 3596 decedendum
311 3528 361 3588 est
373 3521 564 3606 (fatentibus
575 3520 747 3604 omnibns),
761 3527 873 3602 pomo,
888 3521 921 3585 in
938 3540 1015 3589 casn
1027 3539 1092 3605 qno
1106 3521 1170 3588 liti·

82 3633 206 3709 gantiam
219 3635 305 3699 alter
319 3642 368 3700 est
386 3636 420 3698 in
438 3638 651 3719 possessione;
668 3637 742 3721 qnia
762 3636 796 3698 in
813 3635 873 3700 hac
891 3635 1089 3718 possessione
1113 3633 1171 3703 de·

81 3738 248 3818 tondendas
263 3755 324 3827 est,
343 3748 447 3817 donee
467 3749 510 3816 de
530 3749 674 3822 adversa
693 3752 795 3832 partis
811 3749 886 3833 jure
909 3756 1045 3825 constet,
1072 3758 1172 3831 prout

83 3862 217 3937 anteitur
236 3865 345 3946 eapite
364 3869 415 3933 Ex
437 3867 548 3930 titteris
567 3862 927 3952 temereternere),
946 3865 1106 3954 etregnla
1121 3864 1174 3950 ju·

84 3970 119 4036 ris
127 3977 167 4040 tt-
181 3979 224 4063 iin
237 3977 355 4062 sexto),
367 3979 424 4044 nbi
436 3977 555 4046 dicitur
565 3987 598 4046 in
606 3989 679 4064 port
693 4002 782 4048 eausa
791 3988 939 4062 potiorem
950 4001 1011 4046 esse
1024 3985 1174 4046 omeditio·

85 4097 333 4174 temporationes·
344 4098 485 4173 sacrando,¹
494 4096 527 4160 in
539 4097 642 4162 nausis
650 4095 894 4174 favorabilibus,
906 4102 1005 4179 prout
1014 4096 1175 4162 matrimo-
1266 4179 1269 4184 Ι

86 4199 133 4279 iffi,
148 4203 236 4286 dotis,
247 4215 312 4288 eto.
334 4208 443 4288 Debet
460 4228 577 4292 nempe
588 4208 691 4294 judex
707 4211 930 4294 pronuntiare,
949 4209 1044 4277 verbi
1058 4211 1172 4293 gratia,

88 4311 260 4400 hieronem
271 4323 342 4408 ejas
356 4323 412 4406 qui
430 4324 624 4392 matrimonii
643 4323 785 4393 notorem
804 4326 954 4402 sustinet,
972 4325 1118 4410 quamvis
1132 4326 1178 4392 al·

90 4433 148 4496 tera
160 4453 229 4522 pars
238 4439 421 4504 nullitatem
434 4440 631 4517 matrimonii
646 4425 737 4523 apae
755 4439 967 4523 probabiliter
977 4441 1176 4522 probaverit.
