2930 5114
466 393 470 402 ·
556 387 635 436 unns
658 385 816 437 sueonos.
1175 375 1239 440 569

107 513 284 582 audiendo
306 515 418 600 eisque
433 511 709 596 respondendnm.
728 515 769 579 Et
788 521 911 582 statuto
934 513 987 582 die
1009 504 1238 600 leguntur'seo

108 631 180 696 haec
191 633 351 718 capitula,
366 638 399 696 et
417 629 458 695 de
471 647 665 716 unoquoque
677 631 856 716 interrogat
871 651 947 698 eum
963 631 1066 718 judex
1078 651 1118 697 nn
1133 631 1237 698 fatea-

106 753 177 824 tur,
195 767 242 812 en
263 724 342 813 vero
360 754 474 831 neget;
494 754 528 811 et
543 745 614 830 ejus
631 764 784 830 response
796 748 829 812 in
846 749 926 814 netis
940 747 1183 814 deseribuntur.
1196 748 1238 816 Et

107 871 230 948 postea
246 864 287 930 fit
302 864 479 948 publicatio
491 882 674 949 processus.
1159 951 1161 956 Ι

154 982 293 1048 Poterit
310 979 468 1048 autemid
483 1000 578 1049 omne
598 980 710 1066 peregi
720 979 815 1067 juxta
830 990 1022 1068 sequentem
1037 981 1210 1048 formulam
1226 1004 1234 1050 :

157 1101 352 1179 «Absolute,
378 1106 413 1162 ui
434 1119 537 1180 supra,
564 1103 789 1178 Beleianum,
814 1097 993 1163 reuerendus
1016 1104 1072 1179 N„
1101 1104 1239 1164 Vieurius

106 1219 280 1297 peueralis,
308 1221 476 1298 essipnuuil
498 1220 619 1281 domino
643 1220 698 1295 N„
724 1221 890 1298 promoturi
912 1215 1023 1297 fiscali,
1036 1237 1095 1298 pro
1111 1221 1238 1280 termino

107 1333 353 1396 exhibendorum
376 1336 587 1416 capitulorum,
605 1336 685 1397 dieue
707 1335 825 1396 salluii
844 1338 1021 1415 prusinum
1041 1353 1052 1396 :
1069 1339 1163 1415 ,ulprre
1184 1336 1238 1397 do·

110 1455 235 1513 minum
252 1453 291 1514 N.
306 1471 389 1514 reum
407 1433 515 1515 eiiooil
533 1453 575 1515 ud
590 1454 820 1534 rumperendum
835 1452 889 1514 loe
905 1456 972 1534 ipso
989 1453 1071 1515 dieto
1083 1453 1144 1530 elie,
1163 1451 1251 1517 loru·

109 1585 215 1647 nono,
238 1569 281 1631 ed
306 1569 459 1631 audiendo
488 1567 556 1646 fisci
580 1571 725 1650 capitulo,
741 1574 771 1632 ei
787 1570 905 1631 dandos
929 1573 1143 1650 responsiones.
1163 1569 1239 1636 Ario

110 1689 186 1746 sunl
212 1684 277 1746 lutee
298 1686 405 1760 die...,
431 1689 598 1763 mensis...,
620 1688 755 1749 unni...
774 1719 819 1732 -
838 1687 902 1764 Epo
923 1687 977 1763 N„
998 1688 1135 1747 Vioorn'us
1151 1701 1238 1764 pene·

111 1799 204 1862 ruiis.
225 1801 350 1880 —Epo
366 1802 423 1879 N„
442 1804 612 1866 actuarius.
1031 1807 1034 1812 '

160 1918 397 1996 «comparente
417 1920 450 1978 in
473 1919 560 1976 eurio
577 1917 740 1997 episcopali
761 1917 881 1980 domiuo
898 1919 938 1980 N.
955 1934 1016 1994 reo,
1038 1918 1134 1997 jussit
1154 1933 1238 1978 reue·

111 2033 231 2094 rendus
249 2035 305 2111 N„
329 2037 468 2096 Vieurius
488 2035 651 2113 penernlis
670 2035 766 2096 eidem
781 2052 831 2096 reo
847 2035 907 2115 lepi
929 2035 1063 2115 eupilule
1078 2041 1239 2115 properie

111 2147 183 2224 lisei
194 2150 345 2229 exhibite,
362 2169 427 2230 quoe
438 2156 508 2212 suni
532 2155 816 2232 reperissemus,
832 2153 972 2214 videlieet
983 2171 994 2212 :
1010 2149 1119 2215 Fiscus
1133 2150 1234 2233 ponit,

112 2271 147 2330 et
166 2270 332 2350 quatenus
355 2271 503 2350 negatur,
526 2265 665 2349 probare
684 2265 826 2332 intendit
857 2269 930 2343 l...,
954 2268 1237 2342 2...,eto.1unr-

112 2389 243 2461 repulus
267 2389 369 2453 eutem*
388 2388 407 2444 u
429 2385 535 2444 ludiee
561 2401 628 2444 reus
653 2387 814 2444 suecessioe
840 2385 939 2463 quood
966 2384 1106 2462 simule,
1136 2386 1237 2446 omniu

113 2503 241 2577 uepuoil
256 2495 322 2584 (vel
337 2503 459 2580 nepooil
474 2503 574 2560 omnin
584 2503 700 2579 preeler
714 2500 733 2561 5
749 2504 778 2560 el
795 2493 839 2581 7).
1329 2569 1333 2577 ,

161 2633 179 2673 u
202 2616 317 2694 Quibus
335 2615 447 2678 luditis
464 2618 518 2678 liei
536 2618 696 2696 responsis,
717 2617 849 2677 decreuit
877 2615 1056 2676 reverendus
1074 2617 1129 2692 N„
1149 2618 1238 2677 Viru-

114 2737 180 2793 rius
208 2733 374 2813 penerulis,
392 2751 563 2814 processum
578 2732 639 2794 leue
656 2751 747 2812 usque
775 2731 910 2794 lubitum
933 2732 1100 2812 publicare.
1128 2734 1238 2794 Conse-

113 2855 252 2927 puenier,
269 2850 308 2911 de
322 2853 417 2930 ipsius
436 2851 593 2926 mundule,
614 2849 690 2910 leeiu
712 2854 782 2910 suni
797 2849 862 2910 ullu
882 2867 950 2937 rrooe
963 2854 1032 2910 uelo
1046 2852 1167 2926 omuio;
1180 2867 1238 2929 quo

112 2971 237 3042 peruuo
248 2966 379 3028 deereeil
393 2967 473 3028 idern
492 2967 670 3028 reuerendus
683 2967 821 3028 Vieurius
837 2967 986 3046 poneretis
999 2983 1169 3045 processum
1178 2955 1236 3047 pro

111 3081 267 3160 publieoio
286 3101 348 3144 esse
366 3082 544 3145 iubendum.
562 3085 638 3145 Aulo
661 3087 732 3144 suni
758 3083 818 3144 liceo
835 3083 941 3161 die..„
958 3086 1124 3161 muisis..,
1141 3088 1197 3146 ele.
1215 3103 1232 3142 s

110 3205 113 3211 '
161 3201 259 3260 Nolo.
289 3233 334 3244 —
355 3196 520 3262 Sustinent
541 3196 635 3262 multi
654 3195 826 3262 ennonistae
844 3211 1016 3278 processus
1043 3195 1233 3280 publicatio

115 3329 192 3376 nem
212 3329 282 3378 esse
306 3312 348 3379 de
363 3310 626 3378 substantialibus
651 3311 806 3378 ordinarii
832 3311 957 3397 judieii,
980 3328 1017 3378 ee
1033 3311 1230 3396 pooindeud

115 3429 262 3494 valorem
276 3431 404 3496 omnino
424 3430 559 3514 requiri.
577 3429 638 3493 dlii
651 3436 767 3512 putent
788 3431 1004 3496 necessarium
1023 3449 1093 3496 esse
1105 3437 1234 3497 tuntum
1274 3449 1275 3454 ’

116 3548 154 3606 nt
170 3543 369 3612 consedetur
380 3565 438 3612 reo
454 3546 545 3630 copie
555 3553 698 3612 aotuun.
716 3543 850 3610 Certum
864 3553 914 3610 est
938 3547 1048 3612 multis
1061 3547 1095 3610 in
1105 3546 1234 3632 susibus

117 3657 249 3744 longum
261 3658 332 3726 lore
347 3669 436 3727 aetus
451 3673 561 3728 omnes
579 3661 707 3744 legere3
726 3667 761 3724 et
781 3660 911 3726 aliunde
927 3660 987 3728 hoe
1003 3659 1137 3729 uidetur
1154 3663 1234 3728 setis

116 3774 242 3854 inutile,
261 3797 335 3843 oum
350 3794 407 3845 reo
423 3777 611 3846 eorumdem
624 3784 757 3843 notuum
768 3776 1029 3861 copisti-udatur.
1048 3777 1143 3845 Unde
1154 3778 1233 3845 mihi

117 3890 252 3962 videtur
266 3899 374 3981 potius
390 3898 622 3984 supprimenda
642 3895 772 3982 publiea
790 3897 859 3964 haee
874 3904 1008 3965 eotuum
1023 3900 1135 3966 leutio.
