2914 5122
533 329 613 382 rsss
633 329 793 379 secunus.
961 349 976 372 ι
1162 315 1223 383 tur

127 455 255 532 «tinet
271 462 385 540 postea
399 455 542 540 primum
559 474 616 526 reu
623 451 837 524 traderentur
845 432 1004 540 capitula,
1018 453 1099 523 nihil
1115 471 1226 539 agere·

125 602 136 626 «
152 578 213 652 tur,
237 575 312 662 quia
331 573 557 640 inverteretur
572 573 666 642 ordo.
692 573 848 666 Arguitur
862 573 967 660 eapite
992 576 1067 638 Cum
1089 580 1161 656 poet
1174 593 1227 663 pe-

124 719 135 744 «
152 696 218 772 tite,
231 692 285 769 46,
301 694 338 756 de
352 687 516 758 Electiooe.
532 716 548 754 a
562 691 794 780 (Reiffenstuel
810 691 845 758 in
858 691 910 756 tit.
928 692 958 772 i,
975 689 1033 756 lib.
1049 685 1223 772 5decret.,

119 825 147 870 n.
162 804 250 892 212.)
1101 821 1104 828 ’
1145 878 1157 890 ,

155 921 200 988 Ex
217 921 366 991 dicendis
390 923 477 990 infra
500 926 596 1009 plene
620 922 746 1008 patebit
778 921 942 1010 montedo
959 922 993 988 in
1018 929 1226 995 antecessum

117 1037 182 1106 ieri
193 1040 294 1109 soleat
305 1059 476 1125 processus
486 1045 712 1124 informatione,
729 1059 788 1108 seu
797 1059 858 1124 pro
867 1040 1098 1108 informatione
1111 1041 1223 1121 cumae,-

117 1154 252 1222 nondum
264 1158 363 1223 citato
382 1175 462 1224 reo:
483 1165 596 1241 postea
612 1158 734 1224 citetur
746 1163 780 1222 et
795 1157 1021 1242 interrogetur
1038 1175 1136 1224 reus:
1154 1162 1225 1227 tum

117 1270 144 1336 ei
161 1269 332 1336 tradantur
351 1271 502 1354 capitula,
520 1291 646 1338 necnon
660 1270 879 1356 depositiones
895 1271 1028 1338 testium
1047 1289 1108 1356 pro
1125 1270 1226 1340 infor·

116 1387 246 1452 natione
263 1388 362 1452 curiae
377 1388 653 1472 examinatorum
673 1388 739 1453 imo
750 1395 784 1452 et
801 1404 914 1454 eorum
937 1387 1081 1466 nomina,
1106 1386 1132 1452 si
1145 1406 1224 1462 reus

116 1500 253 1568 declaret
277 1521 313 1568 se
337 1503 459 1570 habere
484 1501 587 1570 dictos
609 1511 709 1570 testes
731 1520 791 1587 pro
812 1502 874 1568 rite
890 1510 926 1569 et
939 1502 1084 1588 legitime
1106 1505 1226 1570 exami-
1320 1513 1325 1522 '

116 1620 205 1703 natis;
231 1639 324 1686 secus
346 1620 373 1686 si
387 1619 422 1685 id
440 1639 505 1687 non
521 1619 680 1698 declaret,
697 1619 771 1704 quia
789 1626 868 1683 tunc
886 1638 951 1686 non
967 1625 1152 1704 cognoscet,
1172 1639 1224 1686 eo

116 1754 181 1801 rum
205 1737 336 1804 nomina
357 1737 419 1802 nisi
441 1756 483 1803 ex
500 1755 616 1803 eurum
641 1737 788 1804 examine
810 1757 817 1802 :
837 1733 896 1800 fiat
922 1733 1000 1802 dein
1021 1734 1155 1802 testium
1171 1753 1225 1800 re-

115 1851 221 1934 petitio
234 1872 241 1916 :
261 1859 296 1917 et
307 1851 441 1918 tandem
454 1851 619 1938 quomodo
632 1853 758 1937 reliquo
770 1868 941 1934 processus
950 1849 1145 1935 inquisitorii
1156 1850 1224 1917 tela

116 1975 310 2034 contexatur.
340 1969 419 2049 Quae
444 1968 549 2036 omnia
570 1985 644 2034 cum
670 1969 741 2034 fuse
758 1967 791 2032 in
812 1965 1022 2052 sequentibus
1039 1965 1219 2034 subsectis-

115 2083 202 2150 nibus
223 2082 405 2151 evolvenda
424 2084 498 2163 sint,
518 2085 570 2150 hic
595 2091 724 2150 tanturn
746 2083 910 2168 praecipua
931 2081 1079 2168 quaedam
1093 2082 1223 2169 inquisi-

115 2200 187 2268 tioni
196 2201 327 2285 speciali
343 2201 475 2286 propria
486 2199 643 2266 adnotare
660 2200 832 2267 voluimus.

510 2526 514 2534 =
557 2487 690 2553 CAPUT
713 2487 767 2552 IV.

268 2755 383 2806 NORMA
405 2755 612 2806 procursum
635 2755 698 2806 PER
721 2757 934 2808 EXCEPTIONIS
958 2759 1051 2808 matr.

156 3023 230 3090 Cum
239 3025 282 3092 ad
293 3028 483 3090 adiunctum
497 3043 685 3110 processum
699 3029 873 3111 pertineat,
886 3037 924 3094 ut
937 3048 1014 3097 reus
1030 3029 1131 3116 possit
1143 3037 1222 3096 acet-

115 3160 186 3222 pere,
199 3141 294 3222 idest,
310 3143 433 3208 crimen
448 3143 582 3228 aliquod
597 3162 655 3211 seu
670 3145 809 3232 aliquam
823 3146 1068 3226 inhabilitatem,
1081 3154 1151 3216 tum
1168 3145 1220 3234 ju-

118 3255 185 3337 dici,
200 3267 269 3326 tum
281 3260 431 3340 testibus,
449 3259 491 3325 ad
504 3279 560 3326 eos
574 3260 615 3326 ab
628 3262 755 3327 intento
771 3262 991 3346 repellendos,
1006 3263 1170 3350 objicere;
1185 3273 1221 3334 et

119 3393 154 3438 ea
166 3377 219 3442 tali
228 3376 412 3462 objectione
427 3376 593 3462 injudicio
605 3377 692 3444 iacta
706 3378 829 3446 oriatur
840 3378 1028 3448 incidenter
1042 3400 1138 3448 causa
1148 3401 1219 3468 spe·

120 3490 206 3570 cialis,
226 3512 297 3578 quae
312 3494 424 3578 etipsa
435 3493 528 3577 juxta
542 3513 707 3560 sacrorum
723 3491 882 3563 canonum
894 3498 1155 3584 praescriptiones
1170 3499 1220 3564 di-

119 3607 251 3676 rimenda
268 3618 337 3693 est,
355 3609 528 3678 debuimus
541 3611 593 3676 hic
608 3611 769 3697 subjicere
781 3632 927 3678 normam
939 3613 1217 3698 expediendorum

119 3721 261 3806 ejusmodi
279 3745 461 3806 causarum,
476 3726 593 3814 quibus
608 3735 717 3796 ortum
738 3727 794 3796 dat
809 3732 970 3814 exceptio.
989 3732 1056 3796 Nec
1075 3730 1217 3814 dicatur,

119 3839 153 3904 ad
175 3861 340 3926 processus
360 3848 601 3910 extraordinarii
622 3846 853 3914 tractationem
875 3819 983 3932 potius
1006 3847 1218 3934 rejiciendam

118 3954 202 4024 frume
216 3961 298 4026 hanc
317 3959 359 4028 de
373 3961 618 4046 exceptionibus
641 3963 821 4042 materiam,
846 3984 920 4030 cunr
943 3965 1155 4034 Innocentius
1169 3969 1218 4034 III

120 4069 190 4160 (cap.
205 4082 352 4160 paulitas,
375 4081 429 4157 21,
448 4079 500 4144 tit.
511 4081 540 4158 l,
558 4079 617 4146 lib.
633 4082 651 4145 5
665 4078 771 4168 decr.)
787 4081 900 4149 modos
917 4082 1121 4166 procedendi
1135 4089 1219 4150 orda·-

118 4197 206 4256 oenoe
219 4191 431 4273 recensendo,
453 4204 613 4262 memoret
625 4203 756 4263 tantum
780 4200 865 4266 viam
879 4200 1008 4280 notorii,
1024 4202 1111 4269 uiant
1123 4222 1218 4268 accu-

120 4307 247 4388 sationis,
264 4310 350 4376 viam
372 4310 640 4394 denuntiationis,
658 4321 693 4382 et
709 4317 794 4382 riam
809 4317 1031 4402 inquisitionis.
1056 4319 1138 4384 Nam
1154 4318 1221 4389 dici

121 4427 213 4501 potest
225 4435 423 4512 acceptionem
434 4431 468 4498 in
479 4430 539 4498 hac
550 4433 794 4502 enumeratione
808 4435 967 4500 contineri
983 4435 1150 4524 implicite,
1164 4445 1218 4508 ut-
