2848 5118
587 331 774 390 TRACTAEUS
795 335 839 380 nu
861 334 1009 382 JUNCHB.

767 590 839 667 51.

266 835 300 883 Ite
312 832 445 883 executione
458 834 585 893 unumne,
600 834 624 882 in
635 835 666 884 iis
674 836 819 898 regionibus,
827 837 854 884 in
863 836 949 898 quihus
960 849 1007 886 non
1021 837 1168 900 doestjudici
1179 838 1323 889 ecclesiastico

337 932 451 988 potestus,
465 924 494 973 ed
507 927 663 976 executionem
673 941 716 990 per
725 929 771 976 rim
780 929 906 978 coactivam
916 927 1046 979 deducendi
1058 933 1185 995 sententies
1195 945 1258 982 eune.

289 1151 469 1237 Cujuslibet
491 1125 608 1235 judicio
634 1157 779 1234 potestas
802 1150 904 1218 debet
921 1172 992 1222 esse
1016 1163 1141 1238 empmo
1168 1157 1285 1239 mixtu,
1308 1156 1345 1226 ita

245 1277 374 1342 nempe,
387 1265 426 1322 ut
436 1257 547 1340 possit,
571 1276 636 1321 non
649 1263 777 1322 tuntum
789 1257 843 1342 J'us
854 1257 977 1338 dicere,
997 1262 1056 1328 sed
1068 1261 1157 1346 quod
1171 1265 1347 1347 pronuntio·

246 1375 294 1440 uit
311 1370 354 1438 ad
371 1371 595 1439 executionem
618 1371 791 1438 efficaciter
806 1372 983 1474 deducere.
1010 1376 1120 1442 Debet
1132 1395 1214 1460 ergo
1239 1378 1346 1444 habere
1374 1451 1375 1456 ἵ

165 1467 178 1494 ⁸
242 1493 439 1572 potestatem
460 1493 494 1552 et
518 1485 706 1552 sufficientia
734 1486 858 1564 medie,
884 1486 927 1553 ad
945 1487 1105 1574 ejusmodi
1133 1492 1373 1558 executionem·

245 1605 342 1686 etiam
356 1602 398 1668 ab
409 1602 518 1668 invitis
535 1600 756 1668 obtinendam.
775 1603 1002 1670 Necessarium
1016 1605 1156 1687 proinde
1172 1614 1224 1670 est
1238 1609 1271 1672 in
1283 1626 1347 1692 quo

243 1719 325 1787 libet
337 1717 448 1802 judice
463 1716 595 1802 aliquod
611 1723 779 1798 imperium,
803 1718 890 1784 idest
903 1719 1010 1803 eliqua
1021 1721 1088 1787 vim
1102 1729 1272 1788 externam
1284 1740 1346 1796 coa·

244 1835 362 1900 olivam
382 1831 559 1898 adhibendi
574 1838 727 1914 potestas.
747 1832 896 1924 Alioquin
910 1833 1050 1900 inaniter
1068 1854 1129 1916 pro
1142 1837 1344 1904 tribunaliee

204 1957 206 1962 ’
244 1929 341 2026 deret
356 1945 468 2030 judex,
502 1945 595 2030 cnjus
623 1947 798 2012 sententias
830 1948 962 2030 impune
988 1947 1199 2018 condemnati
1225 1959 1344 2034 possent

245 2059 411 2126 deridere.
630 2061 633 2074 '
1019 2145 1022 2152 ‚

289 2176 346 2242 list
359 2173 490 2258 quidem
502 2172 667 2257 judicibus
682 2174 908 2256 ecclesiasticis
927 2176 1107 2258 proprium,
1126 2184 1164 2242 ut
1188 2180 1345 2247 nonnullos

246 2288 526 2358 condemnatorias
549 2289 727 2354 sententies
754 2287 1104 2374 ferre.possint,quae
1130 2311 1223 2358 sunm
1249 2311 1344 2370 secum
1411 2325 1412 2330 1

246 2405 472 2496 executionem
481 2404 1342 2488 trahunt;ensncmpequereumexcommnuicatiouc,
1411 2425 1412 2450 ³

225 2582 227 2586 ,
246 2523 349 2602 aliave
367 2539 504 2588 censura
526 2520 739 2624 ecclesiasti-oa
755 2505 890 2586 feriunt.
907 2519 964 2584 Ast
987 2520 1022 2585 in
1040 2522 1152 2590 multis
1177 2525 1289 2602 causis,
1310 2523 1344 2593 rt

232 2637 355 2714 ¹lorum,
370 2654 485 2703 eorum
505 2633 758 2718 pertinentibus,
775 2651 859 2716 saepe
874 2634 1030 2718 contingit
1044 2643 1084 2699 ut
1101 2637 1182 2702 alias,
1193 2637 1280 2706 ferre
1298 2637 1344 2704 de

246 2754 346 2832 heaut
360 2750 548 2827 sententias,
564 2767 624 2832 pro
643 2748 761 2832 quihus
777 2747 981 2832 exequendis
995 2752 1177 2816 necessaria
1192 2760 1241 2818 est
1255 2753 1345 2836 aliqua

247 2877 381 2950 externa
398 2865 493 2933 actio.
513 2864 700 2954 Tolossani,
720 2863 814 2930 verbi
827 2864 941 2948 gretie,
959 2867 1344 2949 sententiaequihusrcum
1410 2857 1411 2880 *

246 3001 343 3068 poenn
364 2979 548 3064 pecuniaria
566 2977 727 3060 plectunt,
746 2977 864 3068 quibus
885 2996 961 3041 eum
980 2977 1135 3044 damnant
1155 2981 1190 3044 in
1206 2999 1345 3066 expensae

162 3171 166 3177 .
246 3099 321 3178 litis,
329 3096 448 3181 quibus
459 3112 573 3176 causas
582 3093 693 3158 ciuiles
703 3092 984 3158 foriecclesiastioi
995 3110 1089 3158 reum
1097 3094 1342 3174 condemnando,

92 3221 93 3224 ’
118 3269 121 3274 .
248 3212 413 3277 dirimunt.
427 3211 515 3273 Tunc
531 3225 648 3290 nempe
661 3214 796 3290 externe
808 3204 952 3292 cogenda
972 3213 1023 3290 est
1036 3225 1111 3290 pers.
1127 3209 1339 3294 cendemnatu,

248 3324 291 3391 ad
303 3320 522 3408 prestandum
534 3315 579 3397 id,
593 3320 681 3404 quod
692 3321 929 3386 sententialiter
940 3326 1098 3386 statutum
1110 3330 1171 3388 est.
1181 3327 1263 3390 Hine
1271 3331 1345 3410 pote

248 3440 339 3506 statis
350 3436 512 3503 saecularis
524 3432 663 3500 officium
679 3442 729 3538 est
743 3433 932 3518 providere,
948 3441 986 3498 ut
1001 3453 1058 3499 sua
1069 3437 1116 3526 'sit
1125 3435 1290 3532 judieibus
1303 3457 1344 3504 ec·

249 3552 432 3621 olcsiastiois
445 3551 621 3616 sententias
636 3569 709 3614 suas
723 3549 765 3614 ad
775 3543 1000 3616 executionem
1011 3550 1199 3620 deducendi
1214 3557 1343 3622 facultas.

250 3891 414 3981 earnium,
437 3911 497 3976 pro
516 3890 635 3957 efficaci
651 3888 797 3975 ejusdem
811 3892 984 3974 potestatis
999 3894 1167 3971 exercitio,
1186 3895 1347 3986 decernen-

250 4011 306 4081 do.
340 4009 445 4093 Atque
474 4014 514 4072 ut
541 4005 586 4087 ita
605 4024 657 4072 res
683 4014 895 4090 componatur
915 4006 956 4074 ab
985 4009 1024 4074 iis
1047 4011 1103 4096 qui
1129 4010 1347 4096 temporalibus

249 4133 395 4212 presunt
414 4121 639 4198 societatibus,
663 4120 717 4204 jus
743 4121 876 4199 hebent,
906 4129 978 4186 tnm
1005 4124 1148 4200 Ecclesia
1170 4126 1257 4210 ipsu,
1289 4132 1347 4190 tum

251 4236 552 4322 pethuliciquilibet
566 4235 689 4317 populi.
757 4234 758 4237 ’

296 4353 360 4418 Ubi
371 4369 449 4434 ergo
460 4351 548 4430 riget
561 4349 626 4423 illa,-
640 4349 953 4430 temporaleminter
966 4356 1001 4430 et
1012 4355 1258 4438 ecelesiasticam
1266 4357 1345 4438 pote

139 3663 141 3666 ’
194 3742 199 3749 ,
249 3666 345 3751 Quod
376 3671 530 3749 praestare
547 3664 664 3747 ,solent
686 3662 849 3730 ¹catholici
877 3663 1064 3747 principes,
1098 3667 1182 3732 hanc
1216 3669 1346 3756 judicum
1409 3707 1410 3726 ,

250 3779 538 3878 ecclesiasticorum
553 3780 748 3859 potestatem
769 3776 984 3858 agnoscendo,
1011 3784 1045 3842 et
1059 3780 1186 3846 brachii
1204 3780 1347 3848 mentam
1409 3797 1410 3802 ’
