2914 5122
257 423 297 490 84
487 481 493 498 ,
601 440 788 490 panormus
811 442 856 489 na
878 441 1027 490 Juorcus.

255 566 381 632 occulta
399 562 529 644 delicta,
545 583 607 650 per
621 572 842 640 accusatorem
857 567 989 650 proprie
1013 565 1138 634 dictum
1169 590 1234 636 non
1249 571 1368 652 delata,

252 680 374 766 judicio
392 680 454 748 Dei
472 688 506 747 et
520 682 639 746 secreti
654 681 801 748 tenebris
814 683 1034 767 permittere?
1058 683 1145 764 Quid
1167 685 1258 770 quod
1282 695 1371 754 certa

253 799 400 865 doctrina
413 797 466 875 sit,
489 796 743 881 denegandam
766 797 937 865 sacerdote
963 819 1087 864 sacram
1114 803 1371 870 communionem

250 935 315 982 non
329 933 398 980 esse
411 912 543 996 indigne
555 912 734 992 accedenti,
748 915 874 980 etiarnsi
884 922 975 980 certo
987 924 1021 981 et
1033 917 1371 985 extraconlessionem

250 1029 321 1115 ejus
336 1030 477 1096 facinora
492 1029 632 1106 noverit,
648 1027 745 1095 modo
768 1029 823 1096 ille
847 1029 935 1096 nulla
959 1030 1090 1096 infamia
1107 1031 1262 1099 laboret?
1283 1034 1370 1115 Quid

248 1146 338 1231 quod
351 1154 422 1213 tota
440 1145 613 1230 antiquitas
641 1163 702 1226 pro
718 1163 830 1210 norma
848 1142 1046 1229 judiciorum
1071 1147 1370 1216 ecclesiasticorum

245 1269 406 1330 memoret
416 1262 602 1346 exemplum
615 1259 732 1326 Christi
748 1261 894 1341 Domini,
912 1261 1031 1328 Judam
1052 1281 1117 1328 non
1133 1263 1312 1350 ejicienda,
1330 1285 1369 1334 ea

243 1377 286 1444 de
301 1398 395 1445 causa
408 1375 497 1464 quod
516 1385 669 1460 peccator
690 1376 837 1443 occultus
851 1376 964 1444 foret?

287 1496 320 1562 Si
333 1496 404 1581 quis
413 1513 492 1562 vero
506 1492 637 1579 objiciat
648 1494 783 1558 nimium
794 1491 936 1576 probari,
954 1512 1029 1558 cunr
1040 1492 1116 1562 inde
1132 1503 1288 1580 sequatur
1297 1511 1366 1564 ¹nec

243 1613 342 1698 recipi
354 1613 429 1679 olim
439 1610 589 1678 debuisse
599 1618 814 1676 comisationem
827 1618 940 1676 contra
953 1610 1081 1678 occulta
1093 1612 1226 1691 delicta,
1237 1615 1298 1680 soli
1310 1615 1366 1680 de-

238 1731 397 1816 linquenti
415 1729 539 1806 nociva,
557 1723 748 1812 responderi
769 1735 875 1810 potest
897 1727 1007 1794 :adeo
1034 1748 1133 1812 grave
1151 1730 1250 1802 fuisse
1272 1752 1357 1798 onus

238 1845 392 1931 quodsibi
403 1852 571 1911 accusator
579 1845 746 1926 imponere
759 1840 948 1922 tenebatur,
958 1851 997 1909 ut
1010 1845 1191 1926 periculum
1202 1865 1266 1912 non
1279 1855 1368 1913 esset

237 1983 279 2028 ne
294 1963 485 2048 frequenter
502 1966 691 2026 recurreret
713 1957 876 2024 accusatio
900 1959 934 2024 in
960 1979 1036 2025 casu
1055 1958 1171 2028 delicti
1186 1963 1308 2028 occulti
1331 1971 1366 2028 et

238 2080 297 2146 soli
308 2079 510 2163 delinquenti
522 2076 639 2142 nocivi.
658 2055 753 2140 Unde
766 2093 898 2140 necesse
911 2094 975 2140 non
996 2075 1059 2141 luit
1076 2056 1256 2162 a'generati
1270 2083 1366 2146 accu-

238 2195 331 2261 sandi
341 2193 495 2261 facultate
506 2209 616 2258 casum
635 2190 721 2256 hunc
737 2190 809 2274 lege
825 2189 933 2274 aliqua
946 2190 1167 2257 ecclesiastica
1186 2193 1304 2278 excipi.

772 2442 829 2509 [ll.

624 2665 704 2720 eaeo
716 2667 893 2730 toqur'citr‘oatr
912 2670 1009 2720 mictu.

282 2902 383 2968 llixta
396 2898 516 2964 dicitur
528 2894 702 2982 inquisitio,
718 2901 756 2959 ut
772 2913 871 2980 supra
886 2896 1081 2976 monuimus,
1098 2893 1230 2980 quando
1243 2897 1297 2964 vel
1316 2896 1361 2964 de
1444 2921 1445 2933 ¹

237 3037 375 3104 persona
389 3014 606 3081 determinata
617 3007 843 3096 (verbigratia,
856 3010 897 3076 de
909 3008 1001 3096 Titio)
1014 3013 1195 3094 ucocruliter
1208 3019 1359 3092 queritur

238 3150 279 3198 an
289 3131 397 3214 aliqua
410 3125 528 3192 delicta
539 3122 735 3188 commiserit
745 3143 753 3206 ;
765 3123 819 3188 vel
833 3122 874 3188 de
890 3123 996 3209 aliquo
1006 3121 1223 3188 determinato
1234 3121 1360 3189 delicto
1441 3173 1442 3215 ,

240 3244 465 3334 (verbigratia,
477 3239 518 3305 de
529 3238 586 3303 tali
596 3233 776 3322 homicidio]
789 3241 969 3319 peucrolitcr
983 3243 1183 3320 incestiqutur
1193 3238 1359 3322 quiaillud
1440 3245 1441 3309 l

237 3361 427 3448 patraverit.
438 3354 533 3422 Unde
548 3353 712 3440 inquisitio
723 3351 907 3438 hujusmodi
919 3361 969 3419 est
982 3372 1121 3437 semper,
1130 3353 1185 3418 uel
1197 3355 1359 3436 generalis
1439 3337 1440 3403 l

237 3478 346 3567 quoad
359 3475 514 3542 delictum
525 3477 559 3538 et
567 3469 713 3554 specialis
722 3469 830 3554 quoad
839 3468 1158 3554 delinquentem,vel
1168 3469 1238 3534 vice
1246 3489 1353 3548 versa,
1436 3503 1438 3591 q

188 3591 190 3596 ’
237 3595 347 3685 quoad
365 3593 522 3660 delictum
544 3587 691 3672 specialis
702 3593 736 3651 et
750 3584 859 3670 quoad
874 3585 1042 3651 auctorem
1055 3585 1225 3668 generalis.
1247 3586 1356 3672 Atque

237 3714 313 3780 inde
324 3717 424 3776 mixto
447 3705 535 3772 dicta
553 3710 613 3782 est,
627 3699 716 3788 quod
727 3701 886 3784 generalis
902 3701 997 3766 simul
1007 3701 1049 3766 sit
1063 3709 1098 3765 et
1118 3701 1275 3784 specialis,
1292 3702 1354 3767 sub

237 3828 375 3914 praefato
392 3823 516 3907 duplici
537 3827 700 3903 respectu.
725 3818 775 3884 An
797 3817 920 3902 absque
941 3816 1061 3900 praevia
1077 3815 1208 3881 infamia
1229 3815 1356 3882 institui

236 3952 346 4032 queat,
358 3943 411 4009 hic
425 3936 688 4023 expendendum.

279 4064 418 4128 ussum
439 4060 481 4120 1¹.
502 4091 546 4102 -
561 4057 723 4134 Inquisitio
740 4053 888 4134 pectoralis
902 4053 1000 4133 quood
1019 4069 1189 4132 personam,
1208 4054 1349 4134 specialis

233 4186 333 4244 autem
342 4175 439 4258 quood
454 4174 606 4247 delictum,
624 4175 724 4249 potest
737 4174 767 4229 ct
779 4168 863 4230 debet
876 4167 957 4246 ficri,
967 4172 1059 4230 ctiam
1072 4169 1159 4230 oolla
1167 4170 1353 4248 praecedente

232 4302 336 4360 contro
350 4294 480 4372 aliquem
492 4289 621 4366 infamio
634 4285 681 4346 oct
693 4288 866 4366 suspiciam.
880 4321 926 4332 -
937 4283 1034 4348 Casus
1049 4300 1167 4367 nempe
1181 4290 1232 4348 est
1245 4281 1353 4368 hujus·

233 4409 343 4478 modi:
361 4409 525 4490 patratum
541 4408 591 4466 est
603 4397 734 4484 aliquod
752 4397 972 4478 homicidium,
992 4399 1045 4465 vel
1064 4398 1202 4476 lurtum,
1219 4397 1349 4465 aliudve

231 4526 405 4605 delictum;
432 4516 491 4584 sed
513 4517 659 4582 nescitur
679 4533 788 4598 aquo,
807 4514 941 4580 etfama
958 4513 1087 4598 publica
1110 4515 1348 4598 suspicionesve
1425 4537 1427 4628 q
