2836 5118
488 330 568 378 reas
589 297 747 378 suburae.
1118 315 1181 392 285

75 453 185 532 protom
203 459 436 534 promultam
459 459 547 534 eatis,
574 455 732 518 ammoto
750 460 986 534 prosecutionem
1009 459 1105 536 ipsine
1124 474 1181 538 per

75 573 269 650 impotentiam
282 589 335 632 ooo
348 575 517 636 constiterit
531 575 675 650 omisisse,
691 571 830 636 notumne
843 572 923 651 qood
928 575 1061 653 josiam
1075 578 1181 636 vestrm
1274 657 1277 664 Ι

76 686 170 748 debeat
182 687 397 766 projottotom
414 705 567 766 ponerem.
1045 757 1047 764 y

113 799 317 880 Quaau108⁸.
335 837 380 848 --
396 803 443 866 An
456 806 600 864 temnimus
613 821 632 862 o
640 805 712 883 jure
725 817 875 864 concessam
887 803 928 866 acl
938 803 1175 883 prosequendam

73 921 98 975 et
110 913 272 990 finiendam
283 916 526 996 appellationem,
546 920 704 996 poesttper
715 917 850 996 jadicem
864 919 1004 978 arctari?
1015 952 1060 964 ·-
1075 918 1107 980 1ο
1119 917 1137 981 J
1140 935 1183 982 u-.

75 1027 160 1094 dexo
172 1051 241 1111 pac,
254 1031 340 1096 siout
349 1028 542 1096 abbreviare
559 1038 668 1112 potest
681 1031 856 1096 terminum
871 1052 890 1098 a
903 1029 977 1116 jure
991 1050 1180 1098 eoncessum

74 1141 111 1208 ad
125 1147 371 1210 introducendam
391 1145 640 1228 appellationem
658 1144 708 1230 (ut
730 1162 826 1227 supra
840 1142 964 1212 dictum
984 1143 1062 1230 est),
1080 1145 1180 1212 itaet

73 1261 239 1326 terminum
253 1259 297 1326 ad
309 1259 457 1326 eamdem
474 1257 736 1345 prosequendam
750 1267 785 1325 et
799 1260 986 1328 finiendam.

113 1377 144 1440 2⁰
158 1374 199 1441 ld
212 1383 323 1442 autem
336 1376 449 1460 aequit
470 1374 573 1458 judex
587 1378 629 1440 oc
648 1395 751 1457 mem,
772 1376 893 1442 nisiex
913 1376 1010 1444 nimia
1028 1375 1180 1446 dilatione

75 1487 222 1558 damnum
237 1491 424 1574 reipublice
435 1491 488 1556 vel
502 1491 684 1574 periculum
704 1494 884 1558 animarum
904 1493 1082 1560 immineat.
1100 1496 1180 1576 Qua
1254 1473 1259 1480 ⁸

75 1604 368 1690 duoprobatavide
387 1605 474 1690 apud
490 1606 782 1691 Schmalzgruaber
804 1608 915 1693 (latit.
933 1611 986 1688 28,
1004 1609 1083 1700 libri
1095 1613 1115 1676 2
1127 1609 1182 1678 de·

75 1728 163 1801 oret„
186 1743 220 1788 n.
243 1726 284 1790 87
303 1720 416 1806 etat).

600 1900 682 2029 ex.

77 2182 104 2230 lte
122 2183 193 2234 officio
213 2183 302 2250 jubicio
322 2198 338 2234 o
355 2196 411 2248 qno,
434 2193 457 2234 et
472 2183 559 2246 iudicia
584 2184 616 2234 od
636 2197 717 2248 quem,
743 2194 796 2248 post
818 2187 979 2252 interpositam
992 2189 1180 2254 appellationem.

7 2449 8 2456 ¹
79 2423 263 2504 baasam
282 2427 324 2486 1¹.
346 2459 391 2470 -
405 2427 533 2488 Culmum
542 2424 740 2505 appellationi
752 2425 869 2503 desem
882 2426 987 2490 cotem
997 2428 1120 2508 fidae?
1137 2463 1182 2476 -
1287 2491 1288 2496 ¹

79 2539 106 2599 1ο
123 2540 241 2605 leuari
253 2557 330 2604 eum
343 2537 475 2606 deferre
491 2537 626 2606 cuilibet
645 2537 855 2623 appellationi
873 2559 913 2604 eoo
919 2545 1008 2623 josto
1022 2561 1112 2606 cansa
1134 2543 1183 2606 in-

75 2655 254 2738 terpositoe,
281 2661 331 2719 est
354 2653 467 2737 regula
485 2652 664 2736 generalis,
696 2661 804 2731 carta,
831 2661 866 2718 et
888 2654 930 2719 ab
953 2654 1103 2724 omnibus
1129 2653 1183 2722 ad-

7 2765 175 2828 ssJmssa,

7 2879 10 2900 ⁵
115 2879 148 2940 2⁰
170 2878 214 2944 Ut
224 2883 314 2960 josto
331 2875 492 2944 censenda
509 2876 550 2942 sit
567 2875 753 2961 appellandi
769 2895 876 2955 causa,
894 2895 1027 2944 neeesse
1046 2897 1111 2945 nou
1132 2887 1181 2945 eat

77 2991 141 3076 ejus
151 2994 325 3060 veritatem
339 2993 510 3076 probatam
531 2992 646 3076 laissa
663 2991 721 3058 aed
737 2994 814 3058 satis
834 3001 885 3059 est
900 3013 1028 3060 causam
1047 3013 1118 3062 esse
1132 3003 1182 3062 ta-

75 3106 151 3189 lem,
167 3129 225 3176 seu
240 3109 314 3174 talis
327 3109 447 3192 speciei
458 3157 465 3186 ,
475 3128 550 3190 ¹ploce
564 3114 592 3172 a·
606 3111 684 3190 [oret
694 3112 842 3192 probato,
856 3113 973 3176 deteret
986 3114 1120 3193 lepittmo
1134 3133 1181 3176 re-

74 3233 186 3304 potori,
208 3233 307 3309 prout
321 3225 442 3290 dicitur
454 3226 488 3290 ia
501 3223 660 3290 decretali
677 3229 717 3290 Ut
729 3228 848 3290 debitor
869 3226 935 3314 (59,
950 3230 987 3292 ote
1006 3225 1155 3313 lippet).

117 3345 150 3406 3⁰
175 3344 236 3409 «Si
263 3340 377 3430 (judex
402 3339 621 3426 appellationi)
644 3361 709 3408 nou
733 3340 874 3420 deferat,
894 3343 1025 3429 quaudo
1043 3365 1084 3410 ex
1095 3343 1181 3430 justa

7 3459 8 3462 ’
80 3466 267 3526 «causaest
289 3459 491 3542 interposita,
510 3458 686 3542 appellans,
698 3458 903 3524 nilrssominus
924 3458 1013 3528 adire
1038 3461 1183 3544 superio·

81 3593 184 3657 uram,
196 3584 232 3642 et
247 3561 356 3643 coram
369 3574 677 3661 compellationem,
698 3573 834 3659 perinde
849 3596 886 3642 ac
899 3577 1071 3662 sirecepta
1083 3585 1180 3653 esset,

81 3711 95 3749 a
112 3693 260 3778 prosequi
273 3697 392 3776 potest.
406 3689 572 3764 Adversus
586 3690 692 3773 ipsum
711 3699 820 3758 autem
831 3689 975 3776 judicem
992 3691 1184 3776 proceditur

82 3827 95 3864 c
108 3805 149 3872 ad
157 3826 285 3890 paenam
296 3806 370 3892 jure
378 3812 521 3872 taxatam
541 3827 548 3871 :
566 3813 751 3873 nontamen
766 3815 940 3893 autequam
953 3806 1095 3875 finitasit
1110 3828 1185 3876 cau-

82 3939 158 4006 caa3
172 3943 245 3990 uam
258 3923 345 3990 torte
356 3922 522 4008 appellans
535 3940 631 3988 cauea
642 3920 749 4002 cadet,
766 3924 856 3988 etsie
872 3941 913 3990 ex
930 3925 1001 4008 ipso
1016 3924 1108 4020 exitu
1117 3924 1185 3992 litis

82 4037 284 4124 acolligetur,
296 4037 441 4123 judicem
456 4035 544 4121 juste
556 4037 765 4122 appellationi
776 4058 841 4104 non
853 4037 1020 4106 detulisse.
1036 4041 1181 4110 Porro...

83 4151 176 4236 ojure
187 4155 355 4232 caucana,
369 4153 579 4238 appellationi
594 4153 719 4239 (saltem
731 4150 774 4218 ad
788 4151 921 4240 Papam)
938 4175 1003 4222 non
1015 4153 1181 4236 deferens,

75 4289 99 4330 -a
112 4267 278 4354 depouitrrr
295 4271 577 4358 (coronamento
596 4271 649 4350 ll,
666 4287 771 4336 causa
787 4272 819 4350 2,
840 4287 873 4354 q.
891 4273 931 4354 a;
949 4269 1062 4354 juncta
1080 4271 1184 4356 glossa

84 4403 100 4442 a
116 4384 210 4450 verbo
224 4382 407 4470 sobrnotm);
422 4384 474 4450 vel
481 4383 653 4459 arbitraria
661 4385 891 4468 poeuaiueum
905 4384 1097 4478 proceditur
1107 4409 1125 4455 a
1135 4408 1185 4456 su·
