2836 5118
235 350 298 418 820
573 369 763 415 marcens
787 371 830 416 nu
849 347 1000 416 'sunnonis

235 495 387 560 doctores
401 513 444 559 ex
454 500 599 575 proemio,
616 490 801 560 immediate
817 499 893 558 ante
910 497 1009 575 caput
1024 495 1100 556 Com
1122 493 1267 556 honestius
1284 511 1331 576 po»

233 610 305 688 sito,
323 609 357 674 in
370 627 435 694 quo
454 607 607 693 synodus,
629 613 800 692 postquam
817 607 991 691 Episcopus
1015 606 1144 674 hortata
1161 614 1211 672 est
1223 614 1259 673 ut
1272 624 1332 672 cor·

233 724 376 810 rigendis
396 724 591 790 clericorum
613 724 758 789 moribus
782 733 916 790 strenue
939 724 1147 802 incumbant,
1171 722 1283 789 addit:
1301 727 1333 789 tlt

233 849 331 906 cotem
348 847 407 924 ipsi
424 846 565 924 Episcopi
578 844 612 904 id
626 843 749 904 liberius
765 848 873 923 exequi
888 844 1067 921 ualeant...,
1087 848 1122 907 et
1136 842 1244 907 statim
1257 841 1335 924 ponit

233 965 332 1041 caput
342 961 417 1022 Cum
430 958 593 1021 honestius.

278 1075 447 1141 Paoasala
466 1072 521 1140 ll'.
544 1109 589 1122 -
607 1078 659 1138 Ec
681 1079 781 1140 Sucro
803 1062 1052 1156 Conprcpotiouis
1074 1077 1205 1140 Concilii
1226 1077 1336 1138 deusto·

235 1193 333 1255 uibus.
364 1227 409 1242 υ-
438 1191 518 1256 Cum
543 1209 604 1274 per
628 1209 662 1255 se
685 1209 755 1255 rem
780 1189 934 1256 evincant
965 1189 1126 1275 ejusmodi
1158 1189 1333 1267 decisiones,

235 1326 290 1372 eas
306 1306 476 1374 dumtaxat
499 1307 600 1372 oculis
620 1306 840 1392 subjiciemus
862 1308 979 1372 lectori
1001 1307 1281 1393 relinquendo‘ut
1303 1325 1337 1372 ex

234 1443 428 1510 unaquaque
451 1424 577 1492 facilem
600 1425 669 1508 ipse
695 1422 738 1488 ad
760 1425 923 1489 intentum
953 1443 1087 1509 scopum
1107 1423 1279 1494 illationem
1298 1423 1336 1487 fo·

238 1541 313 1608 ciat.

283 1661 365 1724 olo
389 1659 491 1725 verba
509 1660 579 1738 illa,
608 1664 645 1724 ob
668 1663 815 1724 occultum
838 1670 968 1741 crimen,
996 1663 1231 1743 quomodolibet,
1258 1666 1335 1723 etium

239 1755 566 1867 centro-judicialiter,
589 1794 741 1860 expressa
753 1775 920 1842 dumtaxat
934 1778 969 1841 in
985 1777 1088 1860 prima
1102 1774 1197 1860 por'te
1211 1772 1333 1858 periodi,

236 1900 462 1956 «censeantur
477 1893 616 1975 repetita
637 1894 670 1956 in
692 1891 835 1958 secunda
852 1883 963 1977 parte}
989 1891 1073 1978 adeo
1091 1899 1129 1957 ut
1148 1892 1226 1957 inde
1245 1889 1336 1974 colligi

237 2028 254 2070 ι
268 2007 386 2084 valcat,
408 2009 593 2086 Praelatum,
612 2007 735 2075 nedum
757 2029 849 2094 posse
868 2011 912 2078 ob
928 2009 1093 2075 oecultum
1108 2012 1230 2075 crimea
1246 2016 1336 2074 extra·

237 2147 254 2185 ι
267 2122 463 2208 judicialiter
484 2123 681 2190 interdicere
705 2145 763 2191 suo
786 2125 917 2192 subdito
939 2146 1109 2192 ascensum
1134 2126 1176 2192 ad
1201 2123 1331 2200 ordinas,

238 2262 255 2301 ι
271 2239 329 2304 sed
341 2237 454 2304 itidem
466 2238 508 2304 ob
520 2240 684 2305 oecultum
698 2241 821 2306 crimen
833 2261 926 2326 posse
941 2243 1038 2307 etiam
1052 2240 1334 2327 extra-judicialiter

238 2381 254 2420 ι
269 2358 361 2423 illam
380 2355 580 2440 suspendere
598 2357 639 2422 ab
656 2357 824 2422 ordinibus
839 2357 906 2443 jam
924 2359 1093 2442 susceptis.
1106 2359 1253 2424 —Sacra
1269 2357 1334 2421 Cou-

238 2495 255 2535 ι
270 2473 415 2558 gregatis
430 2457 484 2537 die
505 2473 544 2536 ii
561 2473 749 2538 novembris
767 2475 862 2551 1657,
879 2494 915 2540 rc
931 2474 1045 2540 sedulo
1061 2477 1254 2550 examinata,
1271 2491 1332 2536 cen-

238 2591 348 2669 ssuit,
372 2609 435 2655 non
464 2586 686 2656 recedendum
705 2590 903 2676 abantiquis
928 2589 1221 2670 declarationibus,
1249 2603 1332 2672 super

240 2706 332 2773 uhoc
353 2705 471 2771 eodem
495 2704 595 2770 dubio
618 2703 739 2789 pluries
753 2705 851 2789 dotis3
873 2725 910 2770 ao
934 2705 1071 2790 proinde
1092 2705 1275 2772 affirmative
1290 2721 1331 2768 re

238 2822 411 2909 «spondit.
430 2822 537 2908 (Libro
556 2823 591 2886 ul
616 2822 842 2900 decretorum,
862 2825 978 2908 pagina
1003 2825 1082 2900 134,
1112 2831 1145 2888 iu
1169 2843 1257 2887 eoosu
1278 2823 1331 2886 Als-

241 2935 418 3022 aricrcsi.)u
592 3013 593 3020 ἵ

282 3077 297 3112 ιι
322 3053 372 3118 Ad
395 3054 576 3118 instantium
603 3055 753 3138 Episcopi
774 3055 990 3120 vercellensis
1015 3057 1218 3140 supplicatur
1241 3055 1331 3121 decla·

237 3171 386 3234 «rari...
408 3171 439 3234 4.
459 3171 506 3234 Aa
527 3169 657 3253 quando
674 3169 863 3235 Ordinorias
888 3170 1057 3254 suspendit
1070 3173 1212 3259 aliquem
1237 3173 1331 3255 vigore

236 3309 252 3348 ι
269 3287 382 3370 capitis
401 3285 497 3368 primi
511 3285 659 3351 sessionis
675 3286 711 3350 14
736 3287 784 3373 (dc
804 3286 1049 3372 deformatione),
1071 3295 1226 3354 teneatur
1246 3287 1333 3372 expri-

236 3424 252 3464 ι
267 3421 358 3468 mere
378 3400 534 3467 delictum
550 3409 585 3468 et
599 3421 730 3468 oausam
751 3404 969 3487 suspensionis
991 3405 1053 3488 ipsi
1067 3424 1137 3484 roo,
1154 3409 1181 3471 si
1195 3407 1277 3472 illam
1291 3403 1332 3489 jo·

236 3541 253 3580 ι
266 3519 426 3590 dioioliter
436 3523 582 3603 petat...,
595 3519 690 3585 Sacra
701 3519 938 3605 Gongrcgotio..
948 3571 956 3585 .
968 3519 1196 3604 respondit...:
1209 3521 1332 3604 adquor-

236 3657 252 3698 a
268 3645 346 3715 tum,
366 3633 573 3702 Ordinorium
588 3685 596 3714 ,
611 3637 638 3700 si
652 3636 832 3720 suspendat
846 3637 985 3723 aliquem
1003 3639 1114 3722 uigore
1129 3641 1243 3725 capitis
1255 3634 1333 3722 primi

235 3774 253 3814 ι
266 3752 413 3818 sessionis
432 3753 466 3815 ll
486 3752 533 3837 (de
544 3750 788 3836 llcsormottone),
801 3754 985 3820 centenari
996 3755 1179 3838 exprimere
1192 3753 1332 3820 delictum

236 3885 324 3932 osen
339 3855 468 3930 causam
488 3867 706 3950 suspensionis
720 3868 781 3951 ipsi
805 3849 883 3944 reos
895 3867 953 3935 sed
977 3875 1103 3934 locatum
1125 3869 1203 3935 Sodi
1215 3871 1332 3954 Aposto-

237 4009 251 4044 ι
266 3982 346 4060 lice,
360 3983 402 4048 ad
416 4001 509 4068 quam
523 4002 600 4049 reus
614 4002 784 4049 recursum
801 3985 967 4052 babuerit.
977 4015 991 4040 »
1012 3985 1061 4073 (lu
1075 3985 1161 4052 libro
1179 3990 1217 4053 17
1234 3985 1330 4050 decro-

232 4089 352 4177 tornm,
379 4099 458 4165 folio
488 4103 585 4168 rouo
607 4106 701 4187 tergo
720 4110 754 4168 ct
777 4103 999 4190 sequentibus,
1023 4099 1216 4170 subdite
1241 4097 1328 4170 martii

239 4213 350 4303 1643.)

277 4335 315 4400 ln
327 4333 412 4402 libro
428 4342 444 4400 7
459 4333 685 4412 decretorum,
702 4333 779 4402 lolio
793 4339 836 4402 89
850 4356 869 4400 a
883 4344 987 4421 tergo,
1005 4338 1172 4422 reperitur
1184 4333 1324 4420 responsio

232 4451 313 4532 hec,
330 4451 451 4537 absque
465 4451 530 4517 ulla
555 4452 674 4534 previa
689 4469 782 4518 casus
802 4453 960 4538 positione
977 4475 985 4518 t
1004 4475 1020 4516 ι
1038 4454 1247 4539 congregotio
1259 4451 1322 4518 eoo·
