2838 5114
476 337 555 384 rans
578 337 734 384 secunus.
1064 338 1069 344 ·
1091 314 1155 387 '393

68 462 124 528 aad
138 462 237 528 robur
261 461 340 526 fidei
361 481 398 525 ac
418 460 556 526 salutem
582 459 728 526 fidelium
755 460 935 540 observari,
957 464 1160 530 universitati

67 602 79 638 «
92 585 194 642 vestrm
210 597 273 661 per
288 579 462 660 apostolica
476 579 595 662 scripta
607 577 808 656 mandamus,
826 587 986 664 quatenus
1001 599 1066 645 eas.
1075 630 1096 645 ..
1110 580 1158 646 ia·

67 696 169 758 aciatis
185 694 299 776 singuli
321 694 355 757 iu
379 694 496 758 ¹vestris
510 694 742 776 capitularibus
757 697 959 773 annotari...‚
978 695 1158 761 secuudum

67 833 79 869 a
92 831 135 874 aas
149 817 260 876 exacta
276 809 442 894 diligentia
456 812 649 892 processuri.
665 810 813 895 Alioquin
829 811 954 876 dilectis
966 811 1043 876 filiis
1055 813 1160 877 Priori

67 927 270 990 «Provinciali
296 933 330 990 et
348 925 516 990 Fratribus
539 926 783 1009 inquisitoribus
810 927 967 992 haereticae
992 929 1160 1010 pravitatis

67 1064 78 1100 c
90 1041 199 1106 ordinis
210 1040 460 1126 predicatorum
473 1043 506 1104 in
518 1041 721 1118 Lomhardia,
735 1042 933 1118 biarchis...,
949 1048 986 1105 ut
1001 1040 1042 1106 ad
1058 1039 1092 1105 id
1103 1061 1161 1108 vos

67 1182 78 1214 κ
91 1176 139 1239 per
154 1157 518 1223 excommunicationem
532 1135 562 1220 ib
583 1176 748 1240 personas,
769 1164 803 1220 et
818 1155 1032 1221 interdictum
1043 1158 1076 1220 in
1092 1165 1159 1221 ter-

66 1296 78 1334 «
91 1292 160 1349 ram,
179 1274 395 1358 appellatione
406 1281 543 1349 remota,
564 1273 771 1355 compellant.
793 1295 807 1331 c
826 1271 918 1336 Idem
930 1278 1056 1336 constat
1072 1272 1159 1338 bulla

63 1394 99 1454 Ad
112 1393 290 1472 ecttcpcodc
310 1391 489 1454 Innocentii
508 1391 552 1454 IV
573 1390 672 1475 (tomo
693 1395 704 1454 l
734 1389 863 1454 bullarii
882 1394 1157 1464 marmannorum,

64 1526 120 1590 pag.
141 1505 230 1590 209);
249 1507 337 1571 bulla
354 1511 428 1569 Cum
447 1527 535 1587 snper
554 1505 699 1589 ejusdem
722 1503 896 1582 Pontibus,
916 1524 986 1589 quaa
1008 1511 1161 1569 uniuersis

64 1627 245 1702 Potriarcltis,
265 1626 499 1705 Arcliicpiscopts
517 1631 545 1686 ct
560 1627 714 1706 Episcopis
728 1621 927 1714 inscribitur,
955 1630 989 1686 et
1012 1640 1075 1705 qua
1097 1617 1161 1686 dis-

63 1737 220 1817 positiones
251 1737 489 1800 constitutionis
513 1737 618 1800 citatae
640 1739 688 1798 Ad
714 1734 970 1816 anatomicam
1001 1733 1161 1799 universis

19 1921 20 1924 Ἴ
63 1851 191 1917 Prelatis
210 1852 334 1917 servari
359 1852 593 1934 praecipiuntur
613 1849 717 1936 (ibid,
750 1869 823 1934 pag.
855 1847 944 1933 248),
972 1848 1059 1914 bulla
1087 1854 1162 1914 Com

63 1973 190 2032 adversus
205 1969 377 2034 Clementis
397 1969 438 2031 IV
463 1966 567 2054 (ibid,
592 1986 665 2052 paug.
687 1964 777 2050 460);
803 1967 892 2031 bulla
919 1970 993 2030 Cum
1017 1968 1163 2028 adversus

64 2085 172 2150 llicolai
187 2086 240 2161 lv,
266 2103 330 2168 qua
351 2093 646 2166 supramemoratae
667 2084 755 2166 leges
779 2083 983 2166 imperatoris
1005 2079 1162 2147 Friderici

17 2249 20 2274 2
64 2210 163 2266 contro
179 2201 356 2276 hereticos,
371 2200 538 2266 observari
549 2199 708 2285 jubentur
721 2201 753 2263 in
764 2199 955 2276 Arelatensi,
977 2199 1116 2282 Aquensi
1129 2205 1163 2278 et

17 2389 18 2393 Ἰ
65 2316 275 2382 Ebredunensi
307 2318 479 2400 provinciis
525 2318 633 2402 (tomo
662 2321 680 2380 2
711 2316 841 2382 bullarii
873 2321 1158 2390 Dominiccaoram,

17 2505 18 2511 .
66 2451 128 2516 ras·
148 2431 210 2518 22)-

18 2621 19 2624 ,
104 2553 135 2614 4.
149 2555 262 2615 lustum
280 2573 340 2614 csse
352 2571 470 2633 poeacm
488 2557 566 2632 tynis
583 2557 615 2612 tn
629 2551 791 2626 ltoercticos,
808 2554 969 2612 communis
987 2550 1048 2627 fuit
1065 2550 1165 2609 docto·

17 2739 19 2744 ,
67 2686 125 2729 mio
139 2671 344 2732 catholicorum
365 2674 522 2730 sententio.
540 2704 584 2711 ·-
603 2691 617 2725 n
637 2665 791 2730 Profecto
814 2683 942 2748 poenam
963 2664 1045 2746 ignis
1057 2664 1089 2725 in
1106 2661 1166 2724 hae·

71 2804 83 2838 c
102 2786 214 2850 reticos
232 2785 351 2869 justam
371 2793 404 2850 et
418 2783 562 2848 debitam
582 2803 651 2848 esse
670 2790 796 2848 certum
813 2789 919 2863 ost...·‚
935 2782 1081 2862 inspecta
1096 2785 1166 2842 tum

17 2939 19 2978 2
71 2922 84 2956 «
100 2904 250 3016 gravigate
275 2901 387 2967 delicti
416 2902 448 2964 in
478 2920 524 2978 se,
553 2908 624 2964 tum
650 2900 748 2963 etiam
767 2897 951 2982 ingentibus
976 2895 1066 2959 malis
1094 2911 1165 2977 quae

17 3093 19 3098 ,
73 3037 86 3072 a
99 3015 230 3097 ipsorum
245 3019 411 3082 occasione
436 3017 513 3081 oriri
537 3034 666 3098 semper
683 3014 837 3089 vidimus,
860 3012 1012 3076 nimirum
1032 3008 1168 3094 populo·

73 3152 87 3188 «
102 3151 168 3197 rum
181 3132 427 3218 conjurationes,
446 3131 622 3198 seditiones
642 3139 675 3196 et
697 3130 858 3214 religionis
871 3128 1108 3201 subversiones
1130 3132 1168 3190 ut

74 3269 87 3304 c
102 3265 165 3312 rem
181 3249 310 3332 politice
330 3248 526 3312 disserentes
548 3245 725 3312 ostendunt
741 3247 778 3310 P.
797 3243 1017 3322 Menocchius
1029 3291 1065 3320 ..,
1090 3241 1168 3305 Coc-

75 3385 89 3420 a
102 3363 258 3430 chierus...
278 3368 357 3431 lure
380 3366 479 3448 igitur
500 3364 681 3449 meritoque
708 3385 726 3426 a
752 3335 916 3426 briderico
943 3368 1056 3425 contra
1082 3359 1169 3444 ipsos

76 3503 88 3536 t
103 3499 187 3562 poena
210 3485 292 3566 ignis
316 3484 348 3545 in
371 3481 419 3546 his
444 3481 571 3563 legibus
598 3481 762 3544 statuitur.
795 3502 809 3537 o
838 3475 1028 3563 (cardinalis
1050 3477 1165 3549 Petra,

73 3603 151 3662 tomo
165 3603 195 3676 3,
213 3600 330 3682 pagina
346 3603 377 3675 9,
400 3596 478 3661 edit.
497 3597 605 3661 Romae
625 3593 736 3678 1708.)

116 3716 142 3777 5.
161 3720 227 3780 Fuit
244 3697 335 3778 ctiam
360 3722 505 3778 scatentia
530 3717 611 3794 cpttd
637 3716 768 3775 doctores
792 3711 956 3772 catholicos
977 3712 1170 3770 coramuoitcr

75 3839 193 3913 recepto,
212 3837 313 3896 adesse
332 3838 363 3894 io
383 3834 514 3894 Ecclesia
526 3836 715 3911 potestatem,
735 3835 814 3909 tyois
831 3847 951 3908 penam
969 3832 1002 3888 io
1021 3825 1171 3886 ltoercticos

75 3950 244 4015 decancocit.
269 3975 284 4009 a
307 3947 427 4014 Adesse
447 3950 480 4010 in
501 3947 642 4011 Ecclesia
662 3953 858 4028 potestatem
879 3943 961 4007 hanc
982 3959 1109 4024 poeuam
1124 3939 1173 4004 in-

78 4063 225 4149 nlligcudi
242 4068 275 4130 in
295 4065 474 4143 haereticos,
495 4061 594 4127 dubio
613 4064 728 4144 procul
748 4067 806 4138 est,
830 4058 927 4144 prout
945 4059 1011 4122 late
1033 4055 1173 4139 probant

80 4181 305 4249 «bellarminus
324 4183 430 4270 (tomo
454 4186 465 4246 l
491 4180 802 4255 controversiarum,
829 4177 914 4242 libro
937 4176 1168 4249 aeterternae,

81 4317 95 4350 s
109 4315 169 4380 cap.
185 4303 219 4364 21
237 4308 270 4364 ot
287 4297 353 4380 22),
367 4298 512 4363 Valentia
528 4297 627 4383 (tomo
645 4299 662 4361 3
678 4303 840 4372 controv,
854 4292 929 4359 dist.
949 4296 977 4366 l,
994 4293 1107 4374 punct.
1124 4284 1168 4367 3),

84 4413 270 4501 «suarezldc
284 4419 367 4492 Fide,
385 4414 505 4498 disput.
525 4416 576 4489 20,
594 4433 625 4476 n.
650 4416 698 4489 18,
719 4419 751 4476 et
769 4409 889 4494 disput.
909 4411 970 4482 23,
982 4406 1090 4469 secti
1113 4419 1172 4484 per
