2838 5114
505 333 584 385 runs
607 329 765 381 sacerna.
1127 314 1188 378 407

86 470 172 536 ratur
192 467 305 528 contra
327 465 456 544 partem
467 457 690 542 aoncitatam3
705 453 904 540 generaliter
916 453 945 520 ai
959 449 1041 538 qaid
1062 452 1096 522 in
1116 470 1190 538 pro

85 595 170 653 testu
197 576 349 647 omasum
375 574 477 644 fucrit
500 593 542 640 cx
555 575 604 650 iis,
623 590 695 658 (111oe
716 578 793 640 sunt
813 569 857 637 de
871 568 1050 640 substantia
1067 566 1190 639 ordinis

81 690 249 780 judiciarii.

120 806 284 880 Sententia
303 805 367 872 erit
388 804 478 872 nulla
494 803 618 874 ratione
633 806 802 886 maatfeate
815 807 997 888 impellatis,
1017 800 1190 885 sileretur

81 921 250 1009 contrajac
265 921 439 1008 scriptum3
455 920 483 988 si
500 919 664 987 contineat
679 917 884 986 manifestum
898 935 1057 1002 errorem;
1076 916 1190 983 naon·

79 1040 176 1112 lineat
197 1036 331 1124 aliquod
352 1035 612 1122 impossibile5si
634 1035 820 1104 obtineatur
843 1053 904 1120 per
928 1033 1184 1120 subreptionem.

77 1153 122 1218 lle
143 1151 192 1217 his
215 1150 364 1217 omnibus
385 1148 590 1216 nullitatibus
611 1147 687 1215 ride
710 1149 932 1234 Pellegrinum
948 1149 1054 1236 (parte
1081 1152 1112 1228 i.
1136 1167 1188 1216 se·

78 1268 178 1337 ctione
193 1270 227 1344 3,
243 1265 451 1337 subnectione
471 1263 516 1348 l.)

115 1383 266 1466 pansae
275 1383 320 1448 2³.
335 1417 382 1430 -
393 1385 503 1448 Coram
519 1400 577 1464 qam
579 1385 684 1466 jndice
700 1384 860 1448 tractanda
874 1386 916 1446 sit
930 1399 1020 1447 cauca
1033 1383 1189 1450 utilitatis

76 1503 235 1568 sententie,
256 1535 302 1546 -
316 1494 499 1566 Difficnltaa
514 1515 632 1580 nempe
655 1498 689 1562 iu
714 1517 753 1566 co
768 1504 829 1574 est,
844 1516 923 1564 num
938 1498 1073 1564 tractari
1086 1498 1188 1582 possit

75 1634 177 1686 coram
205 1613 324 1683 eodem
349 1612 460 1698 jndice
490 1615 547 1700 qui
569 1616 763 1683 sententiam
790 1613 1028 1698 pronuntiarit,
1050 1633 1091 1680 an
1108 1633 1187 1684 vero

75 1729 236 1801 dumtaxat
261 1748 369 1801 coram
393 1728 505 1814 judice
540 1730 774 1815 appellationis.
803 1731 853 1796 De
872 1747 937 1816 qua
958 1730 1024 1796 sint
1045 1727 1118 1795 duas
1139 1749 1187 1796 se-

74 1855 207 1934 quentes
231 1847 482 1917 conclusiones:

110 1965 136 2030 l.
159 1968 285 2030 Atteato
293 1969 378 2048 juris
400 1968 512 2046 ripere,
533 1964 692 2028 decadam
709 1970 764 2041 ert,
785 1970 815 2026 et
836 1968 1030 2028 emamaaiter
1052 1966 1186 2030 doctores

71 2087 175 2160 tamt,
185 2099 277 2164 posce
290 2081 440 2166 qaaelam
452 2082 609 2144 aellitolis
623 2086 778 2145 scatentia
790 2086 932 2164 proponi,
951 2087 1015 2144 tam
1026 2099 1126 2146 caraea
1136 2085 1187 2161 ic·

69 2198 127 2262 dice
140 2198 300 2263 ordinario
311 2201 363 2278 qai
375 2201 553 2260 scatentium
561 2197 646 2278 tulit,
661 2203 726 2262 tam
734 2199 944 2280 aoramjarlice
957 2199 1181 2280 appellationis.

69 2345 109 2360 -·-
123 2310 163 2380 Id
172 2310 255 2380 satis
265 2310 426 2381 constabit
437 2331 479 2380 ex
494 2309 645 2380 adductis
660 2311 825 2380 nonnullis
840 2312 1025 2390 canonistis,
1041 2312 1097 2398 qui
1109 2311 1185 2397 jura

68 2426 98 2492 iu
120 2426 349 2512 probationem
370 2428 492 2506 citent,
520 2435 556 2495 et
581 2434 774 2497 amarorum
791 2427 963 2496 doctarum
980 2445 1183 2496 communem

67 2544 260 2622 sententiam
271 2549 448 2611 testentur.

106 2660 281 2736 lnacletns
294 2658 508 2729 Reiffcnstucl-
522 2659 567 2746 (in
591 2662 643 2728 tit.
674 2664 727 2740 28,
751 2661 827 2731 libri
850 2664 869 2726 2
895 2660 1037 2740 decret,
1056 2681 1089 2725 n.
1111 2659 1179 2746 ts),

66 2771 208 2843 indimas
232 2770 397 2861 quromada
419 2771 571 2842 differant
588 2774 765 2858 appellatio
797 2782 832 2842 et
855 2773 991 2860 querela
1010 2773 1178 2852 nulium,

64 2887 107 2955 sic
122 2886 224 2957 habet
246 2906 254 2952 :
277 2912 290 2946 ι
310 2886 433 2968 Quarto
450 2886 623 2966 differunt,
641 2890 717 2974 quia
735 2888 911 2974 appellatio
924 2906 1055 2974 semper
1070 2907 1181 2956 caram

68 3005 266 3090 «superiore
288 3001 502 3086 proponenda
528 3012 599 3070 est:
617 3005 750 3073 nullitas
776 3022 856 3072 vera
878 3004 1048 3073 sententia
1073 3011 1182 3090 potest

66 3120 235 3206 «opponi,
251 3119 306 3184 vel
319 3136 430 3187 coram
448 3116 566 3186 eonem
578 3117 689 3203 judice
710 3117 901 3206 (dummodo
920 3118 1101 3186 ordinarius
1125 3117 1177 3205 sit)

68 3238 152 3324 aqui
168 3235 365 3306 senteutiam
378 3235 471 3318 tulit;
487 3235 551 3313 vel,
575 3236 603 3303 ai
620 3235 842 3318 principaliter
866 3236 1061 3318 intentetur,
1078 3237 1178 3306 etiam

67 3371 207 3431 «caram
221 3350 334 3444 judice
351 3350 541 3434 superiore:
564 3349 646 3420 adeo
668 3359 706 3416 ut
731 3351 793 3418 hoc
817 3353 861 3418 sit
885 3352 920 3416 in
943 3353 1080 3421 arbitrio
1104 3373 1178 3438 gra·

66 3471 160 3536 «rofi
177 3469 269 3556 (lege
288 3473 326 3538 Si
340 3471 561 3536 accusatoribus
578 3469 611 3548 4,
635 3467 748 3553 juncta
763 3469 878 3554 glossa,
904 3474 941 3534 ‹le
958 3474 1080 3552 Aeaa.,·
1101 3471 1177 3555 lege

67 3589 127 3650 ast
153 3605 281 3670 precer,
304 3603 334 3648 c.
352 3587 504 3664 Quaraodo
525 3592 554 3650 et
568 3587 707 3666 quema-
729 3584 802 3668 lege
822 3584 901 3663 1,ff.
927 3590 1001 3666 (lae
1021 3592 1176 3652 scatentia

66 3708 156 3768 aare
188 3697 322 3784 appel.);
358 3705 456 3786 atque
478 3698 579 3766 tradit
602 3699 793 3768 Burtolns...
826 3699 974 3768 Abbas...
1000 3702 1171 3772 Felinus...

65 3838 80 3877 a
93 3817 266 3896 senecta,
285 3815 405 3894 Gallus,
423 3815 507 3882 hanc
522 3816 688 3902 appellans
706 3834 911 3884 communem
929 3819 1133 3886 sententiam.
1155 3841 1172 3887 a

104 3958 120 3996 a
139 3932 283 4004 tumtur
295 3938 405 4004 amen
417 3937 581 4010 notanter,
603 3936 651 3998 ael
665 3937 874 3998 carameoaem
880 3937 996 4016 jacea,
1013 3938 1173 4002 comeam

65 4053 267 4121 «mainarius
283 4053 336 4115 ait.
353 4049 434 4117 Nam
449 4047 502 4118 bia
518 4046 785 4134 distinguendum
797 4054 849 4116 est
863 4047 950 4118 inter
958 4047 1103 4132 judicem
1121 4071 1174 4118 or-

66 4165 257 4237 «dinarium
272 4172 307 4238 et
320 4163 506 4250 delegatum
525 4186 532 4230 ε
554 4173 589 4233 et
604 4164 787 4232 ordinarius
798 4163 940 4252 quidem,
952 4167 982 4232 si
998 4165 1137 4238 adeatur
1153 4188 1172 4235 a

65 4306 80 4343 a
95 4293 229 4369 gravato
246 4290 283 4350 et
296 4283 488 4370 querelante
505 4301 605 4366 super
623 4283 772 4350 nullitate
792 4284 972 4361 sententiae,
993 4290 1101 4367 potest
1118 4303 1176 4349 re·

65 4401 234 4472 aformare
252 4401 446 4470 sententiam
462 4419 551 4466 suam
575 4398 617 4464 de
636 4397 711 4484 jure
733 4399 867 4478 nullam,
885 4420 924 4466 ac
940 4419 1052 4466 rursus
1071 4419 1171 4487 super
