2878 5114
237 330 302 396 irs
582 351 770 398 susumus
793 351 836 397 uu
857 350 1005 398 sumbus.

234 491 392 555 mesanam
407 481 490 538 mam
504 479 612 538 mutis
622 480 714 538 adem
730 477 908 552 diremmus,
930 479 1015 555 cujus
1030 480 1100 537 cita
1115 477 1253 556 bomstas,
1273 499 1321 540 uo·

237 609 303 652 rum
313 592 463 670 probitas,
484 591 571 669 fides,
590 593 761 672 dilipentia,
780 592 935 668 habilitas,
955 593 1080 672 aliaeque
1094 595 1247 672 qualitates
1258 599 1323 676 apid

237 709 297 770 Nos
312 708 474 787 multiplici
492 710 736 770 commendantur
755 711 935 770 testimonio.
956 711 1145 788 Quapropter
1163 711 1276 772 illorum
1288 717 1327 773 in·

237 826 328 897 tuitu,
359 828 458 884 tenore
471 828 677 903 praesentium,
704 828 883 886 auctoritate
907 830 1011 884 nostra
1034 825 1200 900 ordinaria,
1217 833 1244 888 et
1262 833 1327 888 anni

237 939 299 1000 alio
312 940 429 1000 meliori
439 941 525 1000 modo
541 958 597 1018 quo
606 958 776 1019 possumus,
802 941 841 1000 Tc
856 943 888 1000 in
902 945 1038 1000 nostrum
1061 941 1272 1002 Camellarium
1285 944 1328 1003 eli-

236 1059 334 1134 pimus
349 1060 378 1116 et
396 1056 583 1135 deputamus,
606 1074 671 1116 cnm
685 1056 831 1134 facultate
851 1059 990 1134 uniuersa
1011 1063 1040 1118 et
1058 1058 1178 1136 sinpalo
1194 1060 1293 1137 apmdi
1307 1067 1329 1120 et

235 1169 378 1247 (mendi,
393 1175 454 1230 tam
466 1174 498 1231 in
510 1188 577 1230 noce
591 1187 678 1250 qaam
691 1175 724 1232 ia
739 1175 871 1250 scriptis,
885 1189 1058 1252 qioaepcrere
1073 1179 1102 1234 et
1116 1175 1213 1252 facere
1223 1181 1329 1253 possunt

236 1291 265 1346 et
279 1285 384 1346 debent
394 1285 576 1348 Carwellorii
590 1287 783 1366 episcopales·
797 1290 841 1346 ita
857 1292 891 1347 ut
905 1290 966 1346 tnis
984 1291 1156 1370 seripturis,
1179 1294 1237 1349 tam
1247 1290 1331 1368 publi-

236 1405 279 1460 cis
292 1418 381 1479 quom
392 1403 536 1481 priuatis,
559 1403 689 1462 durante
711 1399 818 1479 officio,
840 1403 935 1462 omnis
950 1401 1026 1477 tides
1044 1405 1076 1462 in
1086 1403 1204 1483 judicio
1219 1409 1246 1464 ct
1259 1410 1330 1464 cntra

236 1514 426 1579 adbibeatnr.
442 1518 483 1578 dc
496 1521 689 1596 insuperatam
700 1517 835 1577 omuibus
846 1523 876 1576 ct
889 1516 1017 1595 sinpulis
1030 1519 1272 1598 exemptionibus,
1280 1523 1332 1598 pri·

237 1633 367 1711 oilepiis,
390 1631 549 1693 bonoribus
566 1638 595 1692 et
617 1633 832 1709 emolumentis,
854 1632 971 1711 quibus,
995 1635 1056 1691 tam
1076 1631 1192 1710 dejure
1209 1649 1289 1710 quum
1304 1633 1332 1691 dc
1415 1675 1416 1684 κ

235 1749 457 1826 cousuetudine,
480 1753 577 1810 nostri
595 1749 779 1811 Camellani
791 1751 848 1822 uti,
865 1748 941 1825 frui,
956 1750 1055 1826 potiri
1072 1752 1101 1808 et
1114 1749 1243 1826 paudere
1257 1747 1334 1808 solent

238 1871 267 1926 et
280 1867 406 1943 debent,·
427 1867 604 1928 mamlantes
622 1865 757 1926 omnibus
772 1870 883 1925 nostra
893 1862 1105 1942 jurisdictioni
1122 1865 1272 1944 subjectis,
1292 1880 1334 1923 ca·

240 1982 367 2058 terisque
378 1980 420 2040 ad
428 1999 500 2060 qnos
511 1984 653 2060 pertinet,
668 1986 703 2041 nt
715 1983 754 2041 Te
769 1984 800 2041 in
811 1981 901 2040 talem
916 1984 1115 2058 opnoscautet
1126 1982 1278 2060 recipiant,
1292 1978 1334 2037 sab

233 2098 332 2177 punis
345 2101 445 2156 nostro
460 2095 587 2156 arbitrio
599 2113 657 2174 pro
677 2095 762 2156 modo
776 2095 871 2174 culpa
885 2093 1070 2173 inflipendis.
1093 2093 1288 2156 Praesentibus
1303 2092 1334 2152 nd

238 2216 373 2272 nostrum
389 2212 602 2290 beruplocitnm
617 2211 771 2272 valituris.
792 2213 830 2274 In
841 2228 965 2290 qnorum
974 2209 1076 2301 ¹fidem,
1091 2215 1147 2272 etc.
1159 2212 1276 2286 Datum
1288 2213 1331 2268 ete.

238 2361 284 2371 -
298 2329 328 2388 N
331 2374 352 2404 .,
374 2327 536 2407 Episcopus
550 2329 590 2390 N.
609 2349 625 2383 s
646 2361 691 2372 -
706 2326 746 2388 ut
762 2331 902 2407 ponatur
914 2324 1052 2408 sigillum
1070 2331 1227 2390 consueto
1243 2323 1315 2388 loco.

284 2437 472 2505 Curandum
488 2447 526 2505 ut
546 2438 710 2523 praedictae
732 2441 848 2505 littera
873 2448 1022 2523 putentes
1040 2440 1192 2523 Episcopi
1221 2440 1252 2503 in
1275 2457 1335 2502 cuu-
1417 2511 1418 2534 χ

239 2556 370 2622 cellaria
401 2557 632 2640 regisirentur‚
658 2557 703 2621 sic
730 2555 865 2621 eductui
889 2557 1108 2622 Monacellus:
1135 2593 1181 2604 -
1211 2581 1226 2616 e
1243 2555 1335 2620 Proui

243 2694 257 2728 u
272 2671 362 2736 sione
380 2671 564 2764 cancellarii
586 2691 646 2756 per
675 2672 871 2756 Episcopum
890 2672 985 2750 iacta,
1009 2670 1133 2737 debent
1152 2674 1266 2738 littera
1289 2689 1335 2753 pu-

243 2809 258 2846 «
272 2793 380 2853 tentes
389 2788 509 2852 iuuetis
519 2788 717 2853 cancellarius
729 2807 789 2872 per
797 2790 1008 2855 secretarium
1018 2789 1170 2872 Episcopi
1177 2785 1332 2873 registrari,

197 2965 199 2970 .
244 2923 318 2968 «ne
330 2917 471 2989 unquam
493 2903 535 2969 de
558 2903 725 2970 validitate
739 2898 905 2990 gestorum
929 2906 1112 2972 cancellarii
1133 2906 1227 2972 electi
1249 2903 1334 2968 vulcat
1417 2939 1419 2958 ι

243 3020 435 3104 «dubitem
453 3021 657 3106 multumque
675 3021 813 3088 interest
830 3029 867 3086 ut
882 3021 923 3087 de
942 3020 1155 3106 deputatione
1173 3026 1291 3088 constet
1303 3035 1334 3082 ex

759 3379 824 3473 u.

1418 2965 1419 3024 l

1417 3025 1419 3086 l

243 3137 349 3220 «ipsis
370 3136 449 3202 actis
465 3135 712 3204 cancellaria.»
736 3139 927 3223 (Monucelli,
949 3139 1021 3204 loco
1040 3137 1151 3216 citato,
1178 3135 1281 3203 adnot.
1299 3131 1331 3214 l.)

1418 3287 1419 3350 p

241 3663 395 3712 FORMULA
410 3663 596 3712 Juuffluuul
622 3663 806 3712 PRAESTANDI
822 3664 843 3710 Δ
859 3661 1084 3711 cnucuuunluo
1100 3663 1161 3710 SEU
1177 3658 1332 3712 Acuusuuo.
1417 3595 1419 3680 1

287 3976 302 4014 a
320 3957 384 4033 Epo
394 3957 425 4020 N
427 3999 450 4031 .,
469 3957 561 4016 curia
578 3952 753 4032 episcopalis
769 3955 798 4014 Ν
801 3995 823 4026 .,
841 3951 1046 4014 Concellorius
1061 3951 1183 4029 electus,
1197 3952 1330 4031 monitio.

239 4072 366 4154 spondeo
386 4076 416 4132 et
432 4074 517 4150 juro,
546 4087 592 4130 mc
613 4067 754 4147 officinm,
778 4068 857 4146 quod
873 4071 998 4147 suscepi,
1026 4065 1160 4143 fideliter
1177 4073 1206 4128 et
1229 4069 1329 4133 sinccrc,

238 4189 433 4266 quantumin
448 4203 494 4246 mc
509 4191 565 4262 cst,
574 4189 778 4260 enecatarum,
788 4189 817 4244 et
826 4183 1030 4264 impleturum,
1042 4199 1094 4244 nec
1106 4183 1263 4262 quidquam
1271 4182 1298 4240 in
1307 4191 1331 4235 eo
1418 4211 1419 4282 i

237 4306 341 4382 facore
354 4309 407 4364 ant
421 4304 524 4382 pratia
544 4299 675 4361 baanna
690 4305 827 4360 octonem
848 4317 858 4358 :
885 4302 927 4358 sic
946 4317 990 4360 nic
1010 4299 1087 4360 aeos
1105 4298 1225 4378 adjuvat
1247 4297 1272 4354 ct
1284 4289 1330 4350 bac

239 4385 342 4482 uacca
359 4422 415 4483 Dei
431 4419 607 4497 Evanpelio.
630 4440 644 4474 s
1418 4479 1419 4548 ἰ
