2930 5114
482 373 484 380 ·
555 357 634 407 rans
656 357 815 408 suenrus.
1192 341 1254 411 'bul

142 505 243 551 eausa
263 484 460 570 appellandi,
480 485 627 570 quamvis
642 485 819 551 subsistens
832 483 964 570 injure,
986 483 1119 552 dioetur
1130 492 1164 550 iu
1181 491 1262 567 saeta

142 620 209 666 non
224 601 412 667 subsistere.
430 603 488 667 llio
505 619 583 686 ergo
604 603 798 686 supponitur
822 603 993 687 allegatam
1016 601 1115 668 fuisse
1133 621 1262 670 oausam

140 716 329 803 appellandi
343 717 575 783 subsistentem
587 725 620 782 tu
633 723 721 800 jure·
744 726 778 784 et
789 717 893 803 judici
914 724 956 784 aa
977 720 1260 804 puemerpenden-

139 831 221 898 dum
234 853 414 912 remanere,
434 842 545 900 utrum
561 832 714 899 subsistat
733 833 829 901 etiam
852 835 885 898 in
900 835 987 901 laoto
1004 857 1011 900 :
1028 855 1088 920 pro
1105 849 1169 922 qu'o
1190 835 1259 902 beo
1338 893 1343 904 ,

137 949 247 1015 forma
262 949 410 1016 adbiberi
423 951 545 1034 poterit
567 971 574 1017 ε

187 1091 203 1128 a
219 1070 360 1147 Anao...,
377 1087 531 1145 meuse...,
550 1069 655 1146 die...‚
676 1072 765 1143 iu...,
781 1075 969 1150 comparente
988 1071 1108 1132 aureius
1129 1071 1183 1148 Ν.,
1201 1089 1256 1152 up·

129 1187 270 1267 pallanta
286 1189 339 1266 qui
350 1203 453 1266 supra,
465 1187 595 1249 aleareoit
615 1185 793 1246 reuerendus
804 1187 835 1248 N
838 1232 859 1262 .‚
880 1189 1018 1248 Vteartus
1033 1187 1183 1266 parmulis
1200 1187 1255 1250 ltu

124 1307 185 1383 jus
201 1309 311 1365 uestra
327 1303 578 1381 archidioeeeseos
599 1303 640 1364 aci
663 1319 789 1364 emomeu
798 1304 958 1382 proaedere
982 1309 1101 1366 testium
1114 1309 1144 1365 ei
1164 1306 1254 1366 aam-

133 1425 315 1498 meutorum,
341 1437 360 1481 a
386 1421 516 1500 prefato
542 1420 661 1480 domiuo
688 1422 718 1482 N
721 1437 738 1480 .·
758 1420 927 1499 appellante
953 1421 1180 1500 productorum,
1211 1423 1254 1486 ad

123 1537 320 1616 probantium
335 1536 548 1617 appellationis
566 1553 627 1597 sua
649 1553 769 1596 eausam
792 1540 825 1596 iu
839 1537 919 1614 faeta
930 1535 1099 1599 subsistere.
1117 1540 1254 1617 Qrtapro·

122 1657 200 1732 pter
213 1657 384 1714 oaeatusest
395 1653 533 1713 alaminus
550 1653 578 1714 N
581 1679 602 1729 ι,
617 1655 883 1730 tastisassipuatus
894 1648 983 1731 super
991 1657 1093 1732 primo
1104 1659 1134 1714 et
1148 1656 1252 1733 pulmo

127 1771 282 1847 articulo,·
300 1772 353 1850 qui
367 1774 571 1848 iuterropatus
581 1770 643 1848 fuit
659 1773 689 1829 et
701 1769 855 1846 respoudit
867 1773 902 1829 ut
916 1772 1069 1848 sequitur:
1090 1793 1105 1826 s

177 1885 217 1949 Et
235 1885 280 1949 sia
296 1885 523 1952 examinentur
537 1892 639 1949 testes
656 1903 776 1963 omues,
794 1883 897 1949 forma
914 1883 1018 1962 solita,
1036 1903 1133 1970 quam
1151 1903 1248 1969 supra

126 1997 363 2084 indicavimus3
378 2005 449 2064 tum
465 2001 653 2066 instituatur
669 2001 765 2066 etiam
784 2017 920 2065 examen
933 2019 1034 2084 super
1046 2001 1196 2066 omnibus
1209 2001 1250 2068 ab

127 2117 315 2201 appellante
334 2116 481 2201 allegatis
493 2114 535 2181 ad
551 2115 756 2200 probandum
770 2115 1048 2182 intentumsnum.
1064 2117 1166 2183 Verbi
1177 2137 1251 2202 gra-

126 2232 184 2309 tia,
198 2233 224 2297 si
236 2233 417 2315 praetendat
426 2251 466 2298 ex
482 2239 598 2298 ventre
613 2251 783 2316 processus
793 2249 951 2316 apparere
964 2251 1139 2317 moremati
1151 2252 1250 2318 super

127 2347 218 2433 quod
239 2347 508 2433 appellavit‚erit
523 2347 565 2414 de
584 2347 644 2413 hoo
659 2349 779 2413 veritas
792 2348 1005 2432 inquirenda:
1027 2351 1104 2414 item
1128 2351 1155 2414 si
1174 2367 1250 2432 pro·

130 2473 231 2550 ponat
242 2465 327 2552 jura,
345 2467 480 2543 litteras,
502 2466 605 2530 aliave
618 2464 823 2542 documenta,
846 2465 910 2530 erit
923 2463 1101 2531 videndum
1121 2483 1162 2529 au
1173 2483 1249 2548 pro·

130 2583 212 2649 bent
238 2601 412 2666 putamen
441 2582 484 2647 de
513 2601 578 2668 quo
614 2579 780 2666 appellans
810 2580 971 2666 queritur.
1006 2581 1115 2646 Debet
1137 2588 1247 2646 autem

129 2701 293 2765 actuarius
308 2707 410 2765 totam
422 2702 521 2766 telam
536 2701 693 2767 examinis
707 2695 807 2784 snp'er
818 2701 867 2767 his
880 2699 1030 2767 omnibns
1042 2700 1077 2764 in
1095 2699 1176 2764 sotis
1195 2719 1248 2765 re·

128 2807 231 2883 ferr'e.
246 2817 384 2882 Peracto
398 2825 508 2883 autem
525 2817 686 2902 ejusmodi
700 2819 861 2900 examine,
877 2826 1049 2902 antequam
1061 2815 1104 2882 ad
1122 2823 1249 2882 senten*

128 2935 206 3000 tiam
230 2934 433 3015 deveniatur‚
456 2934 609 3021 jubeatur
640 2935 815 3018 appellans,
848 2936 874 3000 si
903 2934 982 3020 quid
1008 2933 1098 3000 aliud
1131 2933 1248 3000 babeat

127 3049 377 3136 producendum
394 3069 588 3136 proponere.
604 3051 668 3134 Qui
682 3059 851 3136 postquam
871 3050 1001 3129 dixerit,
1016 3071 1051 3118 se
1066 3050 1144 3116 nibil
1157 3050 1246 3116 aliud

127 3167 378 3250 producendum
394 3167 527 3246 habere,
548 3169 669 3235 citetur
683 3165 725 3233 ad
740 3166 935 3233 audiendam
951 3152 1154 3236 sententiam.

549 3449 681 3516 assur
708 3452 817 3536 nxrv.

125 3717 240 3774 FORMA
263 3722 468 3772 rnocuusttm
493 3722 628 3784 stnno
653 3721 837 3772 arruntius
867 3722 1057 3772 PRAETENDIT
1078 3723 1173 3782 ACTA,
1199 3683 1242 3772 Al)

141 3854 146 3866 ’
271 3839 415 3888 subrepti
429 3824 471 3886 ad
489 3841 575 3904 quelli
592 3839 810 3900 TRANSMISSA,
830 3840 940 3891 FUISSE
953 3839 1096 3888 VITIATA.

129 4107 133 4114 ’
170 4129 186 4167 a
202 4110 378 4188 comparuit
396 4127 496 4170 aarum
510 4111 630 4172 domiuo
647 4113 675 4174 N
678 4159 700 4188 .‚
721 4115 841 4174 Viaaria
861 4113 1006 4193 partemii,
1024 4114 1162 4174 timuimus
1181 4115 1212 4175 Ν
1215 4160 1236 4190 .,

120 4225 277 4307 appellans
304 4231 355 4306 qui
379 4245 481 4306 supra,
507 4227 641 4289 eruisti
670 4233 703 4290 iu
721 4247 806 4291 maru
824 4234 964 4292 rastitium
980 4233 1159 4309 peremisse,
1181 4248 1241 4291 rou

121 4345 249 4422 reperiri
261 4325 384 4404 iuuetis
399 4346 585 4404 transmissis
601 4345 690 4406 uerba
708 4347 856 4425 quaedam,
870 4365 935 4426 puae
951 4351 1029 4407 aerio
1043 4349 1076 4407 io
1087 4349 1164 4406 uatis
1178 4350 1240 4406 ori·

119 4459 271 4540 pietatibus
280 4459 436 4536 iubeatur,
457 4477 560 4540 nempe
572 4457 617 4545 (et
636 4457 680 4524 ibi
699 4459 924 4544 exprimantur
938 4460 1050 4539 verba,
1069 4477 1140 4547 quae
1156 4477 1239 4546 pre-
