2838 5114
247 341 311 404 368
590 355 779 406 mersans
802 357 846 404 nn
867 357 1016 406 ruorcus.

249 489 434 564 «tanquam
454 479 643 562 Apostolieae
665 477 757 546 Sedis
772 479 931 564 delegati,
956 482 1017 547 boc
1035 488 1102 547 tarn
1126 493 1271 550 sanetum
1293 485 1347 549 offi-

249 617 265 656 α
282 595 368 660 cium
383 601 578 661 exercerent
596 595 713 682 (capite
733 602 793 661 Per
807 597 861 659 too
872 603 906 662 et
922 597 1027 680 capite
1040 601 1085 662 Ne
1106 601 1220 681 ntiqui,
1238 603 1274 664 de
1291 605 1346 664 llo·

249 733 265 772 <a
282 717 398 788 rettcts,
421 713 453 774 in
468 707 544 795 6)...
559 710 686 776 ldcirco
703 709 842 776 officium
860 709 1073 795 delegationis
1093 715 1294 780 sanctissima
1309 717 1347 779 iu-

249 827 460 911 requisitionis
486 825 617 892 videtur
641 825 811 893 inductum
835 847 853 892 a
882 829 1019 894 Summis
1047 829 1258 897 Pontificibus
1280 833 1346 896 citra
1399 865 1400 920 ;

249 967 266 1005 a
283 923 538 1028 quadringentos
553 963 669 1008 annos:
688 945 762 1027 quia
776 952 851 1010 ante
868 943 904 1010 id
917 947 1073 1029 temporis
1087 947 1240 1030 Episcopi
1253 956 1347 1013 aucto
1399 945 1400 952 ’

249 1083 265 1118 a
284 1060 381 1124 ritate
393 1058 556 1124 ordinaria
568 1057 650 1124 illud
662 1038 875 1125 exercebant.
891 1061 958 1126 Nec
969 1061 1063 1127 obest
1081 1065 1190 1146 opinio
1203 1063 1345 1129 Gabrielis

249 1199 265 1236 a
284 1175 466 1241 Prateoli...
489 1175 597 1240 lnnuit
612 1173 667 1240 ille
678 1193 762 1240 anno
776 1185 849 1260 post
863 1175 1027 1242 Christum
1046 1179 1132 1242 1100
1145 1178 1243 1244 fuisse
1259 1179 1346 1264 inqui-

250 1315 265 1353 «
283 1293 397 1357 sitores
416 1297 607 1357 exercentes
632 1289 770 1356 officium
798 1300 919 1374 praeter
938 1293 1131 1377 Episcop0s3
1152 1293 1211 1360 sed
1231 1295 1346 1360 halluci-

250 1433 265 1470 a
287 1417 381 1474 natus
393 1415 442 1474 est
453 1407 485 1473 in
494 1415 678 1490 temporum
693 1409 974 1492 computatione...
988 1409 1195 1475 Hieronimus
1202 1411 1345 1476 Romanus

250 1550 265 1584 a
286 1523 415 1590 videtur
425 1525 546 1589 sentire
554 1524 709 1606 incepisse
720 1531 866 1606 ternpore
879 1525 1060 1589 innocentii
1069 1526 1124 1602 IV,
1140 1527 1344 1610 quiiuitanno

250 1665 265 1701 a
283 1640 400 1706 Christi
421 1641 544 1705 1243...
562 1637 627 1705 Sed
641 1646 768 1704 certum
782 1648 833 1705 est
849 1646 966 1705 sanctae
985 1639 1201 1725 inquisitionis
1222 1641 1343 1708 officinm

248 1781 263 1817 a
285 1775 344 1822 nec
361 1764 431 1822 turn
449 1756 619 1839 incepisse.
641 1757 801 1838 Tempore
817 1757 902 1820 enim
919 1757 1099 1822 Innocentii
1117 1758 1162 1822 IV
1181 1765 1215 1824 et
1227 1759 1345 1824 Alexan-

247 1897 263 1933 «
284 1873 336 1939 dri
350 1875 394 1939 IV
411 1872 549 1938 diversis
565 1871 752 1955 privilegiis,
767 1869 1048 1955 jurisdictionibus
1062 1880 1096 1938 et
1108 1873 1346 1938 immunitatibus

248 2014 262 2052 a
283 1989 473 2056 decoratum
492 1988 575 2063 fuit,
594 1987 619 2051 si
644 1986 759 2051 horum
782 1985 976 2052 Pontificum
1002 1988 1173 2072 privilegia
1191 1989 1346 2072 diligenter

247 2105 537 2190 «perpendantur.
562 2105 714 2168 »Narrat
737 2112 849 2187 postea
873 2104 1026 2169 laudatus
1054 2112 1171 2170 auctor
1203 2103 1346 2190 quomodo

243 2223 461 2307 Albigentium
477 2219 822 2287 baeresisinstituendae
837 2221 1049 2306 inquisitionis
1060 2221 1221 2307 delegatae
1237 2222 1343 2289 occasio

245 2337 393 2406 extiterit
410 2359 417 2404 :
434 2344 505 2402 turn
519 2337 580 2403 hoo
595 2334 691 2402 modo
706 2336 916 2421 prosequitur
934 2359 940 2401 :
962 2339 1115 2403 «Tamen
1130 2357 1207 2403 curn
1225 2336 1347 2404 animad-

248 2481 264 2516 «
286 2461 429 2521 verteret
451 2453 499 2539 (B.
519 2450 716 2536 Dominicus)
735 2472 769 2517 se
794 2471 909 2535 parurn
935 2453 1112 2537 proficere,
1135 2461 1170 2520 et
1196 2453 1345 2520 haereticos

248 2597 264 2634 a
288 2573 337 2659 (ut
346 2572 413 2635 fert
428 2588 541 2635 eorum
558 2567 721 2653 superbia)
743 2570 913 2634 conciones
925 2576 959 2634 et
976 2568 1214 2652 disputationes
1232 2569 1345 2636 catholi-

248 2715 264 2751 c
282 2708 392 2754 corum
404 2685 590 2762 irrIdentes
604 2687 770 2769 longiusin
783 2684 894 2750 diesin
905 2685 1043 2769 perfidia
1054 2693 1089 2751 et
1101 2687 1278 2770 pertinacia
1288 2705 1345 2770 pro

249 2833 261 2860 a
285 2803 419 2880 cedere,
442 2801 552 2867 divino
571 2799 688 2883 spiritu
702 2801 841 2876 afflatus,
864 2809 983 2866 sanctae
999 2801 1216 2890 inquisitionis
1234 2803 1344 2867 institu-

247 2945 263 2984 a
283 2923 361 2987 tioni
378 2919 492 2986 sedulo
511 2924 545 2984 et
564 2919 723 2984 instanter
737 2917 896 2995 incubuit,
918 2927 956 2983 ut
968 2919 1164 2985 auctoritate
1180 2919 1344 3004 Apostolica

247 3061 263 3099 a
280 3035 491 3102 meritissimis
509 3033 613 3116 poenis
625 3032 769 3098 heretici
780 3033 987 3117 punirentur.
1011 3034 1221 3100 cisterciensi
1231 3033 1340 3107 Abbati,
1401 3083 1403 3130 4

247 3177 263 3214 a
281 3154 312 3216 in
333 3151 511 3217 Galliarum
526 3168 627 3232 regno
649 3149 823 3231 apostolica
844 3156 923 3214 tunc
940 3151 1104 3232 legatione
1120 3149 1287 3235 fungenti,
1302 3169 1342 3213 co

247 3293 262 3330 a
281 3269 450 3353 gitationes
476 3265 621 3349 aperuit;
643 3265 698 3348 qui
716 3273 862 3329 sanctum
883 3265 1052 3330 consilium
1071 3265 1192 3332 debitis
1212 3265 1343 3332 laudibus

247 3410 262 3445 a
281 3401 454 3459 exornans,
475 3380 554 3446 dum
565 3378 606 3446 de
618 3399 655 3446 re
672 3379 713 3444 ad
730 3381 895 3446 Summum
910 3381 1099 3448 Pontificem
1113 3384 1238 3462 refert,
1260 3385 1342 3447 Beato

248 3524 263 3560 a
284 3500 450 3566 Dominico
477 3505 594 3562 sanctae
620 3497 830 3580 inquisitionis
853 3517 970 3561 munus
993 3499 1145 3583 injunxit.
1169 3497 1260 3565 Idem
1285 3503 1343 3581 post

247 3617 439 3682 albbatem
456 3612 703 3678 cisterciensem
728 3613 879 3695 praestitit
900 3613 1092 3692 CardinaliS,
1116 3618 1172 3700 qui
1194 3616 1228 3680 in
1245 3611 1343 3680 eodem

248 3757 262 3795 a
280 3751 380 3815 regno
394 3729 493 3814 legati
506 3747 624 3793 murras
638 3727 765 3804 obibat,
785 3735 822 3793 ut
837 3735 950 3812 aperte
967 3738 1093 3796 constat
1109 3749 1151 3796 ex
1167 3731 1290 3798 dnobus
1302 3747 1343 3792 rc·

248 3874 263 3910 a
281 3848 426 3931 scriptis,
445 3864 516 3930 quae
528 3845 564 3908 B.
587 3845 792 3922 Dominicus,
813 3853 850 3910 ut
863 3844 941 3910 fidei
956 3865 1071 3911 censor
1087 3848 1119 3912 in
1134 3847 1249 3914 eadem
1264 3862 1343 3927 expe-

247 3989 262 4025 «
281 3961 362 4028 divit
380 3961 556 4045 provincia.
581 3961 616 4023 ln
642 3979 723 4043 qua,
745 3969 916 4044 postquam
935 3960 1034 4026 rediit
1048 3981 1089 4028 ex
1110 3965 1247 4030 coneilio
1261 3977 1343 4046 gene

246 4106 261 4142 a
281 4080 339 4145 rali
354 4075 579 4152 lateranensi,
602 4095 687 4142 anno
702 4080 805 4154 1215,
829 4077 955 4142 litteras
968 4080 1094 4162 accepit
1109 4081 1151 4145 ab
1170 4075 1341 4146 Innocentio

245 4223 261 4258 a
279 4199 367 4278 Papa
386 4195 450 4270 Ill,
468 4211 606 4276 quarum
620 4191 785 4276 inscriptio
803 4192 848 4257 sic
864 4192 962 4258 babet
980 4216 986 4259 :
1012 4199 1161 4277 Mapa'stro
1184 4199 1275 4278 [ratri
1296 4195 1341 4257 oc

245 4337 261 4374 ι(
280 4317 386 4374 mimico
412 4311 518 4389 atejus
539 4312 626 4370 sociis
652 4311 915 4398 predicatoribus,
941 4296 1016 4389 etc.,·
1033 4311 1151 4394 quibus
1167 4311 1198 4379 ei
1212 4320 1245 4377 et
1261 4305 1338 4374 sociis

245 4453 261 4492 a
278 4445 355 4494 cura
371 4419 631 4490 demandabatur
649 4421 817 4490 hereticos
840 4424 1028 4510 albigenses
1046 4427 1107 4511 piis
1127 4420 1337 4494 exhortationi·
