2838 5114
504 329 584 380 raus
606 331 765 382 secunus.
1121 317 1184 380 373

91 455 175 536 Quod
193 457 373 522 summatim
390 455 496 522 refert
519 455 696 522 Cardinalis
717 454 759 521 de
774 455 859 520 Luca
878 453 1006 540 (Relatio
1020 461 1112 518 euna
1129 459 1188 520 lio-

90 591 182 650 nunu,
199 571 346 638 discursu
364 575 419 649 14,
444 592 477 636 n.
500 574 517 636 t
546 579 580 638 et
598 569 682 657 seq.)
705 571 755 636 his
777 569 888 636 verbis
905 591 912 635 :
932 592 948 630 a
965 571 1031 636 Isto
1055 571 1188 655 inquisi-

93 709 105 744 ι
119 687 206 753 tionis
215 689 340 755 nomine
351 688 471 772 ubique
488 687 636 766 dilatato,
651 689 683 752 in
696 687 786 752 curia
799 683 964 772 (Romana)
975 686 1188 770 inquisitionis

91 825 104 861 u
120 803 251 870 tribunal
271 823 333 887 per
355 805 530 887 ipsummet
552 802 760 882 Pontificem,
783 821 858 868 cum
882 802 952 868 aliis
972 800 1127 866 ministris
1153 808 1188 866 et

91 945 102 976 a
116 919 310 1008 adjutoribus
325 921 417 1008 (qnos
427 919 521 1006 juxta
540 920 800 1004 opportunitates
811 937 976 984 assumere
988 918 1024 982 in
1038 925 1187 1002 tempora

89 1035 289 1121 addebatur)
310 1037 504 1120 regebatur3
521 1045 556 1104 et
575 1037 757 1120 prasertim
777 1053 850 1100 cum
877 1053 978 1118 opera
999 1042 1033 1100 et
1054 1035 1187 1102 oonsilio

88 1153 284 1238 «aliquorum
308 1152 456 1238 ejusdem
479 1153 602 1219 ordinis
629 1153 743 1240 (sancti
766 1149 937 1235 Dominici)
967 1151 1183 1230 alumnorum,

87 1291 99 1328 u
114 1287 245 1353 qnorum
262 1289 375 1345 unum,
395 1270 456 1335 sub
477 1270 606 1334 nomine
623 1274 766 1351 Mapistri
785 1273 873 1334 Sacri
887 1271 1008 1334 Palatii
1033 1277 1185 1353 tanquam

85 1407 99 1444 a
110 1387 317 1452 consiliarium
335 1393 370 1452 et
384 1403 579 1450 assessorem
595 1385 715 1452 habere
728 1386 913 1466 consuevit3
926 1402 965 1448 ae
977 1385 1075 1450 etiam
1089 1384 1185 1452 alium
1266 1364 1279 1384 ⁰

83 1523 97 1559 «
109 1501 163 1566 sub
176 1503 305 1567 nomine
316 1508 514 1565 commissarii
527 1500 623 1585 hujus
634 1501 858 1585 inquisitionis.
876 1499 1068 1585 Deindeque
1085 1516 1186 1566 unum

83 1637 145 1682 aex
157 1617 379 1684 Cardinalibus
391 1635 451 1700 pro
467 1617 537 1702 ejus
553 1616 667 1701 majori
683 1615 848 1700 adjutorio
859 1615 1006 1699 desuper
1021 1616 1181 1699 prefecit,

82 1737 156 1800 «oui
175 1742 353 1819 propterea
370 1739 511 1815 Praefecti
536 1739 747 1816 inquisitionis
768 1752 886 1798 nomen
907 1751 966 1798 seu
990 1732 1185 1800 uocabulum

82 1874 95 1912 a
107 1851 320 1918 tribuebatur.
342 1849 544 1934 singularum
563 1867 642 1916 vero
667 1849 848 1915 dioeoesnm
869 1849 923 1915 vel
943 1849 1184 1933 provinciarum

81 1969 317 2054 «inquisitionis
337 1968 491 2033 ministris
508 1966 771 2034 interioribusue
786 1965 1004 2034 subordinatis
1022 1965 1112 2034 idem
1138 1967 1187 2032 in-

80 2086 261 2169 aquisitoris
277 2102 396 2149 nomen
413 2082 485 2148 dari
504 2085 620 2167 coepit;
641 2084 699 2167 qui
716 2083 913 2148 cumulative
929 2101 1004 2148 cum
1020 2082 1186 2166 Episcopis

79 2200 167 2286 a(qui
184 2219 316 2284 semper
327 2200 464 2266 fuerunt
477 2219 516 2264 ao
531 2207 606 2264 sunt
621 2218 751 2266 suarum
770 2197 949 2266 dioecemm
967 2199 1071 2265 nativi
1085 2200 1187 2283 inqui·

78 2315 224 2400 artiores)
240 2316 329 2382 idem
345 2335 462 2380 munus
477 2323 682 2381 exercerent.
700 2314 781 2380 Cum
797 2322 907 2382 autem
926 2316 1013 2380 circa
1029 2315 1119 2380 initia
1130 2313 1187 2380 de-

77 2455 91 2492 u
108 2434 178 2498 rimi
187 2433 293 2518 quinti
303 2433 420 2511 saculi,
436 2433 621 2502 Lutherana
635 2429 807 2498 heresis...
825 2432 948 2516 aliquus
962 2431 1061 2496 Iutta
1075 2437 1185 2513 partes

77 2549 231 2615 «inficere
246 2549 409 2632 coepisset,
437 2548 511 2614 hine
537 2548 690 2614 Pontifex
716 2549 835 2616 Paulus
859 2549 916 2624 111,
939 2548 1033 2613 btam
1059 2565 1182 2612 sacram

75 2687 89 2726 u
99 2669 276 2754 uniuersalis
288 2671 494 2746 inquisitionis
511 2665 795 2748 congregationem
816 2665 932 2744 erexit,
955 2683 1014 2746 pro
1030 2662 1108 2729 dicti
1123 2665 1183 2730 tri·

74 2781 224 2846 abunalis
249 2782 352 2846 sancti
377 2779 473 2845 officii
495 2782 549 2845 vel
565 2781 780 2864 inquisitionis
802 2781 969 2864 regimine,
994 2799 1032 2844 ac
1055 2779 1183 2850 melion

73 2900 258 2983 «magisque
272 2897 500 2964 auctoritativa
515 2895 706 2962 directione.
727 2898 853 2982 Aliique
874 2915 1077 2962 successores
1096 2897 1180 2962 Pon·

73 3036 86 3074 u
101 3014 201 3079 tifioes
214 3031 286 3079 eam
300 3013 535 3096 approbarunt,
548 3031 585 3076 ao
597 3011 769 3078 facultates
778 3014 962 3096 respective
972 3018 1145 3078 auxerunt.
1161 3034 1178 3076 u

70 3131 111 3194 iix
120 3149 183 3216 qua
192 3129 345 3196 historica
357 3129 489 3194 notione
505 3135 605 3212 patet,
620 3135 723 3194 totam
736 3127 920 3212 delegatam
930 3129 1178 3214 inquisitionem.

69 3245 210 3314 bifariam
221 3245 344 3312 dividi:
359 3246 392 3310 in
401 3244 576 3310 tribunalia
588 3263 707 3328 nempe
719 3245 928 3328 particularia
938 3246 1177 3323 seuinferiora‚

70 3369 100 3428 ot
121 3366 153 3428 in
174 3363 320 3430 tribunal
345 3380 535 3446 supremum
553 3381 611 3428 sen
638 3363 832 3440 universale,
854 3362 943 3447 quod
972 3370 1022 3428 est
1044 3363 1182 3450 ipsamet

69 3497 153 3544 saera
169 3479 378 3562 congregatio
390 3477 583 3544 universalis
593 3478 807 3562 inquisitionis
820 3495 878 3544 seu
892 3478 995 3544 sancti
1012 3477 1117 3544 odioii.

107 3595 269 3661 Institutio
287 3601 397 3658 tamen
417 3593 472 3657 illa
495 3591 651 3676 delegatae
669 3593 881 3678 inquisitionis
903 3595 937 3658 in
951 3594 1175 3676 Hispaniarum

69 3727 163 3793 regno
185 3712 218 3775 in
240 3709 470 3793 particularem
501 3708 639 3774 formam
670 3707 785 3774 adacta
817 3716 878 3776 est.
911 3707 1179 3776 «Ferdinandus

72 3826 236 3910 «quintus,
255 3827 341 3891 circa
358 3843 478 3890 annum
488 3825 618 3890 Domini
637 3826 718 3890 liat
744 3831 801 3890 aut
818 3827 902 3894 1486
927 3826 1115 3909 postulavit,
1140 3834 1179 3892 ut

71 3963 85 4000 u
101 3942 322 4028 inquisitorum
343 3956 477 4006 munere
492 3960 564 4006 sese
579 3941 779 4006 Dominicani
792 3941 912 4008 iratres
922 3940 1124 4026 abdicarent;
1139 3962 1178 4008 ao

71 4079 84 4112 a
102 4059 142 4122 ita
162 4059 299 4124 Romani
318 4056 486 4122 Pontifieis
515 4058 709 4124 auctoritate
732 4033 938 4124 commissum
970 4068 1020 4153 est
1049 4057 1178 4126 clericis

71 4175 315 4252 «saecularibus
333 4192 494 4239 canonum
509 4194 547 4240 ao
559 4176 669 4258 legum
687 4176 811 4257 peritis.
836 4176 944 4255 Quare
961 4174 1054 4259 jussu
1069 4175 1174 4257 regio,

72 4299 133 4356 «et
151 4291 321 4357 Pontificio
339 4309 502 4367 concessu,
517 4289 714 4356 demandata
726 4296 776 4356 est
795 4311 874 4357 euru
895 4289 1115 4360 constituendi
1130 4309 1180 4358 sa·

72 4425 85 4462 n
98 4426 156 4472 ore
177 4406 392 4494 inquisitionis
406 4406 545 4474 officium
565 4405 727 4476 Cardinali
744 4406 930 4492 blendozi05
952 4407 1018 4496 qui,
1034 4406 1180 4474 adhibito
