2878 5114
241 315 305 378 520
584 326 772 379 moruus
795 328 839 378 nn
860 327 1009 393 morsus

239 453 283 538 od
300 451 496 524 visitandum
509 450 622 536 delicti
643 471 779 538 oorpns3
797 450 1025 540 sufficiantque
1037 450 1115 523 dun.
1136 456 1206 534 nin
1217 454 1336 529 punine

242 597 259 632 α
273 578 384 638 entem
401 568 506 652 stupri
526 568 583 654 (ait
609 569 779 652 negatus,
796 573 896 633 Praei
917 572 1084 649 criminati,
1109 589 1182 658 onp.
1196 573 1227 648 i,
1254 589 1286 638 n.
1298 569 1337 654 8),

241 687 448 754 omittentur
463 693 533 750 tres
550 683 753 750 obstetrices.
779 707 795 745 u

283 807 363 870 Nota
374 805 406 868 i.
423 803 456 866 Si
467 802 502 866 in
518 802 626 886 dique
640 802 773 886 regione
789 822 809 868 n
822 801 952 886 legibus
973 801 1183 875 seenlnribns
1197 801 1343 886 impedio·

236 928 293 988 tur
305 919 543 987 ecclesiasticus
550 917 665 1004 judex,
680 938 721 984 ne
732 919 949 987 visitationem
958 921 1105 1003 eorporis
1115 919 1228 989 delicti
1238 921 1345 1010 exequi

234 1037 347 1122 pessit,
366 1034 408 1100 de
423 1035 482 1100 huo
499 1035 756 1120 impossibilitate
781 1035 904 1101 mentio
921 1034 981 1100 tint
1004 1037 1100 1114 netis,
1129 1037 1164 1100 in
1189 1044 1224 1102 et
1242 1055 1344 1122 proce·

236 1152 336 1220 detur
352 1151 488 1236 perinde
507 1171 544 1218 ac
569 1153 596 1216 si
623 1150 780 1216 delictum
801 1151 937 1234 uestigia
959 1170 1025 1218 non
1048 1152 1246 1238 reliquisset.
1262 1153 1345 1224 Dion

236 1277 346 1338 nutem
360 1269 483 1334 mentio
496 1266 569 1332 fieri
584 1267 706 1352 poterit
726 1265 760 1330 in
774 1265 860 1332 hune
874 1266 1008 1334 modum
1023 1289 1030 1334 ι

284 1408 300 1448 u
321 1390 465 1465 Quamvis
482 1391 582 1447 autem
602 1387 755 1463 aetutem,
774 1405 867 1467 supra
884 1388 937 1450 sud
958 1405 1123 1452 numm...
1142 1393 1339 1464 memoratum,

235 1507 277 1568 sit
292 1504 368 1584 tacti
376 1506 593 1582 mametis,
610 1519 645 1565 uo
657 1507 865 1582 amoenior
876 1521 932 1584 per
946 1521 977 1564 ss
996 1507 1203 1569 visitationem
1221 1507 1342 1587 eorporis

234 1619 338 1686 delicti
354 1622 528 1698 requireret,
546 1636 613 1680 eum
635 1623 734 1680 tamen
754 1619 837 1682 dieto
862 1621 992 1684 Bidiouo
1008 1623 1182 1685 examinari
1204 1638 1234 1682 se
1253 1620 1288 1682 ot
1301 1620 1342 1682 ud

236 1736 407 1798 steirieidus
429 1740 532 1816 moute
549 1751 609 1796 nou
625 1738 801 1813 cummisi,
821 1740 851 1796 ei
873 1753 928 1815 per
947 1736 1024 1816 tapes
1047 1737 1206 1801 secuturis
1225 1739 1341 1818 repient

235 1858 346 1920 instro
355 1851 565 1932 praepediatur
568 1852 670 1932 judee
683 1851 908 1930 detensiones,
928 1871 965 1916 ne
979 1853 1021 1914 od
1036 1853 1070 1916 id
1084 1871 1151 1918 eum
1165 1870 1264 1932 cupere
1278 1869 1340 1934 pos-

235 1972 289 2046 sit,
305 1970 519 2049 pronuntiavit
534 1985 597 2029 reo.
613 1971 643 2032 N
645 2014 667 2045 .,
686 1970 824 2030 Vivariun
839 1970 988 2050 poneretis
1003 1973 1210 2041 visitationem
1222 1970 1339 2048 osupum

233 2085 350 2162 delicti,
367 2089 468 2166 utpote
486 2085 698 2167 impossttttem
714 2089 747 2148 iu
759 2104 841 2162 cusu,
861 2104 921 2148 two
938 2089 1065 2166 requiri,
1082 2092 1113 2150 et
1128 2105 1165 2150 sa
1182 2090 1288 2150 omissa
1301 2084 1341 2146 ui-

239 2203 333 2264 terius
349 2217 410 2262 esse
423 2198 652 2282 procedendum.
673 2224 689 2260 s

674 2481 808 2550 CAPUT
830 2485 916 2548 xttt.

596 2752 707 2820 sonus
730 2752 863 2800 cneum
877 2751 1006 2800 unsrns.

287 3025 476 3098 Necessarie
486 3031 536 3091 est
547 3024 679 3090 testium
694 3019 817 3100 eitutio,
836 3028 907 3092 tnm
922 3021 995 3105 quin
1008 3020 1151 3106 dnoudn
1166 3020 1340 3105 plenumque

242 3139 285 3208 od
302 3139 535 3223 deponendum
546 3158 610 3207 non
625 3139 787 3216 venirent,
808 3146 877 3203 tum
893 3138 968 3222 quin
988 3145 1105 3221 sponte
1121 3126 1287 3209 vernentes
1300 3153 1340 3205 re·

243 3256 401 3340 guluriter
424 3253 467 3320 de
481 3253 556 3340 inre
572 3262 648 3322 sunt
665 3254 817 3337 suspecti.

287 3372 418 3466 Duplex
429 3377 539 3438 eutem
558 3369 788 3455 distinguenda
803 3377 853 3436 est
878 3370 1013 3439 testium
1027 3371 1138 3440 citatio
1158 3393 1165 3437 :
1188 3375 1220 3436 1⁰
1235 3389 1271 3438 en
1283 3385 1341 3453 qun

244 3488 317 3558 fieri
324 3487 409 3555 solet
420 3505 481 3570 pro
495 3485 723 3555 informatione
737 3487 850 3565 eurise,¹
860 3493 1036 3571 antequem
1050 3488 1174 3566 uitetur
1188 3505 1261 3554 reus
1272 3482 1341 3552 etto

245 3606 287 3672 sit
300 3609 498 3688 contestetn5
513 3602 624 3668 i⁰eliae
639 3622 710 3687 qnae
721 3591 806 3668 fiunt
815 3601 882 3688 jam
899 3603 997 3668 citato
1012 3611 1046 3668 et
1059 3605 1235 3670 constituto
1244 3619 1305 3679 reo,
1315 3604 1341 3664 et

243 3722 303 3788 lite
319 3725 511 3797 contestata,
532 3720 600 3786 sivo
615 3717 659 3786 ud
673 3717 905 3802 deponendum
920 3721 1026 3803 prison
1042 3720 1125 3799 vioe,
1145 3720 1173 3786 si
1189 3716 1341 3806 prointus·

245 3837 386 3924 motione
405 3835 578 3905 summarie
592 3855 656 3901 non
671 3837 807 3903 fuerunt
825 3836 941 3913 vocnt,
963 3836 1031 3904 site
1051 3836 1094 3905 ud
1109 3835 1286 3912 iterandum
1295 3830 1340 3898 de·

246 3953 439 4039 positionem
447 3953 517 4038 jum
529 3952 571 4020 nb
581 3953 659 4036 ipsis
668 3952 801 4021 fuctum.

292 4072 396 4138 Porro
410 4070 445 4134 in
460 4069 561 4154 priori
575 4086 662 4144 casn,
678 4068 830 4148 testibus,
846 4067 924 4136 dnm
940 4067 1095 4146 otientur,
1115 4087 1181 4136 non
1194 4063 1339 4142 dietunin

248 4204 312 4270 qne
337 4204 433 4252 musa
458 4183 624 4270 deponere
645 4185 799 4264 debeant,
825 4185 902 4252 lieet
925 4185 1121 4269 plerumque
1149 4205 1192 4250 ex
1223 4184 1339 4256 enenn

248 4302 373 4366 stentiis
391 4300 452 4367 hoe
470 4302 687 4384 suspieentur.
715 4304 753 4368 In
768 4301 937 4386 posteriori
959 4306 1088 4383 entem,
1107 4321 1182 4369 eum
1203 4301 1264 4388 jun
1279 4311 1338 4368 rent

247 4420 288 4484 sit
311 4418 515 4496 eonstitntns,
535 4419 671 4502 enprimi
687 4425 796 4503 potest
815 4439 871 4486 eos
896 4419 1004 4487 uoueri
1018 4417 1061 4488 nd
1078 4416 1299 4502 deponendum
1311 4413 1334 4474 iu
