2838 5114
490 416 567 464 rans
589 415 746 462 saccant.
1113 395 1177 458 395

80 539 183 623 injusta
194 539 386 604 ¹estimanda
406 539 493 606 foret
519 539 606 606 dicta
631 560 744 625 poena,
772 559 836 605 non
859 536 1072 621 inquisitionis
1089 537 1179 600 insti·

80 656 183 721 tuticni
197 655 233 720 id
249 653 513 738 exprobrandum
537 657 637 740 foret3
666 655 725 721 sed
750 653 951 738 principibus
974 651 1181 749 scapularibus

82 773 192 836 crimini
211 772 407 837 vertendum
431 772 519 856 quod
544 791 615 838 cam
642 774 825 848 sanxerint,
849 778 882 835 et
900 767 976 834 sedi
991 768 1179 850 Apostolicae

81 887 155 970 quod
174 905 247 952 cam
266 888 497 971 approbaverit
516 895 550 952 et
569 894 728 953 servatam
751 885 901 952 voluerit.

116 1008 257 1083 Secundo,
274 1004 331 1070 sed
343 1022 448 1088 neque
459 1013 637 1088 potestates
650 1005 831 1082 saeculares
843 1003 885 1068 ob
902 1010 1053 1068 statutam
1071 1001 1180 1085 lmjus-

80 1120 156 1185 modi
171 1141 312 1205 prauam,
326 1121 490 1206 injustitiae
505 1122 601 1188 facile
617 1121 827 1197 insimulabit,
847 1121 903 1205 qui
916 1127 1098 1201 temporum
1116 1136 1180 1202 quo
1196 1125 1200 1132 '

76 1233 133 1299 nac
147 1245 221 1301 ncta
236 1245 311 1300 sunt
325 1237 497 1316 rationem,
516 1244 549 1302 ct
565 1239 755 1302 societatum
772 1237 913 1300 civilium
930 1245 1008 1300 tunc
1024 1235 1181 1317 temporis

77 1351 229 1433 rigentem
243 1352 380 1418 formam
394 1353 585 1419 attenderit.
602 1357 669 1420 Hoc
683 1355 806 1418 scilicet
818 1353 976 1436 principio
991 1350 1181 1416 fundamen·
1214 1381 1220 1392 ·

75 1469 122 1532 tali
133 1469 286 1554 quaelibet
301 1472 487 1555 temporalis
503 1471 685 1552 respublica
698 1469 875 1546 nitebatur,
890 1474 930 1532 ut
941 1469 1092 1551 princeps
1103 1472 1179 1531 ante
1251 1523 1254 1528 .

75 1589 170 1650 omnia
186 1585 346 1668 dogmatis
366 1587 515 1652 catholici
531 1607 589 1651 scu
609 1584 687 1651 fidei
703 1585 881 1668 integritati
897 1583 1101 1665 consuleret3
1120 1600 1181 1647 nec

74 1700 99 1764 ei
111 1720 128 1763 a
141 1702 269 1783 populis
286 1701 449 1766 catholicis
468 1721 617 1766 concessa
639 1720 790 1784 suprema
806 1707 949 1784 potestas
971 1697 1177 1774 censebatur,

73 1814 125 1877 nisi
137 1813 198 1880 sub
212 1815 274 1879 boc
288 1815 386 1880 tacito
403 1808 509 1898 pacto,
521 1814 608 1900 quod
625 1817 764 1880 haereses
779 1813 894 1898 procul
911 1821 1048 1891 arceret,
1062 1817 1096 1877 ct
1110 1821 1181 1877 tan·

74 1949 162 2014 quarn
189 1934 366 1997 maximnm
392 1943 426 1997 et
451 1934 754 2016 periculosissimum
778 1932 944 2016 publicum
969 1931 1092 1996 crimen
1115 1932 1183 2013 ple·

74 2055 186 2115 ctcret.
214 2049 329 2125 Unde,
359 2049 441 2112 sicut
467 2055 592 2114 attento
621 2049 771 2132 dogmate
798 2049 975 2125 catholice,
1010 2049 1184 2113 maximum

72 2161 224 2245 flagitium
257 2170 307 2228 est
337 2164 482 2241 haeresiS,
514 2166 557 2230 ita
586 2173 710 2229 attenta
743 2164 978 2230 fundamentali
1010 2163 1185 2248 cujuslibet

72 2281 255 2363 temporalis
277 2281 463 2363 reipublicae
483 2282 722 2359 constitutione,
742 2301 802 2364 pro
818 2282 875 2346 cali
896 2283 928 2344 in
950 2279 1021 2346 foro
1039 2280 1184 2346 saeculari

74 2395 192 2459 crimen
207 2394 291 2459 illud
303 2396 415 2460 haberi
427 2406 460 2461 et
474 2399 621 2463 coerceri
634 2397 778 2463 debebat
793 2383 805 2462 ε’
816 2417 889 2462 cum
907 2397 1069 2480 praecipue
1086 2414 1184 2479 expe<

73 2509 184 2574 rientia
213 2509 375 2577 docuisset
404 2514 511 2577 statim
535 2514 705 2578 imminere
733 2512 908 2612 seditiones
931 2521 965 2577 et
988 2509 1104 2588 caedes,
1127 2510 1182 2574 ubi

72 2625 244 2691 haeresibus
267 2625 364 2711 janua
383 2635 524 2711 pateret.
548 2631 629 2693 Hinc
651 2629 757 2713 quoad
787 2627 946 2713 ejusmodi
965 2627 1128 2711 principes
1149 2634 1182 2690 et

70 2741 397 2828 catholicospopulos,
413 2763 479 2808 non
490 2744 573 2811 adeo
585 2746 701 2810 mirum
715 2745 819 2811 videri
834 2744 945 2821 debet,
960 2740 1181 2826 sceleri,qu0d

71 2860 241 2923 maximum
264 2861 427 2923 communi
447 2879 605 2925 consensu
626 2862 852 2944 reputabatur,
872 2859 1025 2946 quodque
1043 2859 1109 2923 calc
1133 2864 1182 2922 est

70 2980 195 3046 attenta
208 2974 360 3059 dogmate
373 2976 544 3056 catholico,
557 2981 725 3041 maximam
739 2977 836 3041 fuisse
850 2978 1023 3059 irrogatam
1038 2993 1178 3060 poenam.

114 3093 223 3170 Tertio,
236 3089 408 3173 praedictas
419 3093 582 3158 saecularis
595 3095 764 3175 potestatis
776 3094 864 3174 leges
876 3079 1068 3176 approbare,
1079 3098 1113 3155 et
1125 3107 1182 3154 sua

69 3204 163 3270 simul
176 3209 369 3271 auctoritate
389 3209 520 3273 firmare
540 3211 647 3293 potuit
663 3209 816 3284 Ecclesia,
836 3208 861 3271 si
874 3209 964 3291 leges
979 3207 1040 3272 illae
1055 3205 1180 3291 injustae

69 3339 132 3384 non
149 3320 268 3387 fuerint
293 3346 300 3389 :
323 3327 413 3407 atqui
428 3325 461 3389 in
483 3328 669 3392 memoratis
691 3326 900 3408 pristinorum
919 3332 1103 3408 temporum
1121 3323 1182 3386 cir-

70 3439 284 3517 cumstantie,
311 3440 446 3524 injustas
474 3441 572 3507 fuisse
603 3443 660 3507 bas
683 3444 773 3524 leges
797 3442 929 3525 probari
958 3441 1090 3524 nequit,
1121 3438 1183 3504 etsi

69 3553 280 3620 acerbissimae
299 3557 333 3621 in
352 3549 724 3637 haereticos'videantnr,
746 3566 783 3624 ut
801 3558 899 3624 modo
920 3558 1070 3623 diximus.

115 3675 238 3750 Quarta,
262 3674 412 3757 scriptori
434 3673 591 3739 catholico
613 3675 741 3740 minime
759 3677 882 3740 licitum
900 3674 1046 3758 reputari
1062 3670 1178 3747 debet,

68 3786 280 3868 Apostolicam
300 3789 416 3854 Sedem
437 3790 666 3869 condemnare,
686 3793 777 3875 qnasi
796 3810 933 3874 pravum
949 3789 1027 3874 quid
1047 3796 1080 3853 et
1099 3787 1182 3871 inju-

68 3909 159 3967 stum
173 3907 361 3986 patraverit,
387 3906 464 3972 dum
481 3907 599 3994 Jmortis
619 3927 746 3991 poenam
769 3909 803 3972 in
819 3907 987 3972 baereticos
1002 3928 1020 3970 a
1036 3905 1183 3970 saeculari

68 4025 228 4099 potestate
247 4023 362 4100 latam,
386 4042 444 4088 suo
464 4043 596 4089 assensu
617 4024 770 4090 firmavit.
790 4026 870 4089 Nam
889 4022 1048 4107 ejusmodi
1065 4041 1177 4105 poena,

66 4142 228 4218 quatenus
241 4139 281 4204 ab
295 4142 488 4205 auctoritate
506 4141 719 4206 ecclesiastica
736 4141 930 4223 approbata,
948 4141 980 4202 in
995 4138 1181 4222 generalem

66 4251 216 4318 Ecclesiae
244 4256 443 4340 disciplinam
473 4259 615 4334 transiit,
648 4267 681 4323 et
708 4279 767 4344 pcc
798 4260 892 4342 plura
919 4257 1035 4322 saccula
1064 4256 1177 4338 viguit.

68 4367 176 4432 Porro
194 4377 281 4436 certa
296 4380 330 4437 et
345 4373 474 4438 omnino
496 4372 639 4439 tenenda
662 4371 834 4439 doctorum
858 4373 1089 4438 catholicorum
1108 4387 1199 4462 sens

68 4483 176 4547 tentia
198 4495 255 4564 est,
283 4507 446 4576 nunquam
470 4509 561 4624 posse
589 4490 762 4556 Ecclesiam
791 4490 979 4554 catholicam
1005 4485 1179 4574 quidquam
