2838 5114
214 395 277 459 436
564 408 752 458 rnacmrus
775 411 819 458 nu
840 409 989 460 ruorcus.

215 536 348 603 «luerit
369 535 411 600 ab
434 533 623 613 Ordinario‘,
648 537 680 600 in
702 535 795 620 cujus
819 536 952 602 dioecesi
979 556 1109 605 causam
1134 547 1322 626 cognoscet,

124 741 125 744 Ἴ
214 653 372 719 «etiamsi
386 650 474 718 idem
491 650 683 716 Ordinarius
705 653 756 731 sit,
771 654 827 737 qui
847 655 982 737 primam
1002 657 1198 724 sententiam
1221 657 1256 723 in
1276 675 1327 722 ea·

212 769 317 836 adem
333 787 428 835 causa
443 769 716 852 pronuntiaverit.
733 792 749 830 o

254 889 417 954 Punctum
441 883 500 949 ΙΠ.
528 921 573 932 --
599 889 744 964 thisaam
766 892 808 948 sit
832 889 969 967 defensor
996 895 1186 954 matrimonii
1211 893 1328 971 quando

208 1023 299 1066 caasa
313 1001 549 1065 matrimonialis
564 1003 661 1063 Roma
668 1003 838 1081 judicanda
852 1005 918 1064 est?
934 1039 977 1051 -
995 1005 1024 1066 l.
1043 1002 1224 1070 Cardlnalis
1239 1005 1329 1070 Vica-

207 1119 290 1196 rius,
307 1114 416 1201 quoad
433 1135 544 1182 causas
562 1116 814 1182 matrimoniales
828 1117 890 1182 sibi
908 1117 942 1181 in
960 1118 1065 1200 prima
1081 1120 1234 1185 instantia
1254 1119 1329 1186 sub-

204 1233 324 1320 jectas,
344 1232 432 1298 idem
446 1231 548 1298 debat
564 1250 723 1315 peragere
740 1253 777 1297 ac
795 1232 931 1318 quilibet
946 1234 1122 1318 Episcopus
1140 1237 1174 1300 in
1196 1235 1330 1302 dioecesi

206 1370 278 1430 sua,
303 1357 337 1416 et
356 1348 474 1415 codem
501 1347 599 1413 modo
620 1349 763 1433 aliquem
779 1351 977 1415 constituere
997 1351 1192 1416 matrimonii
1215 1350 1330 1417 defen·

153 1456 159 1469 ⁴
205 1480 324 1534 sorem.
347 1463 443 1546 Quod
462 1463 538 1530 vide
563 1483 717 1546 expresse
742 1462 912 1530 decretum
931 1450 965 1529 ‘in
985 1463 1073 1530 dieta
1095 1467 1329 1533 constitutione

204 1581 375 1650 Benedicti
392 1582 478 1658 XIV,
501 1585 516 1658 ἕ
535 1584 587 1646 13.

246 1703 278 1765 2.
294 1699 425 1764 Gaeterae
437 1715 539 1762 causae
552 1697 815 1775 matrimoniales,
832 1715 903 1778 quae
919 1695 962 1763 ad
976 1696 1095 1763 Sedem
1107 1698 1327 1782 Apostolicam

202 1814 409 1891 deferuntur,
429 1813 545 1878 sivein
561 1812 666 1896 prima
684 1814 835 1878 instantia
850 1831 889 1877 ex
905 1832 1065 1879 consensu
1084 1815 1240 1898 partium,
1254 1815 1328 1880 sive

201 1929 398 1998 insecundo
425 1947 485 2012 per
512 1927 777 2012 appellationem,
800 1928 916 1994 omisso
936 1929 1055 2007 medio,
1078 1931 1197 1996 sivein
1224 1933 1327 1996 tertia

201 2047 364 2123 instantia,
382 2043 563 2129 judicanda
579 2045 736 2110 committi
752 2045 869 2122 solent,
889 2045 942 2110 vel
957 2046 1059 2124 Sacrae
1076 2045 1327 2129 congregationi

202 2161 353 2238 Concilii,
372 2160 426 2225 vel
439 2159 609 2225 Auditorio
633 2159 840 2236 Palatii,ch
864 2160 959 2225 alicui
982 2160 1173 2244 particulari
1194 2159 1237 2226 ad
1259 2161 1326 2227 hoc

201 2277 367 2361 deputatae
388 2275 639 2360 congregationi.
660 2274 759 2361 (Vide
775 2274 810 2339 id
829 2275 953 2359 pariter
969 2295 1160 2359 expressum
1179 2276 1213 2341 in
1230 2275 1327 2343 dicto

202 2393 442 2458 constitutionis
461 2389 690 2475 paragrapho.)

245 2512 277 2576 3.
290 2509 395 2575 Porro
406 2504 515 2593 quoad
526 2523 637 2572 causas
647 2526 665 2571 a
675 2505 930 2590 congregatione
941 2506 1075 2572 Concilii
1085 2506 1321 2588 terminandae,

196 2625 395 2690 matrimonii
413 2622 568 2688 defensor
586 2621 739 2705 deputari
758 2621 858 2688 debet
873 2644 891 2688 a
907 2622 1070 2694 Cardinali
1088 2623 1251 2689 Praelecto
1275 2625 1324 2690 di-

201 2750 261 2806 otae
274 2740 548 2824 congregationis:
563 2737 671 2824 quoad
684 2757 797 2803 causas
809 2737 978 2804 Auditorio
993 2739 1108 2826 Palatii
1119 2742 1320 2820 commissas,
1415 2809 1416 2839 ,

200 2877 218 2922 a
236 2856 362 2922 decano
380 2854 477 2940 hujus
493 2854 665 2919 tribunalis
684 2855 879 2920 matrimonii
898 2853 1054 2921 defensor
1071 2857 1321 2924 constituendus

200 2981 251 3039 est
269 2995 276 3038 ε
295 2972 480 3038 eltrudem
500 2971 526 3035 si
544 2989 671 3036 causam
688 2969 836 3054 judicare
856 2969 976 3037 debeat
994 2975 1206 3056 congregatio
1225 2975 1326 3058 parti-

197 3090 326 3167 cularis,
336 3087 464 3172 dignior
473 3085 620 3170 ejusdem
633 3087 891 3170 congregationis
904 3084 1111 3153 defensorem
1125 3089 1323 3156 matrimonii

199 3201 390 3268 nominabit.
409 3199 520 3286 (ibid,
539 3205 553 3277 ἕ
573 3197 640 3282 13.)

244 3317 476 3384 Parcarum.
495 3352 539 3364 -
555 3318 711 3396 Qudnam
731 3321 772 3379 sit
788 3317 917 3396 officitur
936 3319 1102 3397 defensoris
1120 3321 1321 3380 matrimonii.

199 3471 245 3486 -
258 3432 423 3519 Ejusmodi
441 3431 578 3498 officium
597 3429 794 3496 determinat
810 3431 1007 3497 Benedictus
1026 3433 1101 3498 XIV
1115 3432 1166 3498 his
1183 3432 1315 3498 verbis:

203 3549 284 3616 «ld
299 3548 437 3616 officium
453 3554 562 3614 autem
582 3547 763 3614 defensoris
780 3549 1058 3615 matrimoniorum
1075 3558 1114 3614 ut
1132 3569 1234 3634 supra
1253 3549 1323 3615 ele·

202 3670 277 3732 acti
294 3666 470 3750 spectabit,
486 3666 519 3729 iu
534 3663 692 3748 judicium
707 3665 836 3742 venire,
861 3665 1130 3749 quotiescumque
1149 3665 1324 3748 contigerit

202 3781 487 3849 «matrimoniales
509 3798 623 3845 causas
648 3798 749 3863 super
772 3779 939 3846 validitate
963 3781 1017 3846 rel
1038 3780 1190 3846 nullitate
1214 3799 1323 3846 coram

202 3899 376 3983 «legitimo
401 3894 511 3982 judice
541 3893 736 3978 disceptari3
759 3914 899 3980 eumque
927 3896 1093 3979 oportebit
1118 3897 1153 3960 in
1177 3895 1324 3981 quolibet

175 4027 180 4036 ’
203 4023 310 4081 «actu
326 4013 473 4099 judiciali
486 4014 590 4090 citari,
611 4011 726 4078 adesse
741 4013 880 4078 examini
892 4014 1035 4092 testium,
1051 4031 1133 4079 voce
1150 4020 1185 4079 et
1196 4012 1323 4096 scriptis

202 4132 428 4200 «matrimonii
446 4129 645 4196 validitatem
671 4130 773 4206 tueri,
796 4148 898 4214 eaque
918 4130 1025 4195 omnia
1045 4129 1226 4208 deducere,
1247 4147 1321 4215 quae

202 4248 272 4316 aad
283 4248 524 4315 matrimonium
534 4246 760 4312 sustinendum
771 4248 951 4312 neccssaria
963 4247 1148 4314 censebit.»
1171 4247 1206 4334 (s
1224 4245 1274 4330 6.)

244 4368 382 4450 Insuper
410 4361 556 4428 decernit
579 4360 685 4426 dictus
701 4361 869 4438 Pontifex,
887 4369 925 4427 ut
946 4360 1102 4427 defensor
1121 4361 1319 4428 matrimonii

198 4501 262 4547 nou
276 4480 428 4563 appellet,
444 4479 469 4543 si
487 4479 725 4542 matrimonium
739 4479 971 4558 pronuntietur
983 4478 1149 4544 validum:
1168 4495 1186 4542 e
1204 4485 1318 4542 contra
