2948 5126
196 335 199 342 “
253 364 295 428 aa
594 370 782 426 maornrns
803 371 848 424 nu
870 369 1018 424 marcus.

245 504 386 584 mmm,
404 493 877 589 manuetnaanamu‘aaa
891 491 934 567 ae
947 479 1253 608 arianissimo
1268 478 1365 604 jaer
1462 477 1463 552 ὲ

253 619 440 704 prudentia,
458 619 641 686 restrictior
650 618 785 685 inhaeret
793 618 869 684 huic
883 618 1044 684 vocabulo
1056 637 1179 684 sensus.
1193 616 1264 684 Nan
1279 607 1366 682 enim

246 735 297 804 -d'e
311 735 519 822 qualibet're,
540 737 600 802 sed
621 736 663 802 de
676 737 783 821 aliquo
800 723 970 802 dumtaxat
990 734 1111 801 delicto
1135 734 1250 800 notitia
1275 718 1364 810 data,

116 859 119 862 ’
248 850 456 923 :denuntiatio
469 853 502 916 in
515 851 589 937 jure
603 859 756 918 vocatur:
774 850 970 937 usqueadeo
986 848 1028 915 ad
1046 849 1296 916 denuntiationis
1313 849 1368 914 ‘ee

253 969 391 1034 santiam
405 970 570 1052 pertinere
585 977 623 1034 ut
641 968 685 1033 ait
705 971 834 1050 cincius
852 971 956 1032 delicti
973 971 1189 1048 manifestatio,
1209 971 1259 1032 est
1279 979 1369 1030 cnm-

254 1085 360 1150 munis
371 1083 542 1150 doctorum
558 1085 728 1164 sententia,
747 1077 785 1149 ut'
796 1083 910 1150 videre
926 1091 976 1148 est
994 1085 1027 1147 in
1045 1098 1158 1148 eorum
1171 1057 1371 1148 commenti·

255 1201 311 1266 riis
325 1200 369 1267 ad
386 1202 518 1266 titulum
542 1205 570 1279 i,
598 1201 675 1268 libri
694 1205 713 1266 5
737 1200 961 1267 decretalium.
985 1202 1056 1266 Non
1076 1207 1186 1264 tamen
1214 1197 1371 1284 quaelibet

255 1316 471 1384 manifestatio
486 1317 601 1382 delicti
620 1316 829 1383 denuntiatio
846 1318 976 1400 proprie
996 1314 1083 1381 dicta
1100 1313 1285 1398 reputanda
1304 1318 1368 1378 est.

245 1433 336 1498 llam
352 1434 378 1498 ei
393 1432 465 1517 quis
478 1433 612 1499 alterius
626 1432 782 1498 delictum
795 1419 909 1499 notum
925 1431 1056 1518 quidem
1073 1431 1180 1511 faciat,
1199 1429 1258 1496 sed
1274 1430 1372 1495 alteri

254 1565 352 1632 quam
367 1547 586 1633 delinquentis
602 1549 772 1632 superiori,
793 1547 829 1614 id
843 1548 972 1613 minime
986 1549 1020 1611 in
1038 1564 1134 1612 sensu
1145 1545 1227 1631 juris
1243 1545 1372 1610 denun-

248 1664 348 1730 tiatio
366 1665 441 1731 erit.
467 1665 540 1730 Dici
558 1683 637 1747 ergo
656 1663 759 1729 debet
781 1659 1059 1729 denuntiationem
1077 1679 1148 1728 esse
1172 1665 1302 1744 alicujus
1319 1663 1372 1726 ee·-

246 1782 322 1844 .iicii
338 1783 611 1861 manifestationem
629 1777 777 1863 superiori
792 1783 916 1861 facturn.
941 1778 1005 1844 Sed
1024 1795 1132 1865 neque
1152 1779 1198 1843 sic
1217 1785 1372 1844 accurate

257 1895 391 1962 delinita
409 1906 596 1970 remaneret
608 1897 833 1980 denuntiatio;
851 1897 878 1962 si
889 1895 1021 1980 quidem
1040 1913 1105 1960 non
1129 1891 1374 1986 discerneretur

256 2012 534 2090 sterceratione,
556 2031 628 2097 qnae
652 2007 777 2096 etipsa
795 2018 846 2077 est
866 2001 1001 2097 alicuius
1022 2008 1136 2076 delicti
1155 1993 1374 2077 manifestatio

252 2121 418 2204 superiori
424 2117 519 2188 facta.
534 2119 693 2186 addenda
706 2139 784 2203 ergo
800 2127 850 2185 est
864 2120 1125 2204 qualitasaliqua,
1139 2117 1375 2182 denuntiationi
1462 2201 1463 2206 ἵ

199 2219 203 2224 ’
253 2230 386 2296 ¹cumino
404 2230 547 2312 propria,
566 2244 629 2313 qua
647 2227 688 2292 ab
706 2229 775 2311 ipsa
794 2229 892 2295 etiam
910 2228 1114 2292 accusatione
1139 2219 1371 2308 distinguntur.
1462 2307 1463 2310 Ἴ

250 2346 374 2423 Porro,
385 2353 423 2410 ut
435 2344 595 2428 superiori
610 2345 716 2428 capite
731 2363 805 2410 cum
818 2343 927 2411 Lessio
943 2343 1093 2419 diximus,
1111 2343 1144 2407 in
1156 2359 1196 2406 ec
1209 2341 1374 2425 precipue
1462 2335 1463 2392 i

259 2456 416 2528 differunt
430 2467 598 2525 accusator
612 2466 646 2525 et
663 2457 883 2537 denuntiator,
902 2457 991 2544 quod
1009 2459 1100 2542 prior
1116 2477 1199 2524 onus
1213 2453 1376 2540 probandi
1462 2513 1463 2524 ,

254 2575 320 2655 sibi
342 2584 493 2655 assumat,
512 2576 675 2660 posterior
690 2587 753 2642 nou
775 2576 833 2640 ita.
850 2575 990 2660 ¹ddjecta
1011 2594 1093 2659 ergo
1109 2575 1169 2640 hac
1190 2573 1376 2640 distinctiva

254 2692 428 2777 ‚qualitate
447 2693 491 2758 sic
505 2700 596 2760 recte
612 2691 742 2758 definiri
756 2699 864 2774 potest
875 2691 1078 2759 denuntiatio
1097 2713 1105 2757 :
1122 2695 1257 2774 Attrajns
1269 2693 1377 2755 dolien
1462 2669 1463 2674 ἵ

255 2811 466 2888 maiiestatio
482 2814 630 2890 superiori
641 2810 734 2888 secta,
753 2827 813 2870 non
826 2816 980 2890 assumpto
994 2809 1144 2890 probandi
1160 2824 1259 2872 oncrc.

256 2977 260 2984 .
305 2922 443 3006 Quando
455 2922 649 3000 denuntians
662 2925 976 3008 queritursomsum
992 2924 1091 2990 luisse
1102 2942 1164 3007 per
1171 2919 1263 2989 illud.¹
1269 2924 1376 3008 ipsum

262 3037 418 3105 delictum
434 3036 522 3125 qnod
539 3039 720 3120 denuntiat,
740 3047 774 3106 et
789 3039 850 3106 sibi
868 3038 1022 3105 damnum
1036 3041 1188 3106 resarciri
1201 3041 1297 3125 petit,
1318 3038 1379 3106 de·
1462 3069 1463 3102 ;

263 3157 421 3220 nuntiatio
434 3159 560 3237 querele
576 3157 704 3220 nomine
714 3155 896 3238 nuncupari
907 3156 1001 3222 solet.
1019 3155 1135 3221 Differt
1147 3174 1225 3239 ergo
1241 3156 1378 3241 querela

263 3268 556 3350 aderuntiatione,
577 3279 731 3357 tanquam
760 3272 883 3355 species
912 3291 930 3336 a
955 3289 1090 3355 genere3
1116 3273 1162 3338 ita
1183 3270 1323 3352 scilicet,
1340 3279 1379 3337 ut
1462 3359 1463 3364 ἵ

265 3387 417 3470 quaelibet
431 3389 567 3473 querela
579 3388 674 3453 simul
687 3387 728 3453 sit
744 3376 964 3472 denuntiati03
979 3396 1173 3468 nontamen,
1187 3388 1260 3456 vice
1269 3408 1376 3467 versa,

265 3504 419 3587 qualibet
434 3503 637 3570 denuntiatio
656 3506 791 3591 querela
809 3505 873 3571 dici
888 3507 999 3589 possit.

309 3623 353 3687 Π.
375 3624 546 3704 Quotnplen
557 3619 765 3704 disttnpnatnr
779 3623 1015 3686 denuntiationis
1031 3628 1149 3705 species.
1164 3659 1210 3671 —
1224 3611 1256 3686 i⁰
1267 3620 1380 3689 Dividi

266 3738 350 3803 solet
378 3737 580 3804 denuntiatio
612 3738 647 3801 in
671 3741 888 3820 evanpelic'orn,
922 3745 956 3803 et
977 3742 1167 3822 judicialem.
1195 3743 1380 3822 Evnnpetira

267 3853 351 3940 (quae
370 3853 469 3917 etiam
482 3859 627 3937 paterna,
653 3852 799 3920 fraterna
817 3860 852 3918 et
873 3851 1065 3919 charitativa
1090 3851 1322 3938 nuncupatur),
1340 3873 1379 3919 ea

268 3976 318 4034 est
336 3986 407 4055 quae
429 3968 468 4033 iit
490 3969 650 4051 superiori
666 3975 819 4053 tanquam
831 3975 927 4050 patri,
948 3988 1013 4034 non
1031 3968 1073 4034 ad
1091 3969 1257 4053 publicam
1275 3968 1382 4036 vindi-

268 4079 364 4163 ctam,
375 4083 434 4149 sed
447 4081 490 4149 ad
501 4091 670 4167 paternam
679 4084 916 4149 correctionem
930 4092 963 4150 et
975 4083 1239 4151 emendationem
1253 4083 1382 4150 denun-
1462 4137 1463 4140 ,

266 4201 352 4266 tiati.
376 4200 570 4284 Evangelica
589 4208 725 4267 vocatur
750 4218 790 4264 eo
814 4199 939 4284 quoda
958 4199 1085 4266 Christo
1103 4202 1241 4266 Domino
1258 4198 1382 4268 tradita

269 4321 303 4402 et
323 4317 512 4400 prescripta
526 4315 711 4398 reperiatur
731 4314 766 4386 iu
785 4314 969 4398 Evangelio·
981 4315 1242 4382 sanctillattlroei
1258 4315 1301 4402 (c.
1325 4319 1378 4395 18,

269 4452 302 4500 as
323 4430 540 4517 15)·ΉῦοΜ
557 4431 661 4502 nostri
677 4435 835 4504 tractatus
855 4443 988 4515 scopum
1004 4434 1135 4518 propria
1157 4449 1226 4498 nan
1240 4439 1379 4515 specim.

402 4561 421 4618 ὃ
