2930 5114
646 363 757 412 167727.

1205 463 1257 518 Pap.

207 535 314 595 666666
329 533 381 584 121.
392 535 429 584 ln
440 533 509 583 detur
521 533 656 596 appellatio,
668 532 761 596 quando
773 545 844 581 causa
853 545 897 594 upa
909 534 1034 595 juramenti
1045 533 1125 584 decisa
1136 538 1191 584 eati
1208 537 1257 583 266

171 619 236 688 W-
252 621 421 682 Aquilianam
428 619 547 682 judicibus
560 619 672 682 appellari
681 626 789 680 nequeat,
802 620 832 667 cb
844 619 918 680 ipsam
927 617 1033 679 judicum
1043 621 1189 683 qualitatum?
1198 675 1199 678 Ἴ
1207 622 1256 670 266

169 705 181 767 6
192 706 221 753 V.
229 706 316 754 ,Coram
328 719 373 766 qno
385 705 552 769 interponenda
561 705 595 759 ait
608 704 751 767 appellatio?
764 739 1175 759 .............
1193 708 1256 762 ς268

162 788 183 850 'p
196 789 237 837 vl.
251 789 287 837 66
296 803 365 851 quem
371 790 475 852 judicum
488 790 612 852 appellatio
622 788 672 838 deri
683 789 759 851 possit
766 795 806 837 aut
817 789 921 838 debenti
934 825 1176 842 ........
1205 793 1256 841 276

204 873 350 937 Proponitlo
363 875 396 922 1¹.
419 876 515 925 saclusa
535 889 591 924 casa
612 875 775 936 appellationis
788 873 817 922 ed
830 875 925 936 Papam.
942 876 1107 937 appellandum
1122 885 1157 926 ast
1175 891 1190 925 a

138 985 141 992 ·
234 956 313 1021 judice
330 959 439 1008 inferiore
461 959 491 1008 ad
512 960 618 1022 proxima
639 973 680 1010 sau
699 957 834 1008 immediate
856 959 1001 1021 superiorem
1013 980 1019 1023 ς
1032 975 1079 1010 nan
1101 970 1188 1023 autem,

237 1045 281 1092 hoc
288 1045 455 1106 pretermissa,
466 1044 494 1093 ad
504 1044 631 1096 mediatum
642 1077 1176 1099 .................
1205 1047 1255 1095 276

104 1129 106 1134 “
207 1129 355 1192 Proponite
370 1131 414 1181 11⁸.
433 1131 469 1180 nd
490 1133 585 1193 Papam.
607 1131 701 1180 omissis
724 1130 869 1180 intermediis
891 1132 1000 1180 omnibns
1022 1131 1186 1192 tribunalibus,

236 1215 349 1276 appellari
364 1223 450 1277 potest,
463 1215 509 1264 nisi
519 1217 580 1277 Papa
591 1215 642 1275 ipse
656 1215 798 1264 contrarium
810 1215 880 1264 alicui
896 1216 984 1277 regioni
998 1213 1141 1268 indulserit.
1167 1253 1176 1268 .
1194 1219 1254 1276 Ι272

209 1298 354 1363 Propoaltio
368 1301 423 1348 lllt.
445 1301 478 1349 lle
496 1299 557 1350 lacto
573 1299 650 1362 quoad
666 1300 775 1360 Galliam,
793 1313 834 1361 per
854 1301 1019 1350 concordatum
1037 1314 1091 1350 cum
1113 1304 1188 1352 Fran·-

236 1385 297 1432 cisco
309 1385 319 1432 l
331 1385 425 1445 initum,
437 1383 509 1432 Sedes
528 1383 662 1444 Apostolica
679 1382 809 1432 indulserat
823 1384 889 1432 ulad
903 1385 989 1446 ipsam,
1000 1386 1096 1434 omissis
1111 1387 1186 1436 inter-

234 1468 456 1530 mediisjudicibns,
476 1481 522 1516 non
533 1476 613 1530 posset
632 1469 744 1532 appellari
758 1503 1168 1523 .............
1197 1475 1247 1521 272

199 1555 347 1617 Propositum
360 1555 412 1604 lla.
429 1555 549 1604 sublatum
562 1560 620 1602 esta
637 1555 678 1602 Pio
692 1555 736 1602 vll
745 1553 866 1616 praelatum
876 1554 1002 1616 indultum,
1017 1557 1050 1605 ita
1066 1564 1092 1605 ut
1099 1564 1187 1606 certum

233 1641 265 1688 sit
278 1638 348 1687 hodie
358 1639 381 1687 in
391 1638 467 1688 Gallia
478 1651 549 1700 posse
563 1637 591 1686 ad
602 1638 685 1686 sedam
695 1638 853 1699 Apostolicam
868 1639 955 1688 omisso
964 1640 1041 1690 madio
1055 1641 1177 1701 appellari.
1202 1643 1251 1690 276

154 1725 244 1787 §Vll
258 1723 379 1782 Quomodo
391 1739 432 1775 seu
444 1738 490 1786 qua
498 1724 574 1773 forma
586 1723 710 1786 appellatio
720 1722 770 1772 deri
784 1723 886 1774 debeat?
900 1759 1175 1778 .........
1203 1727 1263 1784 ata

207 1813 314 1871 Quinctio
330 1815 366 1860 lt.
382 1813 466 1860 Utrum
480 1810 604 1873 appellatio
619 1823 632 1858 a
650 1810 764 1858 sententia
780 1808 907 1871 definitiva,
918 1810 1044 1870 uiuauoce,
1055 1823 1084 1860 an
1094 1823 1149 1859 aare
1163 1811 1187 1860 in
1254 1856 1260 1864 .

235 1897 332 1959 scriptis
343 1895 448 1945 iacienda
455 1895 505 1944 sit?
528 1928 1171 1946 ....................
1201 1897 1250 1944 276

201 1981 309 2040 06663766
322 1982 359 2028 21.
370 1978 432 2036 Quid
446 1979 470 2026 in
484 1978 564 2028 libello
579 1978 731 2040 appellatorio
749 1991 764 2026 a
775 1979 890 2028 sententia
900 1976 1017 2028 definitiva
1029 1979 1128 2042 exprimi
1144 1979 1186 2028 da-

231 2067 299 2114 beutl
322 2097 1167 2118 ..........................
1200 2069 1251 2115 276

199 2150 355 2210 Quartino&
368 2147 489 2206 Quomodo
504 2148 858 2210 sitappellandumasanteutia
871 2149 1101 2199 interlocutorial..
1126 2187 1134 2201 .
1161 2187 1168 2203 .
1200 2153 1250 2200 276

200 2233 307 2293 Queatio
321 2237 357 2283 μ.
373 2235 408 2285 dn
420 2237 544 2298 appellatio
561 2236 612 2286 deri
624 2239 700 2299 possit
712 2239 793 2288 uerbis
803 2238 908 2298 taculum,
920 2251 971 2302 qua
979 2239 1131 2302 squameam
1143 2253 1185 2288 ro-

230 2319 623 2383 canulisappettcrelprccocct
634 2357 1172 2376 .................
1201 2326 1251 2373 276

145 2437 147 2442 ·
167 2405 253 2466 187717.
268 2404 329 2462 Quid
342 2405 389 2454 sint
399 2404 521 2466 apostoli?
539 2403 660 2461 Quomodo
678 2405 771 2467 petendi
784 2414 807 2454 et
819 2406 984 2460 concedendi!
997 2439 1172 2459 ......
1202 2409 1252 2458 276

199 2491 306 2549 Quaslio
317 2493 353 2539 1⁸.
363 2489 479 2548 Quidnam
503 2491 527 2540 in
534 2490 720 2552 jurisprudentia
734 2483 879 2552 intelligatur
890 2493 1069 2553 apostotorum
1078 2493 1186 2542 noudnet
1202 2497 1256 2555 276Ι

158 2593 166 2621 ·.
200 2577 357 2634 0666676621.
372 2575 502 2638 Quotuplex
517 2576 547 2624 sit
561 2576 720 2637 apostoloram
732 2577 842 2637 speciest
862 2611 1171 2632 ..........
1201 2580 1251 2630 276

197 2663 305 2722 martio
318 2664 354 2710 3⁸.
374 2661 414 2710 du
429 2661 522 2711 omnino
536 2673 631 2710 necessa
645 2663 675 2710 sit
688 2662 735 2723 peti
749 2662 886 2724 apostolati
909 2697 1174 2716 .........
1202 2667 1251 2716 277

138 2769 143 2780 =
197 2746 305 2805 066766
318 2747 357 2793 pn,
373 2743 487 2805 dnJ'udex
508 2745 1105 2810 aquoapostolcspatentitcneaturconcedarel.
1132 2784 1138 2800 .
1165 2784 1172 2799 .
1202 2750 1253 2800 278

197 2831 304 2891 Quaestio
319 2831 356 2878 5¹.
372 2831 436 2884 lutra
449 2827 511 2890 quod
532 2835 624 2890 tempus
642 2827 745 2889 petendi,
760 2827 912 2888 concedendi,
927 2835 950 2876 et
969 2827 1044 2889 judici
1066 2831 1096 2880 ad
1117 2845 1185 2894 quem
1260 2858 1262 2862 ·

229 2915 385 2979 praesentandi
397 2915 444 2963 sint
456 2914 572 2975 aposloli?
594 2947 1168 2968 ..................
1200 2919 1256 2975 278

195 3003 302 3061 Quartino
315 3003 352 3050 6¹.
364 2998 484 3057 Quomodo
497 2999 543 3060 pati
557 3005 581 3048 et
592 2997 687 3047 concedi
701 2997 801 3048 debeant
811 2999 928 3059 apastoli?
963 3033 1171 3054 .......
1202 3004 1253 3052 278

195 3088 303 3146 Qctoeatt'o
317 3088 354 3134 7¹.
369 3083 452 3134 ludica
470 3098 488 3134 a
506 3097 556 3148 pac
576 3084 695 3144 apostolos
712 3083 848 3145 denegante,
867 3097 896 3132 au
909 3086 985 3146 possit
997 3084 1086 3148 absque
1098 3086 1128 3134 iia
1141 3100 1185 3148 ap-
1253 3141 1256 3148 ¹

224 3169 517 3236 pellsnssusrnproscqui
531 3168 728 3232 appellationem?
752 3201 1167 3220 .............
1202 3170 1252 3224 286

195 3259 303 3317 Qumata'o
315 3257 353 3306 8⁸.
366 3255 440 3316 Cuius
449 3252 558 3316 arpensis
571 3251 665 3316 petendi
679 3259 702 3302 et
715 3251 857 3302 concedendi
865 3254 913 3302 siut
926 3248 1041 3316 apostulil
1061 3289 1069 3304 .
1094 3291 1103 3305 .
1128 3292 1136 3306 .
1162 3293 1171 3308 .
1200 3258 1248 3310 tat

159 3341 224 3403 5777.
241 3343 274 3390 lte
291 3341 401 3392 fatalibus
414 3340 576 3403 appellationis
591 3373 1164 3394 ..................
1196 3345 1243 3394 287

142 3434 145 3442 ’
194 3427 301 3485 Omratlc
317 3429 352 3474 lt.
368 3425 427 3483 Quid
441 3425 591 3474 sintfataliat
597 3457 1137 3480 ................
1156 3459 1170 3486 ¹..
1200 3431 1247 3480 231

145 3543 147 3546 .
184 3513 304 3570 ‚Queratn‘o
317 3513 354 3568 2·.
366 3510 432 3558 Intra
445 3509 508 3572 quod
518 3515 611 3573 tempus
621 3508 747 3571 appellatio
758 3509 875 3572 interponi
883 3510 984 3562 debeat!
997 3545 1172 3562 ......
1201 3516 1248 3564 287

147 3645 150 3652 ,
196 3593 358 3659 Quaestione.
374 3593 471 3657 Quando
498 3607 593 3644 currere
611 3593 707 3656 incipiat
720 3592 857 3642 decendium
871 3593 1076 3657 adappellandunr
1090 3612 1187 3648 concea-

225 3683 290 3732 aunr?
294 3711 1163 3737 ...........................
1193 3685 1244 3736 282

196 3767 311 3830 Quaestio
325 3768 362 3814 le.
379 3766 444 3812 lutra
457 3763 520 3826 quod
534 3770 624 3825 ternpus
639 3763 760 3826 appellans
772 3764 883 3825 prosequi
897 3763 995 3814 etdnire
1007 3765 1090 3816 dehent
1102 3769 1184 3830 appele
1218 3825 1220 3828 ,

220 3852 388 3905 lationeml.·
415 3883 421 3908 ,
448 3879 622 3900 ......
630 3868 632 3872 ’
650 3881 1164 3905 ················
1200 3855 1249 3904 286

194 3937 350 4002 06666661.
364 3932 461 3992 Quando
475 3945 570 3980 currere
584 3933 680 3994 incipiat
692 3933 747 3982 anui
760 3932 796 3981 uel
809 3932 896 3982 biennii
912 3935 1034 3998 terminus,
1053 3936 1084 3986 ad
1094 3951 1177 4000 prose-

144 4037 149 4075 :
182 4067 185 4074 ,
226 4021 377 4086 quendamet
395 4015 520 4066 amendam
541 4017 720 4080 appellationem
739 4021 880 4068 concessus?
893 4053 1168 4076 .........
1198 4025 1248 4073 284

196 4107 306 4171 Quaestio
317 4105 354 4154 6¹.
369 4104 479 4161 Quaenam
502 4102 549 4150 sint
561 4101 630 4162 justa
644 4115 719 4152 causa
735 4100 877 4152 concedendi
890 4103 1017 4156 secundum
1033 4121 1128 4170 annum,
1146 4108 1176 4158 ad

143 4211 165 4254 1,
221 4189 407 4255 prosequendam
429 4194 453 4236 et
473 4184 598 4234 finiendam
616 4187 809 4248 appellationem?
823 4218 1164 4244 ...........
1194 4195 1243 4243 984

191 4278 302 4342 Qnoeata'o
314 4278 350 4324 7·.
365 4274 426 4322 llum
439 4272 509 4320 etium
521 4270 583 4319 ultra
596 4270 715 4319 biennium
730 4271 857 4334 appellanti
870 4274 965 4324 concedi
977 4274 1069 4337 debeat,
1083 4277 1182 4340 -quaudc
1214 4295 1217 4300 ·

140 4415 144 4422 ,
179 4383 186 4426 J
223 4347 283 4412 citra
297 4361 348 4423 ejus
360 4355 522 4424 negligentiam
535 4354 697 4426 appellationis
709 4368 780 4403 causa
790 4357 981 4426 intra-biennium
991 4359 1111 4426 liniunon
1125 4367 1178 4414 est?
1198 4365 1246 4414 aaa

193 4449 302 4514 Quanto
319 4445 356 4494 8¹.
372 4445 407 4510 dn
417 4441 553 4510 terminusa
562 4441 615 4502 jure
629 4451 753 4498 concessus
765 4439 793 4494 ad
812 4444 996 4510 prosequendam
1016 4452 1039 4494 at
1057 4444 1180 4512 linientbm
1212 4465 1218 4482 ἰ
