2836 5118
479 361 557 406 PARS
583 361 740 410 SECUNDA.

504 679 637 746 CAPUT
650 683 705 744 ΙΙΙ.

69 950 104 996 ΒΕ
126 947 323 996 crisconius
346 947 553 1005 conuentis,
579 947 776 996 saumarius
803 951 845 996 ΕΧ
873 948 1061 996 insonamus
1087 949 1165 996 CON-

161 1064 307 1112 seranum
330 1062 482 1118 ΓΕΒΕΝΒΙ,
510 1061 709 1110 ΕΧΤΕΝὲΙΟΝΕ
731 1064 775 1110 ΔΙ)
797 1062 919 1112 camos
942 1063 1050 1112 cistis.

100 1312 303 1398 Expendendi
328 1332 415 1377 nuno
443 1315 578 1378 veniunt
605 1313 760 1395 praecipui
784 1331 893 1391 casus,
912 1312 955 1379 de
974 1313 1092 1398 quibus
1107 1323 1165 1379 aut

7 1443 9 1478 1
66 1437 138 1495 mota
152 1429 227 1506 fuit,
248 1435 305 1494 aut
324 1429 449 1493 moveri
469 1435 579 1511 posset
592 1429 736 1510 quaestio,
756 1447 796 1492 aa
810 1427 852 1493 ad
865 1429 951 1512 ipsos
967 1428 1165 1494 extendatur

63 1543 201 1627 predicta
220 1545 452 1628 Episcoporum
478 1563 519 1607 ex
543 1542 715 1609 informata
738 1544 934 1610 conscientia
960 1543 1160 1628 procedendi

6 1707 8 1714 ι
62 1667 199 1741 potestas.
225 1659 285 1724 Gai
311 1657 508 1743 indagationi
538 1677 578 1723 eo
606 1659 787 1724 accuratius
816 1658 1070 1726 incumbendum
1094 1661 1162 1726 exi-

6 1825 8 1832 ,
62 1775 189 1854 stimavi,
216 1775 306 1861 quod
321 1774 626 1851 animadverterim,
647 1773 853 1840 difficultates
871 1775 1029 1861 ejusmodi
1056 1778 1162 1848 adhuc

62 1891 143 1958 hodic
169 1893 360 1978 frequenter
386 1892 559 1975 renovari3
580 1899 635 1969 ut,
657 1891 753 1957 verbi
779 1894 898 1975 gratia,
925 1891 1038 1960 videre
1058 1898 1159 1962 estin

6 2061 7 2064 ,
61 2024 143 2072 caasa
159 2008 494 2093 lucionensi(Lucon,
514 2009 546 2072 in
562 2005 675 2091 Gallia)
694 2011 714 2074 8
728 2009 837 2094 aprilis
853 2009 948 2086 talo,
966 2018 1000 2075 et
1018 2012 1050 2076 in
1063 2031 1158 2078 causa

6 2177 7 2182 ,
60 2121 86 2184 S.
101 2122 221 2206 Agatha
247 2122 428 2188 Gothorum
453 2123 494 2188 26
520 2119 675 2187 februarii
694 2126 789 2190 1853.
807 2125 874 2190 Sint
897 2143 976 2208 crgo
991 2123 1033 2190 de
1050 2125 1158 2212 hujus·

6 2259 8 2264 ·
60 2237 136 2302 modi
152 2238 277 2304 casibus
296 2244 469 2323 sequentes
488 2239 737 2322 propositiones

96 2354 285 2421 Paorosrno
300 2354 338 2419 1⁸.
357 2391 401 2401 —
418 2357 556 2418 Potestas
574 2358 749 2438 episcopalis
767 2361 967 2440 sospotdecdi
976 2363 1157 2440 ectrojudi-

5 2513 6 2518 η
57 2473 171 2550 cialiter,
188 2492 239 2535 sca
253 2491 293 2534 cc
306 2473 470 2552 informato
491 2477 680 2549 conscientia,
703 2475 796 2536 locam
818 2475 925 2537 habere
944 2477 1076 2556 videtur,
1094 2497 1154 2541 noa

5 2613 7 2653 2
58 2595 160 2653 tantam
178 2593 297 2672 quando
316 2595 427 2652 crimea
443 2596 487 2652 ccl
501 2591 656 2667 occultam,
675 2591 728 2652 secl
745 2595 838 2652 ctiam
854 2593 973 2671 quondo
991 2599 1036 2654 cst
1057 2595 1156 2673 pobli-

6 2763 7 2768 ,
56 2723 121 2768 cam.
140 2743 183 2755 -
199 2707 430 2772 Gravissimam
445 2705 654 2790 quaestionem
676 2705 764 2770 illam
785 2704 847 2772 hoc
866 2705 979 2772 ordine
1004 2707 1155 2790 expedie-

55 2836 116 2884 mus
131 2843 137 2887 :
153 2825 257 2906 primo
283 2821 437 2886 nonnulla
461 2819 503 2885 nd
520 2819 764 2904 intelligendam
790 2819 1011 2887 difficultatem
1034 2841 1153 2906 oppor-

54 2940 120 3002 tuna
132 2938 381 3023 praenotabimus
399 2959 405 3002 ε
423 2945 492 3002 tum
505 2955 620 3002 eorum
639 2938 696 3021 qui
720 2938 915 3003 conclusioni
937 2936 1153 3006 adversantur

5 3109 7 3114 .
55 3063 227 3136 argumenta
251 3071 452 3138 exponemus
476 3074 482 3117 :
504 3053 604 3117 tertio
625 3051 758 3118 tandem
786 3054 1025 3120 conclusionem
1049 3057 1150 3139 ipsam

53 3165 248 3235 firmabimus.

88 3285 111 3350 Ι.
126 3289 340 3351 Proenotaada.
355 3321 398 3333 -
417 3289 448 3348 1⁰
462 3285 578 3350 Positae
593 3285 791 3350 conclusioni
805 3285 971 3351 adversari
987 3288 1148 3372 vigentem

52 3395 132 3468 hodie
152 3402 239 3486 apud
260 3401 419 3468 Romanos
442 3402 621 3467 canonistas
644 3403 905 3487 persuasionem,
932 3401 1009 3468 mihi
1040 3404 1149 3470 Roma

52 3513 167 3600 degenti
194 3525 309 3602 aperto
336 3517 486 3581 innotuit.
517 3518 583 3600 Ipsi
606 3537 725 3601 nempe
752 3518 935 3584 existimant
961 3537 1026 3584 aon
1055 3538 1159 3602 posse

51 3629 229 3720 Episcopum
251 3654 291 3700 ex
314 3633 486 3700 informata
512 3634 705 3699 conscientia
723 3633 920 3717 procedere,
944 3633 1074 3719 quando
1091 3616 1149 3700 de·

49 3745 147 3816 lictum
168 3760 218 3818 est
240 3730 326 3815 famo
348 3749 535 3833 vulgatnm3
550 3748 608 3816 sed
628 3749 809 3815 necessario
830 3757 910 3814 tunc
932 3748 1149 3815 adhibendam

50 3864 185 3933 ordinarii
198 3867 312 3952 judicii
327 3867 476 3932 formam.
500 3867 645 3951 Cumque
668 3866 830 3931 nonnullis
849 3885 964 3931 eorum
985 3867 1149 3948 patefece-

50 3980 114 4060 rim,
139 3983 218 4049 mihi
244 4002 315 4048 esse
344 3981 376 4046 io
405 3982 571 4066 proposito
598 3981 791 4046 contrariam
821 3980 1014 4046 sententiam
1043 3970 1146 4058 tueri,

49 4097 152 4165 acriter
177 4098 344 4178 obstitere,
368 4105 465 4162 etue
493 4103 530 4161 ut
553 4096 756 4181 probabilem
776 4093 907 4181 quidem
932 4094 1014 4159 hauc
1043 4113 1148 4160 meam

50 4209 217 4292 opinionem
240 4213 460 4297 admiserunt3
478 4218 594 4296 utpote
617 4212 800 4297 quaeipsis,
822 4230 841 4275 a
865 4227 961 4276 sensu
981 4217 1016 4275 ct
1034 4217 1147 4275 mente

48 4326 313 4410 tridentinorum,
339 4332 425 4396 circa
453 4329 629 4420 sententias
659 4348 700 4394 er
726 4327 900 4394 informata
933 4325 1142 4404 conscientia,

50 4439 252 4525 decretarum,
267 4455 381 4530 aperte
395 4447 548 4512 aberrare
560 4444 742 4510 videretur.
