2836 5118
223 325 287 390 tid
566 338 754 388 morenos
776 337 820 386 ns
842 337 990 386 spurcus.

187 519 190 528 .
267 464 460 532 hunceniis
474 461 603 530 duobus
618 459 850 542 decretalibus,
871 469 981 547 potest
996 461 1049 549 jus
1069 471 1145 530 ante
1171 462 1327 531 Tridenti-

221 599 295 648 num
314 579 476 667 synodum
493 582 606 664 vigens
620 579 666 644 sic
680 580 792 663 paucis
810 599 885 646 cum
899 581 1059 648 Leurcnio
1077 580 1201 667 (Forum
1216 582 1323 663 recten,

221 696 325 764 inlib.
350 700 362 760 i
383 693 524 773 decret..
546 703 660 779 quest.
681 693 757 779 505)
774 695 915 779 exponi:

270 817 426 892 cPrimc,
451 831 564 880 omnes
584 817 699 876 notorie
725 817 881 877 criminosi
907 811 1123 896 probibentur
1150 811 1326 878 ordinari...

226 951 242 988 e
260 927 328 993 sire
344 925 501 994 delictum
514 927 730 992 sitnctorium
744 926 941 994 notorietatc
951 927 1029 993 facti
1046 927 1119 1014 (hoc
1137 935 1189 993 est
1201 946 1260 1012 per
1273 926 1330 992 eri·

227 1041 399 1110 «dentiam
417 1044 484 1120 rei,
501 1062 572 1129 quae
592 1043 678 1108 noha
696 1044 969 1126 tergiversatione
988 1043 1092 1110 velari
1114 1041 1249 1127 potest),
1270 1043 1329 1108 sinc

226 1158 454 1226 anctorietaie
469 1157 563 1243 juris,
584 1158 646 1224 hoc
666 1165 716 1224 est
738 1158 853 1225 ordine
874 1158 1047 1245 judiciario
1077 1158 1327 1243 comprobatum,

229 1277 507 1354 «sententiatum,
524 1276 579 1342 vel
594 1275 777 1342 confessum
791 1276 825 1340 in
838 1275 972 1360 judic-io.
989 1295 1004 1338 a

272 1415 288 1453 a
305 1387 449 1470 Secundo,
470 1398 624 1458 criminosi
643 1396 761 1473 occulti,
781 1392 875 1458 verbi
890 1393 1004 1474 gratia,
1026 1391 1182 1471 adulteri,
1204 1392 1328 1479 perjuri,

227 1516 359 1575 «testes
373 1509 456 1587 falsi,
477 1514 612 1594 possunt
631 1509 664 1573 in
683 1511 844 1592 susceptis
856 1509 1027 1576 ordinibus
1052 1511 1247 1586 ministrare,
1266 1527 1331 1593 per-

225 1631 330 1692 eocta
344 1627 545 1708 poenitentia.
569 1626 620 1691 vel
640 1632 733 1709 parte
747 1626 854 1708 illius3
872 1625 973 1711 idque
998 1627 1126 1692 etiamsi
1152 1626 1276 1692 crimen
1297 1627 1333 1690 sit

200 1809 203 1818 ,
224 1740 393 1826 «dignum
408 1741 656 1826 degradatione,
676 1761 735 1808 scu
758 1743 824 1808 talc
841 1741 941 1826 quod,
961 1743 989 1807 si
1006 1743 1215 1808 manifestum
1239 1749 1328 1817 essct,

226 1857 558 1941 adegradarentur...
580 1859 796 1943 Excipiuntnr
813 1866 923 1924 tannen
943 1858 1002 1924 lici
1017 1857 1181 1925 homicidii
1201 1860 1260 1924 etsi
1285 1877 1332 1924 oc·

226 1973 355 2057 uculti;
374 1975 419 2038 ita
435 1976 534 2040 etiam
554 1983 591 2039 ut
605 1980 680 2059 post
695 1981 861 2059 peractam
879 1975 1107 2057 poeniteniiam
1122 1975 1156 2039 in
1173 1973 1332 2040 ordinibus

226 2087 414 2169 «susceptis
429 2086 613 2152 ministrare
627 2092 792 2170 nequeant
806 2087 887 2150 citra
902 2084 1189 2169 dispensationum.
1209 2109 1226 2148 a

271 2221 288 2259 u
309 2203 419 2278 Tertio,
441 2204 598 2282 poterunt
621 2217 749 2283 quoqne
766 2200 933 2284 (criminosi
954 2197 1072 2282 orentii)
1097 2200 1280 2281 promoueri
1294 2198 1330 2264 nd

226 2315 387 2384 «ordines
416 2316 612 2399 superiores.
637 2316 805 2398 annanus
836 2315 891 2401 (ad
913 2323 1012 2399 caput
1037 2319 1088 2380 Em
1118 2324 1228 2390 tencre,
1249 2335 1281 2382 n.
1300 2312 1327 2397 i)

227 2432 337 2500 edicit
349 2454 359 2498 ¹:
375 2437 497 2498 Crimen
511 2438 603 2498 ctiam
616 2451 745 2511 enorme,
763 2439 791 2494 si
804 2437 846 2496 sit
861 2435 1020 2511 mennam,
1039 2453 1100 2496 non
1114 2437 1330 2516 impedirique

226 2573 243 2612 a
258 2556 358 2616 minus
366 2557 490 2632 peracta
496 2555 673 2632 penitentia
684 2553 782 2630 possit
796 2554 864 2630 puis
874 2549 970 2628 officio
981 2568 1034 2614 sna
1048 2554 1107 2626 nti,
1121 2556 1151 2613 et
1161 2553 1203 2614 ud
1215 2554 1329 2630 majorca

227 2671 378 2732 cardines
390 2671 556 2734 ascendere.
583 2690 597 2722 a

271 2805 287 2844 a
306 2787 432 2864 Qamrtc,
455 2783 534 2866 quin
545 2781 643 2848 otiam
657 2786 812 2846 criminosi
826 2784 945 2857 cccciii,
963 2779 1044 2848 dum
1060 2781 1176 2848 volunt
1185 2781 1326 2859 ordinari,

228 2919 325 2968 anon
344 2906 480 2983 possunt
502 2898 544 2964 ab
563 2898 721 2982 Episcopo
740 2897 919 2981 prohiberi.
944 2897 1087 2964 Earbasa
1111 2898 1156 2984 (in
1178 2905 1272 2984 caput
1286 2901 1328 2963 Er

228 3023 418 3093 iterarem.
444 3013 487 3100 1);
513 3015 594 3082 item
619 3017 787 3098 Engnonus
812 3013 1012 3100 (incitatum
1035 3023 1136 3098 caput
1156 3019 1209 3080 Ec
1228 3023 1324 3089 nuere,

229 3153 288 3200 nn.
304 3130 335 3217 8)
356 3133 414 3199 ubi
432 3154 439 3198 ε
458 3137 550 3213 Note,
561 3136 750 3215 Episcopum,
765 3137 818 3213 qni
824 3151 881 3214 per
890 3134 1102 3213 confessionem
1113 3131 1327 3207 criminosiori
1404 3209 1405 3214 ἵ

228 3253 336 3316 «clins
355 3252 656 3332 estro-judiciatiter,
679 3255 764 3314 nouit
787 3254 900 3314 crimen
920 3256 1190 3330 quantumcumque
1212 3265 1322 3325 moran,
1404 3245 1405 3248 ’

229 3388 245 3428 a
261 3387 321 3432 non
335 3370 386 3430 iiii
402 3370 535 3431 absolute
549 3370 726 3432 interdicere
737 3385 822 3448 posse
835 3387 873 3430 ne
884 3374 1095 3448 prornaccotnr
1110 3370 1153 3430 cd
1168 3371 1293 3445 ordines,
1306 3367 1327 3426 si
1404 3375 1405 3378 ’

230 3489 370 3548 «crinren
384 3489 426 3546 sit
441 3485 599 3548 occultum
615 3483 700 3566 Quin
718 3483 784 3548 imo
798 3481 890 3548 addit
904 3485 1073 3566 Fagnnncs
1089 3481 1152 3556 hoc
1162 3482 1269 3548 locum
1285 3481 1326 3546 bn·

231 3623 246 3661 e
262 3600 354 3678 bere,
366 3599 490 3666 etiamsi
499 3599 621 3665 crimen
633 3599 675 3664 sit
682 3597 759 3676 tale,
772 3606 809 3665 nt
817 3597 974 3681 impediat
983 3597 1107 3664 ordinis
1117 3600 1326 3666 executionum

231 3722 333 3799 apost
347 3720 513 3799 peractum
535 3714 771 3798 penitentiam.
799 3715 881 3780 Nam
909 3714 971 3780 etsi
1000 3713 1186 3780 istiusmodi
1213 3714 1325 3780 crimine

231 3853 247 3895 a
264 3833 412 3900 irretitus
438 3851 503 3898 non
518 3832 619 3916 possit
634 3833 701 3898 sine
718 3839 855 3916 peccato
870 3832 1053 3900 ministrare
1071 3837 1130 3898 aut
1146 3827 1323 3915 promoveri·

234 3947 304 4016 aab
316 3949 474 4034 Episcopo
486 3956 594 4016 tamea
609 3948 775 4032 prohiberi
790 3967 856 4014 non
868 3955 987 4032 potest,
996 3967 1070 4014 cum
1082 3956 1252 4031 peccatum
1258 3945 1325 4012 iilius

234 4068 304 4134 nsit
327 4067 504 4134 occultum.
526 4088 542 4130 a

274 4183 413 4251 Extabat
427 4192 549 4261 tamen,
570 4189 692 4268 praeter
709 4191 920 4251 memoratam
933 4185 1075 4250 criminis
1097 4180 1263 4258 homicidii,
1275 4177 1323 4244 aba

231 4301 392 4387 exceptio,
410 4301 550 4368 criminis
563 4317 681 4384 nempe
695 4299 864 4378 hereseos,
881 4317 1031 4385 proquo,
1045 4299 1324 4377 inconsultans

232 4422 317 4480 terat
332 4414 469 4482 clericus
481 4414 620 4500 judicari
640 4422 674 4480 et
688 4415 853 4499 suspendi.
871 4415 979 4484 Tertia
1003 4416 1081 4482 item
1102 4415 1232 4482 extabat
1248 4425 1322 4478 crci-
