2914 5122
219 327 296 398 tio.
559 343 747 396 macutus
770 347 813 396 ou
836 343 984 395 amicus.

215 467 287 541 tam
308 467 354 539 ab‘
370 473 440 557 ipso
457 478 658 550 accusatore,
676 479 746 538 tum
765 473 862 538 etiam
877 479 1096 555 apramotore
1116 470 1217 539 fiscali
1236 481 1333 556 supe2
1444 427 1445 478 Τ

217 583 313 655 rioris
325 589 423 654 carita
437 587 674 654 ecclesiasticae.

230 709 233 715 '
261 706 297 768 til
311 720 390 770 vero
403 703 505 789 judex
519 704 664 788 reperiat
678 709 900 769 accusatorem
919 719 989 770 esse
1003 702 1046 768 de
1065 720 1202 786 numero
1218 723 1334 770 eorum

217 835 299 905 quos
312 820 366 884 lex
376 811 594 884 ecclesiastica
607 819 649 884 ab
663 796 845 884 accusando
860 818 1000 900 repellit,
1023 817 1078 884 vel
1096 818 1245 885 libellum
1268 839 1335 888 noa
1444 905 1445 910 ἵ

217 953 288 1002 esse
304 934 410 1020 quoad
420 935 643 1000 substantialia
658 935 769 1001 debite
779 935 1009 1018 conscriptum,
1026 925 1264 1002 aoeumtionem
1278 935 1336 1001 de-

217 1043 274 1118 bei
289 1041 440 1136 rejicere.
459 1051 530 1116 lam
550 1059 661 1120 autem
685 1068 783 1134 snpra
802 1049 951 1133 diximus,
969 1043 1049 1116 dnm
1068 1050 1260 1135 proceditur
1284 1071 1338 1119 ae·
1444 1039 1445 1062 ³

219 1161 390 1232 cusationis
415 1167 476 1245 via,
494 1167 617 1234 debere
635 1175 856 1234 accusatorem
873 1185 955 1232 onus
977 1165 1136 1250 probandi
1162 1168 1223 1234 sibl
1247 1187 1338 1234 assu·
1444 1157 1445 1181 ³

218 1299 320 1360 mere,
350 1285 438 1349 etin
461 1303 591 1369 poenam
621 1279 903 1361 calumniatorum,
931 1285 958 1348 si
983 1284 1069 1349 forte
1100 1283 1142 1350 de
1169 1286 1334 1351 calumnia
1444 1376 1445 1380 Ἰ

187 1405 189 1408 ’
219 1399 441 1478 convincatur,
461 1400 678 1466 subscribere.
700 1401 825 1466 Gaetera
842 1413 914 1485 quta
928 1399 970 1464 ad
991 1409 1112 1465 rectam
1130 1401 1232 1466 libelli
1255 1403 1336 1466 scri·

218 1517 361 1600 ptionem
375 1517 540 1599 pertinent
558 1517 657 1582 habes
670 1517 730 1582 sub
746 1517 895 1601 sequenti
909 1511 1025 1600 capite.

262 1634 305 1698 II.
327 1632 359 1698 Si
372 1630 572 1716 procedatur
584 1637 821 1697 denuntiationis
835 1639 897 1711 oio,
916 1632 1086 1699 exordium
1100 1634 1222 1716 pariter
1235 1633 1339 1700 hahet
1444 1641 1445 1649 ’

219 1767 313 1816 causa
342 1768 382 1815 ex
402 1749 566 1815 oblatione
588 1748 699 1815 libelli.
720 1750 937 1817 Denuntiator
958 1768 1075 1832 nempe
1092 1749 1171 1836 (sive
1188 1750 1338 1832 privatus
1444 1727 1445 1767 ³

219 1864 274 1931 ille
292 1866 343 1943 sit,
362 1867 429 1931 sive
455 1865 612 1951 publicus
625 1874 658 1931 et
675 1886 715 1931 ex
730 1864 833 1932 officio
847 1884 956 1949 agens,
978 1864 1075 1943 idest,
1093 1873 1265 1949 promotor
1279 1866 1338 1931 fis·
1444 1859 1445 1880 ³

222 1979 308 2066 calis)
328 1981 605 2062 denuntiatorium
628 1981 793 2065 libellum,
811 1982 866 2048 vel
883 1983 1014 2067 propria
1035 2002 1133 2050 manu
1161 1983 1335 2066 scriptum,

223 2099 276 2164 vel
293 2099 364 2182 ipso
383 2097 530 2162 dictante
560 2117 622 2181 per
643 2117 756 2164 manus
778 2099 893 2164 notarii
907 2117 966 2163 seu
981 2099 1175 2177 cancellarii,
1197 2098 1338 2163 subscri-

88 2229 96 2248 *
223 2220 436 2309 ptumtamen
448 2214 582 2310 abipso,
598 2213 700 2300 judici
715 2215 858 2280 exhibet.

229 2350 232 2360 ·
254 2331 308 2398 Εἰ
322 2322 424 2398 debit
438 2326 648 2426 denuntiator
663 2332 790 2419 (utpote
814 2333 870 2417 qui
888 2331 970 2397 onus
986 2331 1147 2415 probandi
1166 2351 1232 2397 noa
1255 2349 1340 2397 assu·
1444 2343 1445 2350 ’

222 2441 530 2534 inltlrdcdid'judlei
542 2447 701 2525 indicare,
721 2449 878 2534 quibusis
898 2441 1068 2514 veritatem
1084 2447 1270 2513 denuntiati
1282 2445 1340 2513 dc·
1444 2441 1445 2466 ³

221 2564 292 2630 licii
315 2563 472 2647 detegere
498 2571 613 2648 queat;
630 2583 667 2630 aa
687 2563 825 2648 proinde
851 2564 962 2630 libello
987 2559 1180 2629 idoneorum
1207 2564 1340 2628 testium
1444 2559 1445 2570 ²

223 2679 276 2746 tel
287 2651 572 2760 'documentorum
597 2698 614 2746 e
636 2681 754 2765 qulbus
769 2678 919 2765 probatio
939 2679 1011 2745 erui
1031 2687 1139 2764 queat,
1162 2671 1340 2745 indiculum
1444 2661 1445 2698 ³

223 2791 397 2862 annectere
410 2818 418 2880 ;
432 2797 488 2881 qui
510 2794 674 2862 indiculus
694 2801 886 2861 directorium
904 2798 1095 2878 probotionis
1110 2797 1220 2861 vocari
1242 2795 1337 2861 solet.
1444 2777 1445 2814 ³

223 2887 399 2978 decusatur
416 2921 524 2978 autem
538 2889 603 2978 non
621 2919 756 2978 tenetur
777 2911 938 2997 ejusmodi
948 2915 1137 3010 probationis
1147 2915 1342 2976 directorium

224 3023 336 3095 libello
352 3048 410 3094 suo
425 3047 601 3112 apponere.
618 3030 665 3093 Ex
685 3047 724 3094 eo
738 3027 825 3113 quod
843 3029 927 3093 enirn
941 3027 1101 3112 probandi
1115 3047 1197 3094 onus
1213 3025 1273 3093 sibi
1292 3047 1341 3092 as-
1444 3013 1445 3052 ³

224 3137 341 3224 sumat,
359 3165 460 3231 penes
482 3147 588 3230 ipsum
612 3155 769 3224 remanet,
788 3153 862 3230 post
875 3145 965 3212 litem
985 3151 1208 3222 contestatam,
1226 3153 1261 3210 et
1274 3163 1340 3209 non

224 3267 332 3338 antea,
350 3267 452 3327 testes
471 3237 656 3345 producere
671 3239 710 3326 ⁵et
724 3259 883 3326 delictuin
900 3260 1053 3344 probare.
1071 3261 1103 3325 Si
1121 3280 1200 3355 vero
1216 3259 1250 3323 in
1269 3279 1341 3344 pro

225 3373 334 3443 bando
354 3373 483 3443 deliciet
505 3383 540 3443 et
563 3378 729 3442 calumniae
747 3379 967 3454 convincatur,
986 3397 1113 3462 poenam
1137 3360 1341 3443 calumniato

225 3513 298 3559 rum
317 3493 449 3560 subibit.
468 3497 554 3560 Dum
574 3514 592 3559 e
617 3503 731 3560 contra
752 3493 974 3572 denuntiator,
993 3492 1141 3560 indicatis
1153 3491 1255 3579 judici
1269 3491 1340 3578 pro·

225 3609 391 3676 batianum
407 3608 652 3688 mediis'tot'um
667 3609 807 3676 officium
822 3629 917 3676 suum
926 3606 1167 3696 quodammodo
1181 3611 1336 3694 explevit.

138 3782 142 3788 .
233 3721 377 3792 ³²Judex
397 3743 486 3810 ergo,
504 3727 651 3811 iuspecto
667 3727 924 3793 denuntiationis
939 3724 1061 3803 libello,
1082 3725 1270 3811 expendere
1286 3725 1340 3792 de

227 3843 295 3923 bet,
317 3845 382 3906 non
402 3821 530 3910 tantum
557 3865 598 3910 an
619 3838 830 3910 denuntiator
855 3844 896 3910 sit
917 3845 1090 3928 legitimae,
1109 3849 1143 3909 et
1161 3843 1292 3910 libellus
1307 3843 1338 3909 in

226 3959 331 4026 forma
342 3959 485 4042 legidma
499 3958 605 4045 quoad
621 3960 835 4025 substantiam
848 3961 1060 4044 conscriptus,
1076 3939 1135 4026 sed
1149 3961 1284 4045 insuper
1300 3980 1338 4040 an

227 4083 378 4162 porrecta
391 4076 619 4159 probationum
643 4075 749 4141 media
767 4077 876 4160 gravia
895 4078 969 4154 sint,
988 4077 1042 4142 vel
1062 4073 1188 4146 frivola.
1206 4076 1237 4142 Si
1255 4077 1338 4142 enim

228 4191 359 4260 deficiat
379 4175 634 4272 'denuntiatoris
656 4201 713 4258 aut
737 4193 849 4258 formae
868 4195 901 4258 in
923 4192 1032 4261 libello
1051 4192 1215 4272 adhibita,
1236 4193 1339 4275 legiti-

228 4313 333 4389 mitaS,
343 4311 396 4376 vel
405 4311 431 4374 si
444 4309 529 4377 levia
542 4309 605 4375 sint
619 4311 760 4376 criminis
773 4307 901 4388 indicia,
916 4299 1195 4376 denuntiationem
1205 4305 1337 4392 rejicere

229 4425 340 4496 debet.
354 4427 407 4492 sid
419 4443 498 4493 vero
512 4445 614 4507 secus,
632 4425 720 4499 redit
731 4427 972 4518 quaestiosupra
984 4423 1128 4492 discussa
1139 4417 1292 4514 (tectione
1304 4423 1334 4497 3,
