2848 5118
401 395 404 402 ,
478 357 742 406 1111111100111111.1
1104 343 1167 408 tab

81 484 158 548 causis
180 482 414 559 criminalibus,
440 480 617 565 juramenti
639 481 823 560 calumnia,
854 482 975 546 resumi
997 489 1107 566 potest
1132 485 1167 550 in

79 597 145 663 hunc
157 596 290 665 modum
306 619 313 664 :
329 599 446 681 primo,
465 596 688 680 prestandum
702 605 753 663 est
771 598 805 662 ln
821 598 924 662 causis
948 597 1168 664 criminalibus

78 714 190 780 civiliter
203 713 383 778 intentatis.
411 711 571 791 Secundo,
592 713 627 778 in
649 713 868 780 criminalibus
886 713 1098 779 criminaliter
1119 716 1168 779 in-

76 830 202 906 uantis,
219 827 441 912 prestandum
465 837 556 896 cerm
575 837 626 894 est
641 829 681 895 ab
696 835 904 906 accusatore,
928 829 955 894 si
969 827 1054 894 adsit
1074 847 1168 894 accu-

76 950 150 1007 sator.
164 944 281 1019 lertio,
301 944 334 1008 in
353 943 469 1010 iisdem
486 944 696 1011 criminaliter
718 943 897 1020 intentatis,
916 961 994 1010 rous
1014 942 1066 1029 (er
1080 961 1167 1010 com-

75 1061 143 1124 muni
172 1058 343 1126 doctorum
373 1058 558 1150 sententia)
586 1079 650 1126 non
681 1067 816 1126 tenetur
839 1058 922 1124 illud
944 1058 1167 1144 juramentum

74 1182 203 1256 prasiane
217 1175 245 1242 si
258 1193 355 1240 causa
374 1176 520 1259 capitalis
535 1175 596 1258 sit.;
620 1181 755 1242 tenetur
773 1175 800 1240 si
829 1193 925 1240 causa
938 1195 1003 1241 non
1027 1175 1068 1240 sit
1082 1177 1168 1260 capi-

73 1290 137 1354 talis.
153 1291 225 1356 11010
236 1288 314 1357 ride
331 1291 462 1359 evoluta
478 1290 569 1374 apud
579 1290 868 1374 Schmalzgrueber
892 1289 936 1376 (in
949 1290 1001 1355 tit.
1020 1299 1051 1368 7,
1067 1290 1124 1356 lib.
1146 1293 1166 1356 2

73 1402 191 1485 decret,
205 1427 240 1473 n.
260 1405 325 1490 12).

105 1521 177 1587 llinc
185 1521 267 1606 juris
282 1522 510 1607 dispositiones
522 1521 565 1587 de
582 1521 767 1607 juramento
780 1521 958 1599 calumniae,
972 1522 1119 1587 veritatis
1133 1531 1168 1587 et

72 1636 188 1714 mallim,
206 1639 240 1702 in
255 1639 477 1704 causisetiam
501 1637 721 1706 criminalibus
735 1636 843 1702 locum
869 1611 1002 1714 babere,
1027 1636 1090 1702 init
1115 1653 1167 1701 ca-

70 1753 400 1836 nonistispersuasum3
421 1762 519 1839 atquc
533 1753 574 1818 ab
589 1753 648 1818 bac
666 1752 810 1836 generali
829 1752 944 1836 regula
962 1751 1167 1836 excipiebant

69 1863 217 1934 dumtaxat
230 1887 337 1932 conans
351 1873 506 1952 capitoleo,
526 1869 559 1933 in
575 1868 695 1952 quibus
705 1887 770 1932 non
789 1868 896 1938 teneri
910 1885 1003 1932 raum
1023 1865 1066 1940 ad
1084 1885 1167 1951 prm·

68 1981 200 2048 smndum
220 1985 391 2050 calumniae
403 1984 637 2068 juramentum,
652 1983 829 2049 tradebant
840 1985 1067 2049 communiter.

551 2255 567 2330 i
592 2251 647 2315 lV.

93 2479 187 2536 meum
210 2481 332 2532 bediemis
354 2481 500 2544 temporibus
518 2483 634 2544 generalis
655 2481 736 2545 praxis
757 2481 898 2544 invaluerit,
921 2489 943 2532 et
965 2483 1080 2533 remanda
1101 2484 1132 2531 rit

417 2575 448 2624 ab
468 2576 633 2625 ecclesiasticis
658 2575 786 2638 judicibus.
873 2569 878 2575 “

97 2803 120 2866 l.
136 2807 342 2869 loramentum
362 2806 399 2867 de
422 2809 549 2867 veritate
577 2805 704 2867 dicendo
731 2805 912 2886 accipendum
932 2823 992 2868 noo
1006 2811 1089 2868 cato
1113 2822 1163 2868 rec

61 2922 208 3001 principati
228 2922 430 2982 criminaliter
450 2923 635 2982 examinato.
666 2953 711 2967 —-
726 2919 805 2984 llam
830 2925 939 3001 pomo,
967 2918 1004 2985 id
1033 2919 1163 2984 omnino

62 3039 171 3100 certum
196 3040 246 3100 est
268 3033 378 3120 quoad
397 3035 470 3099 loca
495 3035 637 3101 decretis
665 3035 792 3100 concilii
807 3035 1015 3119 provincialis
1029 3035 1163 3101 Romani

65 3147 145 3231 (anno
165 3154 259 3228 1725,
277 3151 339 3216 sub
352 3148 531 3215 Benedicto
546 3151 623 3214 lllll
635 3148 803 3235 celebrati)
816 3148 984 3236 subjecta3
1000 3149 1160 3236 siquidem
1238 3163 1242 3174 ·

60 3258 140 3347 hujus
163 3265 278 3350 synodi
301 3265 399 3331 titulo
426 3269 478 3342 13,
497 3267 604 3348 capite
623 3268 663 3342 2,
689 3264 733 3330 sie
757 3265 975 3338 decernitur:
1002 3289 1018 3327 n
1037 3267 1161 3351 Repre-

62 3377 228 3449 «bausibile
238 3381 380 3466 judicari
394 3401 459 3446 non
474 3379 591 3458 debet,
614 3382 641 3446 si
655 3380 835 3446 seeundum
851 3387 1036 3466 temporum
1059 3383 1161 3448 varie·

61 3501 175 3574 «tates,
196 3498 253 3563 ubi
266 3496 301 3561 id
323 3497 498 3562 necessitas
520 3496 574 3562 vel
589 3497 713 3562 utilitas
725 3506 890 3582 exposcat,
909 3497 1161 3570 consuetudines

61 3629 73 3662 1
87 3615 119 3672 et
130 3611 215 3694 leges
230 3611 425 3697 quandoque
445 3613 615 3678 varientur
631 3613 818 3679 humanm...
845 3615 973 3699 Stplum
988 3616 1098 3698 itaque
1126 3615 1160 3679 in

59 3744 72 3780 «
87 3727 273 3808 quibusdam
285 3729 384 3794 curiis
395 3727 603 3793 secularibus
614 3733 648 3792 et
665 3730 898 3808 ecclesiasticis,
913 3729 1003 3795 nullo
1017 3749 1159 3815 unquam

59 3839 153 3924 «jure
169 3853 378 3928 preceptum,
399 3845 568 3910 inolevisse
584 3844 828 3928 perpendimus,
845 3851 883 3911 ut
900 3845 1070 3931 judices...
1085 3865 1159 3914 reos

59 3960 232 4026 «criminali
246 3962 391 4027 iocinore
404 3968 572 4026 accusatos
584 3962 807 4039 examinaturi,
824 3961 1045 4047 juramentum
1060 3962 1101 4028 ab
1111 3963 1160 4029 bis

59 4092 71 4128 1
83 4079 222 4153 praestari
245 4077 384 4163 jubeant
403 4077 601 4143 decoritate
622 4077 771 4144 dicenda.
802 4079 884 4159 Quia
901 4087 1009 4146 tamen
1021 4099 1062 4145 ex
1083 4079 1156 4156 hoc,

59 4207 71 4242 1
85 4191 261 4271 quotidiana
286 4195 380 4260 sicuti
400 4183 454 4259 'est
474 4194 676 4278 experientia
701 4201 920 4278 compertum,
950 4213 1011 4260 nee
1033 4194 1066 4258 in
1088 4193 1159 4259 fisci

58 4301 232 4388 «favorem,
255 4329 315 4376 nec
330 4318 443 4376 contra
461 4329 535 4374 reos
553 4309 640 4393 ipsos
658 4309 726 4396 (qui
744 4317 782 4375 nt
800 4310 978 4393 plurimum
995 4313 1159 4394 patratae

57 4438 117 4482 «sc
145 4436 257 4508 negaui
289 4423 433 4499 delicta),
467 4426 616 4492 utilitatis
641 4426 764 4512 aliquid
789 4427 861 4492 elici
883 4447 946 4492 non
966 4428 1153 4511 ignoratum
