2948 5126
243 389 283 452 24
589 401 776 450 moranus
798 403 842 449 nu
862 401 1012 450 sumens.

199 545 201 550 ’
241 528 374 594 fortiter
388 533 499 591 autem
513 531 716 612 protegetur,
731 527 758 591 si
768 545 864 611 poena
877 525 991 590 mortis
1004 525 1167 609 plectatur
1178 523 1354 610 praediotus

241 649 392 720 conatus,
406 658 471 705 non
486 646 613 706 tantum
630 641 749 708 effectu
765 649 894 719 secuto,
910 637 969 706 sed
985 642 1081 706 etiam
1095 639 1212 708 effectu
1228 661 1293 708 non
1303 659 1354 706 se-

241 764 330 824 cuto.
345 758 387 822 Et
402 762 492 822 certe
506 757 617 822 multis
632 758 872 842 legislatoribus
884 756 1020 842 rigidior
1031 757 1099 822 visa
1112 777 1178 823 non
1192 765 1243 824 est
1257 775 1355 852 poena

241 871 355 938 mortis
367 871 401 935 in
418 868 651 949 incendiarios,
673 872 826 958 falsaeque
842 878 980 937 monetae
1002 888 1185 950 excusores,
1206 871 1304 936 immo
1320 876 1355 936 et

240 988 274 1053 in
290 994 399 1052 certos
414 984 505 1051 fures
520 984 668 1052 decreta.
695 987 799 1053 Porro
825 1006 887 1053 nec
907 987 1011 1052 minus
1033 988 1067 1051 in
1085 1006 1120 1051 se
1135 1004 1271 1071 pravus,
1294 1003 1356 1051 nec

241 1102 347 1168 minus
357 1100 443 1167 bono
453 1099 584 1184 publico
598 1101 712 1168 noxius
725 1109 775 1166 est
786 1101 942 1186 praesatus
954 1101 1194 1166 calumniatoris
1203 1107 1354 1183 conatus3

210 1269 212 1273 ,
241 1235 344 1304 aquo
369 1224 408 1281 ut
426 1214 653 1282 malefactores
678 1213 837 1280 efficacius
859 1214 1101 1294 deterreantur,
1130 1213 1221 1282 utilis
1249 1212 1357 1279 videri

240 1337 350 1418 potest
366 1351 462 1417 poena
479 1329 592 1398 mortis
607 1333 641 1398 in
656 1333 834 1418 simplicem
853 1339 1014 1411 conatum,
1034 1333 1134 1398 etiam
1146 1331 1269 1425 ‘effectu
1290 1349 1357 1398 non

240 1455 370 1528 secuto,
386 1446 556 1514 intentata.
578 1448 646 1513 Nec
665 1446 795 1516 dicatur
811 1447 927 1513 minori
944 1466 1041 1530 poena
1056 1444 1270 1532 plectendum
1286 1464 1355 1513 esse

240 1567 393 1628 conatum
411 1559 454 1628 ad
472 1559 667 1646 patrandum
681 1562 802 1641 scelus,
820 1580 916 1650 quam
933 1563 1110 1646 ipsummet
1125 1558 1230 1628 scelus
1245 1568 1356 1646 patra-

239 1687 311 1744 tum
328 1699 334 1743 :
349 1676 411 1749 hoo
426 1680 513 1744 enim
527 1696 643 1746 verum
655 1685 706 1744 est
717 1676 847 1764 quando
861 1678 997 1762 simplex
1011 1683 1146 1744 conatus
1158 1683 1282 1742 nonest
1296 1667 1357 1760 per

197 1870 198 1874 Ἰ
239 1813 274 1860 se
288 1799 354 1858 tam
366 1799 459 1857 atrox
473 1799 507 1858 et
520 1791 608 1858 bono
621 1791 753 1877 publico
761 1791 906 1872 nocivus,
920 1800 960 1857 ut
974 1810 1131 1858 summam
1143 1809 1285 1876 pernam,
1299 1811 1357 1856 ne-

240 1911 287 1976 cis
301 1929 438 1993 nempe,
456 1916 633 1975 mereatur.
650 1909 681 1974 Si
692 1914 804 1975 autem
819 1929 914 1994 poena
932 1909 1070 1992 simplici
1084 1909 1214 1977 conatui
1228 1906 1353 1986 debita,

240 2025 283 2090 sit
294 2023 359 2111 jam
377 2043 475 2110 poena
493 2044 620 2104 summo,
638 2024 730 2089 locus
744 2042 810 2088 non
829 2022 928 2089 datur
942 2025 1075 2110 regulae,
1092 2032 1130 2090 ut
1146 2023 1249 2111 major
1263 2025 1304 2090 sit
1321 2025 1355 2088 in

241 2159 317 2206 casu
333 2139 468 2206 effectus
482 2139 599 2206 secuti.
616 2141 658 2205 Et
672 2137 733 2203 hoc
750 2157 862 2206 omnes
881 2139 1066 2206 concedunt
1078 2141 1112 2204 in
1128 2141 1261 2206 crimine
1274 2139 1357 2206 laesae

241 2253 419 2342 majestatis
435 2276 442 2319 :
461 2253 496 2320 in
512 2272 575 2340 qno
591 2253 705 2320 eadem
719 2273 816 2339 poena
830 2244 943 2321 mortis
955 2262 989 2320 et
1001 2254 1179 2338 simplicem
1192 2261 1354 2334 conatum,

242 2380 276 2438 et
294 2379 445 2437 conatum
463 2390 537 2435 cnm
556 2370 675 2436 effectu
691 2378 804 2436 secuto
813 2369 901 2456 juste
917 2363 1018 2453 plecti
1030 2370 1178 2436 fatentur
1191 2362 1354 2437 doctores.

241 2490 325 2554 Item
336 2485 457 2552 frustra
472 2488 544 2574 quis
555 2483 713 2572 objiceret
727 2485 911 2569 periculum
928 2482 1090 2552 excitandi
1103 2483 1298 2552 homicidam
1313 2485 1358 2552 ad

242 2603 359 2682 scelus,
386 2600 474 2689 quod
494 2574 565 2689 jam
585 2601 708 2666 frustra
730 2602 890 2685 tentavit,
916 2620 1002 2668 novo
1025 2600 1190 2666 molimine
1210 2619 1359 2669 consum-

241 2717 408 2800 mandum,
421 2719 449 2783 si
460 2718 561 2783 sciret
573 2715 638 2803 jam
650 2735 685 2782 se
698 2715 741 2782 oh
755 2718 898 2800 primum
907 2723 1074 2781 tentamen
1086 2713 1280 2803 supplicium
1291 2737 1359 2784 non

242 2853 427 2900 evasurum.
455 2835 535 2898 Nam
552 2833 579 2896 si
599 2830 667 2897 haec
689 2832 771 2897 ratio
794 2833 936 2912 valeret,
955 2851 1018 2897 nec
1038 2840 1144 2899 morte
1166 2832 1360 2916 plectendus

241 2950 331 3018 loret
348 2949 404 3036 qui
418 2945 629 3022 homicidium
644 2965 746 3012 unum
759 2947 913 3031 patravit,
930 2967 971 3012 ne
984 2947 1071 3013 forte
1086 2955 1166 3014 tnnc
1182 2947 1225 3015 ad
1241 2948 1358 3016 decem

243 3073 300 3130 aut
317 3065 430 3148 viginti
453 3062 626 3132 homicidia
648 3063 859 3143 excitaretur,
884 3082 958 3127 cum
977 3064 1075 3129 sciret
1092 3083 1158 3129 non
1175 3065 1280 3130 minus
1298 3064 1357 3132 sihi

243 3200 303 3266 pro
316 3198 382 3245 uno
398 3199 494 3266 quam
512 3198 574 3262 pro
592 3178 705 3263 uiginti
721 3177 902 3246 homicidiis
920 3198 1036 3245 necem
1049 3179 1221 3250 ximminere
1242 3202 1249 3247 :
1268 3182 1358 3266 quod
1423 3211 1428 3220 ·

243 3301 334 3361 certe
350 3291 527 3360 absurdum
541 3302 603 3360 est.
624 3292 721 3377 Quod
735 3313 814 3378 ergo
829 3290 952 3360 dictum
969 3294 1199 3362 inconveniens
1214 3296 1359 3384 aliquan-

242 3410 286 3477 do
299 3411 406 3476 locum
418 3409 538 3479 hahere
551 3411 663 3494 possit,
677 3431 743 3476 non
758 3418 810 3476 est
822 3411 906 3477 ratio
921 3428 981 3475 cur
992 3411 1128 3496 simplici
1139 3411 1279 3493 conatui,
1290 3395 1357 3498 jam
1458 3483 1459 3492 ,

203 3608 206 3612 Ι
242 3546 304 3612 per
318 3545 352 3591 se
371 3526 476 3590 solum
495 3546 576 3592 nece
591 3525 703 3610 digno,
725 3527 830 3592 minor
856 3545 952 3610 poena
965 3527 1141 3610 irrogetur.
1164 3527 1244 3592 Hinc
1260 3528 1358 3594 etiam

242 3641 374 3728 quando
391 3642 519 3710 talionis
532 3662 627 3728 poena
643 3641 686 3708 ad
703 3643 792 3708 necis
808 3661 909 3727 usque
923 3644 1115 3727 supphcium
1132 3643 1294 3725 evehitur,
1308 3645 1359 3710 in-

241 3745 330 3842 justa
343 3743 475 3842 probari
490 3757 623 3843 nequit3
642 3778 661 3823 a
679 3756 808 3824 fortiori
822 3763 930 3825 autem
948 3755 1066 3843 injusta
1083 3757 1117 3822 in
1139 3760 1265 3826 ceteris
1278 3761 1358 3828 casi-
1457 3763 1458 3814 t

243 3870 305 3937 bus
320 3869 482 3938 censenda
499 3890 564 3936 non
579 3878 641 3938 est.

287 3989 372 4072 Ergo
384 3989 603 4056 recentiorum
616 3987 837 4075 quorumdum
849 3988 1112 4078 jurisperitorum
1125 3990 1167 4058 de
1185 3991 1306 4079 injusta
1323 4003 1359 4062 et
1456 3997 1457 4000 ’

242 4102 382 4174 barbara
393 4103 517 4171 talionis
528 4104 764 4191 poena,injure
776 4105 921 4172 Romano
931 4116 1078 4191 recepta,
1090 4105 1356 4192 declamationes,

243 4237 466 4305 nequaquam,
484 4240 557 4288 meo
575 4221 710 4307 quidem
722 4220 868 4308 judicio,
885 4241 944 4308 pro
958 4226 1185 4308 peremptoriis
1200 4224 1358 4294 habendae

243 4339 330 4399 sunt.
356 4329 427 4401 Non
451 4342 560 4401 tamen
587 4355 741 4422 negamus
766 4338 908 4421 potuisse
929 4337 1015 4404 hono
1036 4338 1168 4424 publico
1189 4340 1358 4425 provideri
1455 4331 1456 4334 ¹

189 4475 191 4479 ·
242 4449 432 4535 perfectiori
446 4469 542 4538 quam
559 4470 663 4538 poenae
679 4451 807 4521 talionis
822 4451 1048 4542 dispositione;
1062 4453 1121 4524 scd
1140 4455 1228 4525 aliud
1243 4463 1295 4524 est
1312 4457 1358 4526 le·
1425 4477 1437 4508 ⁹
