2838 5114
255 338 319 400 376
601 350 789 398 raimerus
810 351 855 398 ou
874 349 1023 397 roorons.

255 494 367 560 presse
384 495 403 542 e
419 483 532 542 contra
546 474 581 541 id
597 478 740 542 muneris
758 473 931 558 diligenter
946 472 987 540 ab
1001 474 1079 558 ipsis
1095 473 1281 542 obeundum
1295 495 1352 542 san
1405 495 1406 510 ¹

254 591 332 656 civit
359 591 506 657 Clemens
521 593 548 655 V
563 591 611 656 his
627 591 737 656 verbis
755 612 761 655 :
779 595 908 672 Propter
934 594 1028 672 quod,
1053 593 1095 654 cd
1118 595 1175 655 Dei
1199 595 1353 673 pioriomet

254 716 445 789 oupmcratune
460 711 590 790 ejusdem
609 709 694 786 fidei,
714 715 748 770 ut
764 713 915 788 nepotiana
937 710 1141 788 inquisitionis
1156 710 1321 790 hujusmodi
1331 715 1353 771 ri
1405 739 1406 770 t

251 831 446 908 prosperetur
459 827 587 904 feticius,
607 845 663 906 quo
679 827 814 906 deinceps
828 826 957 905 possiem
974 826 1051 886 tabis
1070 826 1182 905 indapo
1197 827 1350 904 solemnius,

189 999 192 1006 .
254 943 430 1022 diiipentius
442 948 471 1003 et
490 947 608 1003 cantius
626 948 809 1022 peropetur,·
823 946 932 1022 ipsum,
955 949 1087 1022 iamper
1102 943 1281 1012 dioecesanos
1296 945 1353 1022 Epi·

254 1078 365 1140 scopos,
385 1079 544 1140 pronuper
567 1063 758 1139 inquisitores
779 1061 889 1122 aSade
903 1060 1072 1140 Apostoiion
1093 1061 1253 1140 deputatos
1267 1061 1350 1122 dacer·

252 1182 352 1240 uirnus
368 1181 500 1238 coerceri
517 1174 728 1260 (clementina
745 1177 909 1240 Multorum
929 1179 956 1251 l,
974 1174 1063 1240 tituli
1078 1178 1109 1250 3,
1127 1173 1205 1240 libri
1223 1172 1266 1258 5).

270 1373 272 1376 1
299 1293 341 1357 II.
361 1292 495 1357 certum
510 1298 560 1356 est
576 1294 701 1375 pariter
716 1292 909 1376 Episcopum
927 1309 997 1356 esse
1014 1289 1159 1375 judicem
1185 1297 1353 1375 competen-

253 1417 333 1488 tem,
348 1409 445 1474 etiam
459 1408 565 1493 quoad
579 1413 755 1492 exemptos,
771 1407 901 1494 quando
913 1409 946 1472 iu
960 1406 1014 1492 jus
1023 1415 1182 1472 vocantur
1194 1407 1237 1473 ob
1250 1408 1352 1472 crimen

254 1525 425 1612 pravitatis
441 1526 613 1590 haereticae.
631 1526 763 1590 Constat
778 1543 819 1589 ex
835 1525 939 1607 capite
954 1527 996 1587 od
1009 1525 1193 1587 Aboieudom
1205 1525 1249 1610 (9,
1265 1525 1312 1588 tit.
1327 1529 1349 1598 7,

250 1642 328 1708 iibri
343 1645 362 1706 5
378 1639 614 1725 decretalium),
631 1643 665 1706 in
678 1661 744 1726 quo
758 1641 803 1705 sic
819 1638 1023 1706 decernitur:
1041 1644 1077 1704 St
1091 1647 1143 1721 pai
1158 1659 1229 1702 cero
1242 1643 1348 1720 suerint,

249 1768 307 1843 qui
323 1780 342 1823 o
361 1763 424 1842 iope
442 1762 612 1823 dioecesana
623 1762 849 1841 jurisdictionis
868 1764 1010 1840 euenapti,
1028 1761 1086 1820 soii
1101 1760 1273 1841 subjaceant
1284 1760 1352 1822 Sedis

250 1881 430 1960 Apostoiicoe
440 1882 597 1958 potestati,
615 1877 809 1939 nibilominus
823 1883 857 1938 in
871 1877 918 1938 bis
930 1849 997 1956 'quaa
1014 1882 1084 1938 sunt
1098 1882 1204 1938 contra
1223 1877 1352 1939 baereticn

231 2009 233 2013 ’
255 2001 408 2076 instituta,
432 1999 645 2077 Episcoporunc
660 1997 784 2058 subeant
796 1997 946 2075 judiciam
955 2016 969 2071 ,·
983 2001 1012 2055 et
1030 1966 1121 2056 eisin
1137 1994 1193 2056 bac
1202 1999 1289 2074 porta
1301 1999 1352 2053 tou

256 2133 344 2194 quoru
369 2133 389 2175 o
412 2115 487 2177 Sede
516 2115 684 2194 Apostolico
724 2115 870 2192 daiepatis
903 2111 978 2197 (non
1010 2113 1197 2174 obstantibus
1225 2113 1352 2174 libertatis

256 2247 317 2292 suoe
333 2225 519 2312 priuiiepits)
538 2231 745 2309 obsequantur.

301 2345 359 2410 111.
375 2345 421 2410 An
435 2353 543 2410 autem
556 2344 733 2428 Episcopus
747 2342 855 2427 quoad
868 2351 1036 2425 exemptos
1047 2343 1080 2405 in
1093 2342 1228 2408 crimine
1243 2341 1351 2406 heresis

256 2462 298 2526 sit
309 2463 482 2524 ordinarius
497 2463 686 2540 deiepotusoe
699 2459 877 2544 inquisitor,
893 2459 1095 2545 aliquatenus
1114 2460 1202 2523 inter
1221 2458 1351 2523 doctores

257 2577 523 2643 controvertitur.
546 2577 754 2642 communius
776 2582 884 2641 tamen
906 2576 1090 2641 existimant
1106 2595 1182 2641 eum
1199 2592 1265 2640 esse
1279 2573 1350 2638 dele

255 2701 368 2778 gaium
384 2693 564 2771 dumtaxat,
578 2699 616 2757 ut
630 2693 705 2756 satis
721 2695 808 2757 clare
824 2693 972 2776 arguitur
986 2712 1026 2757 ex
1039 2691 1138 2758 modo
1153 2694 1249 2756 citato
1262 2697 1347 2755 textu.

257 2808 320 2876 Sed
334 2811 428 2874 simul
443 2808 612 2887 adnotant,
632 2809 790 2894 ejusmodi
805 2811 1037 2892 Episcoporum
1051 2811 1085 2872 in
1100 2811 1265 2892 exemptos
1278 2805 1349 2870 dele

258 2935 365 3012 gaiam
390 2925 649 3012 jurisdictionem
683 2931 848 2991 ordinariae
876 2928 1083 3012 aequiparari,
1114 2946 1207 3005 cum,
1236 2927 1348 3005 excepta

259 3043 476 3128 appellatione
501 3044 583 3130 (qun
605 3043 677 3108 lieri
701 3042 802 3109 debet
818 3042 860 3108 ad
877 3045 998 3127 Papam
1018 3041 1242 3128 delegantem,
1259 3047 1348 3106 etnon

260 3161 302 3227 ad
316 3157 630 3244 Metropolitanum),
648 3160 747 3225 iidem
762 3161 827 3226 siut
841 3160 978 3225 effectus
992 3160 1113 3226 caeteri.
1135 3183 1151 3220 «
1170 3161 1249 3242 Quia
1262 3165 1345 3222 nmen

263 3303 278 3340 a
296 3279 351 3366 (ait
364 3279 554 3357 LeureniuS,
569 3282 938 3358 Foruncecciesiasttcuru,
954 3279 987 3342 in
998 3278 1050 3344 tit.
1067 3285 1098 3357 7,
1112 3278 1189 3344 libri
1201 3279 1219 3342 5
1231 3275 1343 3344 decret..

265 3416 327 3480 «q.
344 3399 419 3474 183,
433 3417 466 3460 n.
482 3393 514 3479 i)
527 3394 595 3460 haec
608 3395 769 3480 delegatio
781 3404 935 3479 respectu
955 3403 1182 3480 exemptarum
1201 3395 1281 3460 facta
1291 3391 1345 3476 jure

265 3538 277 3570 c
294 3514 456 3578 communi
470 3513 647 3597 Episcopis,
661 3531 727 3578 non
741 3513 867 3579 ratione
883 3531 1041 3598 personae,
1060 3512 1119 3579 sed
1135 3514 1257 3580 ratione
1268 3506 1345 3592 digni

182 3667 185 3673 Α
266 3651 281 3687 a
294 3627 372 3693 tatis
397 3627 597 3711 episcopalis
623 3627 771 3714 adeoque
799 3638 831 3694 ct
855 3628 1093 3694 successoribus
1114 3629 1243 3695 illorum
1262 3627 1290 3689 in
1308 3639 1342 3695 ea,

266 3768 282 3805 a
295 3744 602 3831 ideo-aequiparatur
614 3745 830 3832 jurisdictioni
844 3745 1024 3822 ordinariae,
1040 3752 1079 3809 ut
1092 3746 1201 3828 potius
1213 3735 1343 3810 ordinaria

266 3883 281 3921 a
296 3881 393 3947 quam
415 3862 565 3945 delegata
586 3861 748 3928 censenda
763 3863 822 3944 sit,
840 3863 985 3946 quamvis
1004 3861 1111 3945 quoad
1127 3859 1343 3946 appellationem

266 4003 281 4038 a
297 3978 451 4044 sortiatur
470 3985 619 4043 naturam
633 3977 864 4062 jurisdictionis
886 3977 1054 4062 delegatae,
1069 3954 1117 4043 lta
1133 3986 1170 4044 ut
1184 3998 1203 4041 a
1216 3967 1342 4041 sententia

265 4117 281 4154 c
295 4096 456 4179 Episcopi,
469 4095 532 4160 lata
544 4096 577 4158 in
589 4115 684 4161 causa
700 4094 827 4160 heresis
837 4096 871 4159 iu
882 4101 1058 4178 exemptos,
1072 4095 1227 4178 appellari
1240 4090 1339 4158 uenat

267 4233 283 4271 a
296 4230 361 4276 nou
376 4209 418 4274 ad
433 4211 733 4294 Metropolitanum,
752 4210 811 4276 sed
827 4209 868 4284 ad
883 4211 1003 4294 Papam
1019 4209 1260 4293 delegantem.»

308 4327 365 4391 IV.
387 4326 470 4393 Sede
493 4334 639 4407 vacante,
663 4327 839 4412 capitulum
864 4328 1007 4414 (utpote,
1031 4324 1203 4392 ordinaria
1225 4313 1339 4406 Episcopi

262 4439 480 4525 jurisdictioni
496 4441 689 4526 succedens)
706 4449 856 4530 tanquam
871 4441 1055 4508 ordinarius
1071 4441 1236 4526 inquisitor
1249 4433 1338 4500 haben·
