2930 5114
250 399 312 465 568
599 413 787 464 moereres
810 415 855 463 nn
877 413 1026 465 sonions.

295 563 313 600 cr
330 543 445 622 Qaibas
463 541 590 620 dabitis,
609 547 639 602 et
654 545 682 603 si
697 547 775 604 etin
795 549 940 622 quantam
962 545 1143 624 aaeeptotis,
1164 544 1202 606 de
1223 545 1357 608 mandato

248 661 404 722 reverendi
426 661 542 722 Viearii
564 659 713 739 peneratis
731 661 896 740 predictas
921 663 1172 740 interropatianes
1196 666 1225 722 et
1248 679 1359 742 respon·

247 779 344 838 siones
366 777 447 838 dieto
472 776 592 837 domino
624 777 751 838 Andreae
773 779 812 839 N.
839 777 955 857 pertepi
983 795 993 837 :
1020 781 1049 838 et
1072 795 1139 837 earn
1166 781 1360 858 interropatrs

245 894 363 972 fnisset,
382 912 422 956 an
440 892 529 954 oeitet
545 893 706 972 quidquam
732 900 849 955 matare
872 895 919 954 oet
942 893 1065 971 addere,
1095 899 1125 954 et
1151 895 1356 974 respondisset,

246 1009 327 1070 nibii
352 1010 412 1070 sibi
437 1027 588 1071 ocoarrere
612 1009 785 1072 oridendnne
810 1015 864 1072 nat
888 1011 1083 1088 natandum,
1110 1013 1183 1090 qnia
1210 1013 1361 1071 veritatem

245 1127 369 1188 dixerat
382 1123 447 1212 (vel
458 1127 611 1207 respondit
623 1146 633 1188 .·
645 1128 687 1190 ad
707 1131 972 1208 interropationem
995 1131 1113 1188 nnmeri
1125 1130 1156 1192 N
1158 1175 1182 1205 .‚
1198 1144 1230 1187 se
1241 1127 1362 1188 alterins

246 1242 461 1324 respondere..'.
488 1241 590 1306 ebibi
611 1248 753 1324 ponatur
785 1245 924 1308 mutatio
951 1243 1006 1308 vel
1032 1237 1170 1325 additio)
1197 1245 1302 1322 jassus
1322 1249 1363 1303 est

245 1362 437 1424 subscribere.
456 1361 530 1422 Aeta
544 1365 615 1422 sont
629 1359 691 1421 bae
705 1361 810 1439 die...,
830 1366 997 1440 mensis...‚
1017 1365 1150 1424 anni...
1168 1394 1214 1406 —
1232 1362 1293 1440 Epo
1308 1361 1364 1422 Arr-

247 1478 335 1540 dreas
360 1479 399 1539 N.
425 1477 537 1556 depono
560 1481 596 1538 at
615 1494 719 1556 snpra.
750 1511 783 1522 -
811 1479 873 1557 Epo
895 1480 951 1556 N.‚
980 1479 1118 1539 Vteartns
1136 1477 1299 1556 peneratis.
1322 1511 1364 1522 -

248 1595 312 1674 Epo
327 1595 365 1656 N.
371 1641 381 1671 ‚
398 1597 565 1656 aetnarins.
583 1613 600 1651 n
1223 1657 1228 1666 ,

248 1702 250 1710 ’
294 1710 325 1774 Si
337 1727 474 1775 examen
491 1709 550 1774 Rei
570 1728 637 1774 uno
651 1713 761 1774 tractu
774 1707 890 1793 perfici
904 1713 1056 1793 nequeat,
1070 1705 1113 1774 de
1129 1707 1364 1792 interruptione

249 1825 372 1893 mentio
386 1817 444 1890 fist
459 1825 493 1888 in
507 1825 589 1890 setis
600 1826 633 1889 in
645 1823 731 1889 hune
748 1823 881 1889 modum
899 1845 906 1888 ε

297 1964 314 2004 a
331 1945 412 2006 Tana
427 1943 605 2006 reverendas
620 1945 651 2008 N
652 1992 675 2021 .,
695 1945 834 2005 Vioarins
857 1943 1016 2023 peneroiis,
1035 1943 1183 2006 tarditate
1197 1941 1278 2016 bora
1293 1961 1367 2024 pree

249 2051 355 2123 ventris
373 2059 447 2146 (vel
469 2063 612 2141 praeibas
635 2065 764 2141 nepotiis
785 2057 965 2144 impeditos)
988 2079 1114 2123 examen
1134 2063 1366 2124 continuandam

252 2181 369 2240 remisit
391 2178 432 2239 ad
454 2182 620 2240 crastin-arn
644 2179 735 2255 diem,
755 2177 871 2241 bora...
896 2179 996 2256 (inere
1017 2178 1054 2240 de
1078 2179 1222 2240 mandato
1242 2179 1367 2259 ejusden

253 2293 407 2356 reverendi
421 2295 535 2356 Vitarii
551 2296 699 2374 peneratis
714 2301 835 2375 partem
850 2295 1044 2375 depositionis
1052 2297 1119 2374 jorn
1136 2295 1251 2373 [aetam
1262 2313 1281 2355 a
1291 2295 1367 2356 dieto

254 2409 375 2472 Andrea
396 2410 436 2473 Ν.
463 2428 513 2488 reo
533 2413 594 2490 ipsi
613 2411 746 2491 perlepi·
767 2413 816 2471 eni
838 2415 867 2472 et
887 2411 1067 2472 subscribere
1087 2414 1195 2491 jussas
1217 2416 1273 2472 est.
1296 2411 1367 2472 Aeta
1454 2411 1455 2436 ²

252 2532 323 2589 snnt
341 2525 403 2587 bero
417 2527 522 2604 die...‚
541 2530 705 2604 mensis...,
724 2531 853 2591 anni...
882 2561 926 2573 —
950 2529 1015 2606 Epo
1029 2527 1167 2589 Andreas
1188 2529 1229 2590 N.
1250 2528 1368 2608 deposui

251 2650 286 2706 ιιι
300 2661 403 2723 snpra.
423 2679 467 2691 -
480 2645 542 2725 Epo
557 2647 611 2722 N.,
631 2646 770 2706 Viearins
783 2645 943 2724 penerotis.
962 2646 1083 2723 -Epo
1097 2646 1152 2721 N.‚
1172 2649 1334 2706 actuarias.
1349 2663 1364 2701 s
1391 2674 1397 2688 -

297 2759 413 2823 Forma
435 2765 545 2824 eutem
575 2757 798 2824 reassumendi
824 2759 1202 2842 interruptnmexamen
1227 2759 1287 2824 Rei
1303 2758 1367 2822 haee
1453 2741 1454 2752 ¹

255 2893 326 2940 esse
339 2875 491 2960 poterit:

300 3001 320 3052 'n
334 2995 414 3056 Die..
424 3039 446 3068 .‚
461 2996 627 3070 mensis...‚
638 3011 727 3054 anno.
737 3039 744 3054 .
753 3041 774 3071 .,
789 2996 821 3055 in
830 2997 911 3055 atrio
920 2991 1008 3054 solito
1018 2989 1173 3073 episcopii,
1187 2993 1368 3055 ventilandis

254 3115 354 3172 oensis
370 3110 576 3172 ecelesiasticis
600 3112 761 3188 destinato,
778 3112 957 3173 reverendos
970 3113 1001 3174 N
1003 3159 1025 3188 .‚
1045 3113 1183 3172 Viearins
1205 3111 1363 3190 pendatis,

256 3227 358 3288 votens
371 3231 546 3288 eoretinnare
562 3245 688 3289 eoearnen
703 3231 767 3305 Rei,
779 3232 868 3307 prins
882 3231 1085 3307 interruptam
1097 3231 1133 3288 ιιι
1150 3246 1256 3307 sopra,
1273 3231 1368 3288 ooenri

256 3343 344 3404 erton
367 3361 466 3404 rorant
488 3360 518 3403 se
536 3344 630 3422 feeit,·
653 3349 682 3404 et
704 3343 799 3405 denen
827 3343 935 3404 obtedtt
957 3347 1166 3423 juramentum
1192 3345 1230 3404 de
1247 3345 1368 3406 dieertda

255 3463 398 3534 veritate·
413 3461 491 3539 qnod
508 3478 575 3520 earn
594 3461 646 3521 itte
661 3463 865 3540 prestitisset,
885 3460 1014 3521 alterins
1033 3463 1239 3540 interropatns
1257 3463 1326 3541 fnit,
1342 3465 1367 3520 et

253 3577 406 3656 respondit
421 3583 455 3638 nt
469 3581 603 3657 seqnitur
620 3597 630 3638 :
649 3575 701 3641 13.
720 3579 930 3656 Interropatns
942 3595 952 3637 :
969 3594 1026 3654 an,
1045 3582 1101 3639 ete.
1120 3595 1136 3636 n

679 3863 813 3931 CAPUT
830 3865 958 3930 XXVII.

253 4136 368 4186 nonni
389 4133 625 4184 rnctnnnonuu
646 4134 880 4186 cnetnumnutt
894 4135 937 4186 bi
951 4134 1148 4186 basmonum
1171 4135 1356 4188 Pannissus·

253 4383 258 4390 ’
300 4403 455 4471 Absolute
472 4405 532 4471 Rei
545 4404 704 4481 examine,
724 4403 828 4490 judex
846 4404 985 4488 assignat
996 4401 1177 4487 promotori
1194 4401 1293 4468 fiscali
1305 4407 1361 4465 ten
1447 4429 1448 4458 ι

257 4521 392 4598 minum,
411 4521 453 4587 ad
474 4520 656 4588 exhibenda
680 4519 830 4604 capitula,
849 4519 1009 4606 simulque
1035 4518 1114 4585 citat
1132 4538 1228 4586 reum
1250 4517 1289 4584 ad
1314 4515 1361 4581 iiis

1443 4923 1446 5090 i
