2914 5122
500 389 579 438 rlus
603 387 761 437 sacuam.
1130 367 1190 432 133
1273 367 1275 372 ’

106 513 244 596 «petierit
259 514 434 600 justitiam,
455 524 563 598 potest
579 516 858 610 exconrmunieare
879 519 1046 578 auctorem
1065 511 1189 588 damini,

105 652 116 686 a
133 629 198 695 licet
210 630 303 695 etiam
319 633 349 696 ci
359 631 525 696 confessus
535 633 595 716 sit3
614 630 673 697 sed
687 640 797 697 tamen
810 649 876 696 nen
887 628 1073 693 nominatim
1083 635 1193 713 potest

104 763 190 808 coum
204 764 370 812 removere
385 767 403 812 a
419 749 655 825 cummunione,
677 747 757 811 licet
773 747 853 810 scint
876 764 950 810 eum
967 761 1044 808 esse
1069 761 1164 808 rcum
1182 763 1190 808 ε

103 858 262 942 «quianon
280 861 437 947 utjudex
456 863 529 940 scit,
556 861 616 928 sed
639 869 675 929 ut
694 863 784 928 Deus
807 884 814 926 :
840 859 899 925 sed
919 859 1020 925 debet
1044 877 1119 924 eum
1136 857 1193 924 ad·

104 995 243 1043 amouere
270 995 312 1043 ne
340 999 375 1043 se
393 979 532 1062 ingerat.
560 979 641 1060 Quia
668 998 729 1044 neo
753 977 898 1042 Christus
927 975 1081 1042 Judama
1106 995 1194 1041 com·

102 1095 260 1160 «munione
281 1097 422 1161 removit
443 1115 459 1158 o
480 1095 563 1183 (cap.
579 1099 611 1174 i,
633 1096 722 1161 tituli
736 1098 790 1173 31,
809 1093 884 1160 libri
905 1097 916 1158 l
935 1090 1090 1177 decret).
1105 1095 1191 1177 Ergo

99 1208 168 1291 quod
181 1209 294 1278 delicta
309 1213 421 1295 paucis
436 1221 523 1290 ncta,
543 1219 578 1280 et
593 1213 627 1277 in
639 1213 778 1277 aliorum
788 1211 964 1295 perniciem
975 1228 1040 1274 nou
1054 1227 1192 1292 vergen-

99 1323 141 1412 tia,
165 1329 400 1395 accusatoribus
416 1329 589 1414 aliquando
614 1335 757 1407 careant,
773 1328 828 1414 qui
850 1345 963 1393 eurum
986 1326 1191 1412 judiciariam

97 1443 299 1510 coercitionem
323 1453 573 1530 persequantur,
597 1446 697 1510 etsie
721 1443 870 1510 vindictae
888 1443 1024 1526 publicae
1045 1462 1195 1509 nonuun-

95 1571 170 1638 quam
181 1559 422 1637 subtrahantur,
444 1559 595 1626 defeotus
609 1569 643 1626 et
662 1559 779 1626 vitium
797 1559 997 1627 in⁴1teclesie
1018 1558 1186 1643 disciplina

94 1683 210 1740 nonest.

126 1789 151 1854 si
162 1811 236 1858 veru
251 1792 371 1858 delicta
393 1793 567 1858 comitetur
583 1791 756 1858 diffamatio
774 1799 809 1857 et
823 1791 1021 1869 scandalum,
1039 1790 1094 1858 uel
1117 1791 1191 1857 sub

93 1906 302 1974 uertendarum
323 1909 501 1975 animarum
515 1908 706 1993 periculum,
726 1915 806 1973 tunc
820 1907 952 1993 quidem
971 1905 1105 1990 expedit
1122 1915 1190 1972 uta
1241 1957 1249 1972 .

91 2029 231 2103 potestate
241 2026 458 2092 ecclesiastica
468 2025 669 2112 judicialiter
686 2033 918 2114 coerceantur3
933 2032 967 2090 et
983 2025 1015 2088 in
1030 2022 1187 2090 damnum

90 2136 182 2222 ingens
198 2149 362 2227 vergeret,
387 2143 413 2208 si
429 2143 524 2208 unica
550 2151 683 2226 patente
701 2143 913 2207 accusationis
936 2141 1000 2220 via,
1029 2142 1137 2206 nullus
1155 2143 1188 2206 in

89 2251 135 2318 hoc
147 2275 218 2322 casu
229 2265 399 2323 accusator
417 2259 605 2324 essevellet.
618 2260 659 2325 lt
674 2278 754 2324 reru
769 2259 801 2323 in
818 2258 955 2342 antiquis
971 2258 1120 2323 Ecclesia
1131 2277 1190 2323 sae·

90 2369 452 2456 culispertimescendum
465 2395 529 2441 non
539 2383 608 2440 erat
617 2372 777 2460 ejusmodi
794 2395 836 2440 ex
848 2373 1077 2440 deficientibus
1089 2393 1188 2440 aecu-

88 2489 228 2556 satoribus
252 2491 418 2557 damnum.
441 2494 505 2559 Pro
521 2513 561 2558 eo
586 2493 672 2558 enim
691 2511 755 2578 quo
770 2490 884 2557 fideles
900 2490 1121 2556 afficiebantur
1135 2499 1188 2556 tu-

88 2603 177 2669 tanda
193 2585 385 2690 integritatis
398 2605 487 2686 fidei,
506 2617 550 2674 et.
563 2606 783 2674 arcendorum
804 2605 1029 2672 scandalorum
1046 2607 1128 2684 zelo,
1146 2606 1187 2672 ab

88 2720 270 2799 assumendo,
282 2721 340 2787 ubi
354 2742 435 2806 opus
452 2731 534 2802 erat,
551 2725 763 2789 accusationis
775 2743 876 2789 onere
886 2742 951 2787 nou
963 2722 1182 2808 refugiebam

88 2851 148 2900 cum
162 2839 338 2921 prasertim
350 2841 377 2903 is
396 2841 453 2925 qui
466 2841 675 2924 probationes
695 2840 942 2906 subministrare
961 2847 1102 2923 poterat,
1117 2857 1187 2904 sese

88 2948 120 3014 ad
131 2950 162 3016 id
178 2972 217 3018 ex
230 2955 427 3021 conscientia
441 2957 548 3021 teucri
566 2955 777 3040 intelligeret.
792 2955 886 3022 Adde
900 2955 1124 3021 ecclesiasticis
1136 2954 1188 3040 iu-

87 3062 194 3134 dicibus
214 3089 343 3154 semper
361 3070 501 3150 licuisse,
520 3073 721 3156 inquisitoria
745 3071 850 3138 forma
870 3079 904 3136 ta
923 3079 1050 3136 notoriis
1070 3091 1186 3154 prece·

88 3177 152 3248 dere
169 3206 175 3250 :
195 3186 358 3252 notorium
377 3194 489 3252 autem
516 3207 533 3252 a
558 3187 692 3253 notabili
718 3186 934 3254 diffamatione
965 3196 999 3253 et
1029 3187 1183 3254 scandalo

87 3315 155 3382 sape
179 3322 242 3367 non
262 3300 389 3368 differe.
415 3304 499 3370 item
518 3304 551 3367 in
574 3305 677 3368 causis
703 3302 781 3369 fidei
804 3303 1021 3387 probabiliter
1042 3297 1184 3372 adhibita

87 3433 197 3502 semper
222 3421 286 3484 fuit
313 3393 511 3504 inquisitoria
538 3419 653 3498 forma,
684 3426 840 3504 utsupra
872 3420 1115 3505 adnotavimus3
1145 3442 1183 3486 ac

88 3535 213 3615 proinde,
235 3535 293 3601 ubi
316 3536 358 3601 de
377 3536 491 3601 heresi
509 3536 562 3601 vel
580 3535 751 3602 schismate
766 3545 930 3620 ageretur,
954 3537 1075 3622 absque
1090 3557 1183 3604 accu-

87 3656 174 3715 satore
188 3649 325 3736 procedi
341 3659 481 3735 poterut.
635 3655 650 3664 ”

119 3767 153 3832 ln
168 3769 205 3833 iis
227 3787 306 3852 ergo
331 3764 570 3834 conditionibus
594 3771 725 3855 antiqua
751 3769 893 3836 Ecclesia
917 3769 1120 3851 versabatur,
1145 3780 1183 3838 ut

86 3877 194 3963 delicta,
213 3903 284 3970 quae
305 3883 503 3969 judicialiter
518 3887 663 3951 coerceri
680 3885 887 3969 expediebat,
905 3905 1110 3972 nequaquam
1126 3889 1182 3952 im-

85 3999 180 4076 punita
207 4007 432 4078 remanerent,
461 4019 502 4064 ex
526 4021 565 4066 eo
590 4000 680 4086 quod
703 3991 770 4066 sol'a
792 4003 990 4085 regulariter
1013 4002 1180 4069 obtineret

84 4119 267 4182 accusatoria
290 4119 406 4183 forma.

118 4231 197 4297 Item
225 4232 333 4319 quoad
358 4232 447 4311 odia,
473 4253 543 4319 quae
573 4245 775 4302 accusantem
802 4237 889 4302 inter
919 4235 967 4324 et]
980 4245 1178 4316 accusatum,

84 4361 242 4434 eorumque
265 4350 412 4428 familias,
431 4353 537 4416 enasci
559 4354 681 4432 solent,
697 4353 836 4418 multum
855 4373 873 4420 a
892 4355 1037 4420 seculari
1060 4351 1181 4420 disere-

86 4460 170 4540 pabat
184 4467 434 4532 ecclesiasticum
450 4467 568 4534 tortam.
591 4470 654 4554 Qui
673 4470 759 4537 enim
775 4469 862 4554 apud
879 4471 1070 4556 Episcopum
1087 4487 1181 4536 acuu-
