2914 5122
241 381 283 445 86
520 444 524 450 ,
589 395 776 445 rasorurus
798 397 842 444 nn
864 395 1013 444 sumnus.
1138 451 1141 456 ¹
1172 393 1173 398 ’

244 526 342 586 urat.
377 543 393 582 a
423 520 594 606 (Lussius,
626 523 664 583 de
692 523 825 600 dorcet
843 526 991 604 justitia,
1021 517 1079 584 lib.
1108 521 1139 595 2,
1174 526 1272 604 caput
1298 521 1349 596 m,
1438 520 1439 578 t

240 655 274 702 n.
294 631 387 719 114.)
1438 611 1439 618 ‘

286 753 321 817 4⁰
337 749 554 819 confirmatur
572 771 613 818 ex
625 751 698 837 jure
707 753 851 818 Romano
868 752 952 839 (lege
972 754 1001 830 l,
1018 750 1051 816 ff.
1073 754 1110 815 eie
1126 747 1253 836 Queri.)
1271 771 1278 816 :
1297 756 1354 832 Qui

240 875 430 952 questionem
443 869 601 932 debiturus
611 877 667 949 est,
693 890 752 941 port
765 871 850 933 debet
864 871 1032 951 specialiter
1050 874 1236 950 interrogare
1247 887 1290 932 ort
1306 873 1354 932 Ti·

243 990 303 1049 tius
319 985 512 1050 homicidium
536 986 651 1065 fecerit,
676 987 728 1048 seul
747 961 1023 1066 prioratumque
1043 987 1077 1047 id
1094 985 1214 1064 feccrit·
1227 985 1353 1046 ultorum
1439 1009 1440 1028 κ

241 1106 320 1166 euim
328 1106 426 1183 magis
441 1106 638 1182 supperecrtis,
653 1120 743 1183 quom
756 1106 998 1184 requirentiscst.

286 1220 412 1300 Olp'icies
433 1221 477 1283 1⁰.
499 1217 643 1282 Ganones
663 1216 706 1282 ud
726 1235 915 1302 processum
927 1215 1165 1301 inquisitorium
1185 1217 1354 1302 requirunt

240 1334 395 1418 praevium
410 1333 540 1414 fumum,
559 1333 612 1400 rel
626 1334 741 1400 saltem
755 1332 885 1400 indicia.
902 1331 1105 1418 Respondeo‚
1125 1333 1199 1397 illos
1218 1351 1354 1398 conones

241 1438 337 1535 agere
359 1448 402 1517 de
421 1450 625 1536 inquisitione
651 1454 784 1534 speciali,
806 1469 870 1536 qua
893 1467 1012 1533 nempe
1030 1449 1206 1536 inquiritur
1228 1469 1270 1514 un
1285 1449 1355 1514 talis
1440 1423 1441 1462 ³

240 1585 379 1650 persona
397 1563 622 1644 determinata,
635 1565 729 1631 verbi
739 1565 854 1652 gratio,
869 1565 979 1644 Titius,
991 1564 1057 1629 tale
1073 1562 1230 1630 delictum
1249 1572 1355 1650 patru-

240 1682 344 1766 verit;
362 1700 427 1747 non
449 1689 559 1748 autem
577 1679 619 1747 de
642 1682 847 1767 inquisitione
862 1683 996 1764 pepercit
1012 1699 1076 1766 qua
1093 1699 1211 1766 nempe
1229 1688 1354 1746 tantum

241 1799 399 1886 queritur
418 1799 453 1864 in
470 1817 602 1884 genere,
619 1799 690 1883 quis
708 1798 835 1863 fecerit.

285 1919 467 2000 objectaret
484 1916 588 1982 Etiam
607 1916 766 2000 generalis
780 1915 849 1980 haec
865 1914 1078 1998 interrogatio
1092 1921 1158 1998 quis
1172 1918 1290 1995 fecerit,
1308 1933 1358 1978 oo

241 2031 401 2097 casionem
416 2032 541 2115 praebet
559 2030 815 2098 occultadeliota
830 2028 1017 2114 reveland13
1034 2049 1113 2114 ergo
1128 2031 1238 2115 iniqua
1251 2039 1358 2096 est.—

240 2147 508 2232 Respondeant
521 2147 713 2232 praedictum
730 2147 1018 2232 interrogationem
1036 2148 1222 2232 generalem
1235 2167 1304 2214 non
1315 2156 1357 2212 te-

241 2273 361 2330 nentur
375 2284 437 2330 neo
448 2261 572 2330 debent
582 2263 706 2330 subditi
721 2265 870 2330 revelare
887 2264 1031 2330 occultos
1044 2262 1286 2348 delinquentes,
1301 2261 1357 2330 sed
1442 2255 1443 2328 Ξ

242 2397 298 2444 eos
310 2377 480 2443 dumtaxat
492 2380 548 2464 qui
570 2379 656 2445 sama
671 2379 800 2462 publica
818 2379 1034 2463 perhibentur
1059 2379 1217 2446 delictum
1237 2381 1282 2448 de
1297 2401 1357 2468 qno

241 2496 348 2580 agitur
361 2501 580 2582 perpetrasse.
597 2495 630 2561 Si
644 2515 725 2562 vero
740 2515 780 2560 ex
794 2496 974 2580 ignorantia
984 2494 1178 2582 quandoque
1193 2499 1358 2582 contingat

240 2621 278 2680 ut
296 2611 431 2690 subditi,
447 2611 509 2678 hoc
526 2610 623 2678 modo
639 2611 842 2698 interrogati,
860 2612 1024 2679 occultum
1038 2613 1135 2678 etium
1148 2615 1292 2681 criminis
1305 2634 1357 2680 au·
1443 2661 1444 2666 η

241 2738 366 2797 ctorem
380 2728 605 2806 manifestent,
622 2727 659 2794 id
680 2730 789 2794 evenit
804 2748 864 2814 per
879 2727 1048 2808 accidens,
1068 2749 1128 2794 nec
1144 2737 1283 2814 propter
1296 2730 1357 2796 tale
1443 2725 1444 2730 ’

240 2845 477 2914 incommodum
498 2844 598 2911 debet
624 2846 730 2912 omitti
751 2846 913 2931 inquisitio
927 2853 1100 2929 tantopere
1122 2845 1207 2912 bono
1228 2848 1357 2932 publico

241 2963 435 3030 necessaria.
1334 3038 1336 3040 ¹

289 3104 305 3141 «
323 3081 436 3164 Neque
446 3075 551 3163 judex
567 3078 810 3162 inquisitionem
827 3078 948 3146 faciens
966 3087 1100 3145 tenetur
1118 3081 1285 3148 instruere
1306 3101 1358 3147 ru-

245 3220 261 3260 r
281 3195 401 3273 diores,
416 3214 457 3259 ne
471 3200 638 3260 auctorem
653 3191 819 3278 detegant,
836 3196 862 3260 si
872 3195 957 3260 forte
969 3196 1059 3260 nulla
1071 3196 1202 3262 infamia
1212 3197 1356 3282 laborem

245 3336 261 3373 u
277 3311 312 3378 id
324 3313 412 3378 enim
426 3308 585 3378 redderet
598 3331 672 3376 enm
688 3320 875 3397 suspectum
892 3313 1097 3397 corruptelae,
1120 3314 1174 3378 vel
1195 3313 1316 3380 furoris
1327 3315 1358 3378 in

246 3429 529 3522 «criminosum...
550 3426 692 3508 Quodsi
715 3428 864 3494 occultus
882 3437 995 3494 ructor
1023 3427 1210 3513 detegatur,
1239 3431 1358 3514 poterit

246 3563 262 3599 u
281 3545 393 3604 contra
408 3556 482 3602 eum
495 3533 690 3620 procedere.
710 3558 727 3596 »
744 3535 892 3622 (Lessius,
907 3539 944 3600 de
961 3539 1034 3600 iore
1048 3543 1078 3600 et
1088 3542 1226 3619 justitio,
1245 3537 1304 3602 lib.
1325 3538 1353 3613 2,

242 3675 271 3722 c.
290 3657 344 3754 29,
362 3672 395 3718 n.
416 3649 505 3736 115.)
532 3650 627 3732 Quod
646 3659 756 3720 tumen
780 3652 939 3736 restringe
961 3651 1004 3718 ad
1021 3670 1129 3717 cusum
1149 3652 1358 3738 inquisitionis

244 3777 358 3847 mictu,
386 3766 517 3854 quando
543 3787 661 3854 nempe
696 3769 858 3834 notorium
874 3775 923 3836 est
949 3767 1105 3833 delictum
1120 3777 1155 3834 et
1184 3769 1358 3854 inquiritur

245 3885 415 3954 dumtaxat
430 3883 472 3950 de
501 3903 656 3968 persona;
687 3886 812 3950 namin
838 3885 1043 3970 inquisitione
1059 3885 1212 3970 generali,
1233 3887 1261 3951 si
1287 3902 1357 3950 eam

243 4002 392 4088 superior
410 4002 491 4068 velit
513 4004 706 4086 judicialiter
729 4002 912 4079 instituere,
939 4001 1040 4068 debet
1071 4001 1219 4078 subditos
1240 3991 1357 4068 dehoc

242 4138 455 4205 praemonere,
470 4127 618 4204 utsupra
634 4118 878 4204 adnotavimus;
898 4138 1004 4205 neque
1023 4127 1101 4185 tuno
1113 4121 1233 4186 favoris
1254 4121 1287 4184 in
1302 4118 1358 4184 cri-

243 4237 383 4322 minosos
397 4243 568 4320 suspectus
585 4235 764 4304 redditum·

284 4355 413 4436 -Oijicies
427 4354 473 4418 3⁰.
488 4352 530 4429 Si,
548 4352 636 4418 nulla
648 4350 855 4436 praecedente
870 4353 1010 4432 infamia,
1028 4354 1128 4438 possit
1142 4352 1248 4440 judex
1261 4373 1356 4438 gene·

242 4467 357 4534 ruliter
379 4466 528 4534 subditos
552 4469 752 4551 interrogare
770 4476 837 4550 puis
856 4472 969 4548 feccrit,
992 4469 1060 4552 ipse
1081 4470 1228 4535 occultus
1246 4468 1354 4535 delicti
