2836 5118
475 367 555 416 rsus
577 366 736 417 mensos.
1104 353 1168 420 309
1224 439 1227 460 Ι

78 491 140 558 «lio
150 491 366 576 exprimitur,
387 491 565 560 observari.
580 492 677 575 Quod
691 511 808 560 verum
822 491 968 576 intelligo
981 491 1112 580 quando
1123 498 1169 563 sic

77 607 272 693 «procedere
291 626 355 674 uon
384 615 434 674 est
453 609 486 674 in
510 606 632 694 judicis
656 615 837 694 potestate,
862 615 901 674 ut
919 607 993 694 quia
1011 609 1100 694 Papa
1121 608 1169 678 sic

77 723 224 807 «procedi
248 721 381 788 mandat
401 744 409 789 z
430 741 527 790 secus
553 723 646 788 sisic
668 722 848 809 procedere
867 723 1029 791 voluntati
1049 722 1170 810 judicis

76 841 304 925 «relinquatur.
320 867 334 894 ι

105 957 138 1020 V.
164 957 195 1021 Si
209 954 252 1021 de
271 955 358 1022 facto
373 955 564 1022 instituatur
585 975 755 1041 processus
769 953 952 1023 ordinarius
967 957 1098 1043 quando
1112 975 1171 1043 po·

71 1079 140 1138 terat
160 1072 333 1138 summarie
365 1071 518 1157 procedi,
544 1092 586 1138 au
607 1073 790 1140 nullitatem
817 1071 951 1140 iudueut
975 1073 1111 1160 alicujus
1137 1076 1170 1140 in

70 1207 205 1272 processu
227 1187 394 1254 ordinario
417 1189 604 1254 necessarie
626 1188 838 1254 solemnitatis
858 1189 1008 1255 omissio?
1029 1189 1068 1254 ld
1090 1189 1171 1257 utilr-

70 1312 142 1370 mant
157 1305 268 1382 multi,
290 1322 365 1369 oum
380 1303 589 1370 lteitieustuel
607 1305 651 1390 (in
668 1305 722 1370 tit.
745 1309 773 1383 l,
794 1305 871 1372 libri
886 1307 905 1370 2
921 1304 1028 1378 decr„
1049 1325 1082 1371 n.
1098 1303 1166 1391 51),

69 1421 112 1504 qui
124 1417 210 1498 dicit,
228 1420 422 1486 sententium
432 1427 530 1496 tune,
547 1437 611 1485 non
627 1420 807 1486 obs'crrutis
822 1421 1080 1488 solemnitatibus
1088 1420 1171 1508 juris

68 1536 224 1619 prolatam,
246 1536 370 1602 trullam
385 1555 455 1602 esse
474 1544 508 1602 et
521 1536 709 1602 invalidam.
728 1539 834 1623 Atque
846 1539 890 1604 ita
903 1540 1029 1622 puriter
1046 1541 1168 1607 sentire

69 1651 184 1718 ridetur
195 1652 374 1719 Cardiualis
390 1651 432 1718 de
444 1653 529 1720 Luca
543 1654 590 1740 (cte
600 1657 743 1733 turtinis,
756 1653 905 1720 discursu
922 1659 951 1731 1,
967 1675 1000 1720 u.
1016 1657 1099 1722 liet
1116 1655 1166 1741 tt)

68 1765 133 1834 dum
162 1768 260 1846 dicit,
283 1769 523 1846 solemnitates,
546 1769 573 1834 si
596 1769 816 1835 adhibeantur
839 1768 970 1854 quando
996 1773 1168 1840 summarie

68 1883 185 1966 procedi
198 1883 368 1968 possetid
377 1887 522 1967 operari,
541 1893 576 1948 ut
584 1889 756 1968 judiciem,
774 1890 853 1968 quod
865 1889 990 1950 aliosde
1001 1886 1169 1952 suiaotero'

68 2008 246 2066 summarium
261 2009 319 2080 stt,
336 2008 381 2064 ito
395 2005 543 2066 reddatur
557 2006 759 2068 ordinarium.

102 2118 172 2183 lllhi
191 2125 302 2188 tomen
317 2118 421 2182 minus
439 2123 529 2184 recto
547 2118 681 2184 videtur
698 2118 862 2186 conclusio
886 2119 972 2195 haec,
989 2127 1105 2205 utpote
1129 2123 1171 2190 ei·

67 2237 131 2298 tate
144 2234 348 2300 clementinae
363 2234 469 2299 textui
480 2240 594 2317 aperte
610 2235 772 2318 opposita.
786 2237 824 2300 In
837 2236 890 2301 illu
905 2237 991 2302 euim
1002 2237 1169 2304 Pontificio

67 2351 281 2415 constitutione
303 2367 456 2433 expresse
486 2349 694 2428 decernitur,
724 2350 868 2418 validum
887 2352 959 2418 foro
983 2368 1169 2436 processuro

67 2467 115 2549 qui
130 2475 254 2550 poterut
269 2468 443 2533 summarie
457 2467 622 2552 expediri,
640 2469 764 2534 etiamsi
778 2470 811 2534 in
826 2487 865 2535 eo
879 2471 1018 2534 solemnis
1033 2474 1107 2535 ordo
1114 2476 1169 2553 ju·

66 2585 210 2662 dietarios,
223 2592 257 2648 ia
275 2591 337 2648 toto
352 2587 400 2648 vel
415 2590 448 2648 tu
463 2593 567 2666 purte,
585 2605 645 2651 eon
666 2589 939 2651 contradicentibus
961 2589 1100 2668 portibus
1115 2589 1166 2651 ob-

65 2707 195 2765 servetur.
214 2701 246 2766 Si
263 2700 351 2765 valet
368 2717 538 2783 processus
551 2702 699 2787 quumvis
719 2702 868 2767 solemnis
883 2700 965 2767 ordo
977 2699 1168 2785 judiciarius

65 2818 182 2896 iapcrte
199 2815 408 2891 observetur,
430 2816 516 2882 valet
530 2816 662 2901 qnando
674 2816 856 2882 instituitur
869 2817 903 2906 in
918 2816 1022 2882 forma
1040 2813 1167 2881 ordina·

68 2929 120 3006 ria,
137 2939 168 2996 et
188 2931 351 2997 omittitur
372 2930 478 3015 aliquo
496 2932 695 3014 solemnitas;
723 2951 797 2997 uam
822 2931 891 2996 haec
913 2929 995 3011 duo,
1010 2951 1166 3015 processus

66 3048 223 3110 adtencius
236 3053 271 3110 io
283 3064 340 3128 quo
356 3049 461 3128 clipeo
473 3053 627 3112 omittitur
640 3050 824 3126 solemnitas,
848 3055 877 3111 et
886 3067 1044 3130 processere
1062 3054 1095 3111 ta
1109 3067 1167 3132 pao

66 3164 189 3228 ubuum
205 3167 280 3228 arcto
306 3181 346 3226 ee
358 3170 450 3245 purte
466 3166 660 3244 ebcenutur,
681 3181 782 3228 uuum
798 3171 897 3249 atque
917 3161 1007 3229 idem
1021 3163 1166 3248 rigorose

67 3278 246 3361 exprimunt.
265 3276 360 3343 Unde
373 3277 522 3362 praedieti
533 3287 685 3345 auctores
699 3297 762 3344 non
775 3279 852 3344 sutis
867 3278 944 3344 mihi
957 3278 1167 3347 videaturad

67 3389 139 3459 lunc
151 3402 279 3461 textum
294 3393 481 3460 attendisse.

103 3511 254 3579 Ceterum
268 3510 398 3596 quaudo
409 3511 450 3578 de
461 3511 548 3578 facto
560 3531 671 3579 omnes
682 3513 811 3580 omnino
826 3511 983 3579 ordinarii
996 3532 1166 3598 processus

67 3629 270 3696 solemnitates
288 3627 519 3707 observantur,
539 3631 686 3714 quumvis
701 3631 873 3696 summarie
888 3629 1025 3713 procedi
1043 3630 1166 3720 potuis·

66 3752 119 3822 set,
135 3762 321 3830 processum
336 3744 476 3810 eradere
496 3753 530 3810 et
545 3729 640 3812 'recte
663 3745 726 3810 dici
741 3749 928 3810 ordinarium
943 3745 1053 3833 (prout
1071 3751 1165 3812 tenet

66 3858 228 3927 dardiuolis
251 3860 294 3928 de
321 3858 432 3945 Lucu),
455 3882 518 3929 nou
540 3863 664 3930 inficias
679 3864 776 3929 imus.
802 3863 839 3929 Id
854 3873 981 3929 tuntum
1000 3861 1170 3930 contendi-

65 3987 140 4055 uus,
153 3995 355 4061 processum,
372 3978 429 4061 qui
447 3980 621 4044 summarie
637 3977 788 4064 expediri
802 3969 971 4064 potestet
985 3980 1019 4043 in
1036 3997 1102 4064 quo
1115 3980 1166 4046 ni-

66 4087 220 4162 bilominus
231 4095 427 4162 observatur
440 4095 591 4162 solemnis
603 4095 802 4181 judiciorum
822 4096 923 4176 ordo,
941 4115 1006 4163 non
1029 4114 1099 4180 esse
1119 4097 1163 4161 ir·

66 4210 152 4276 ritum
177 4233 238 4279 nec
259 4211 468 4290 irritandum,
487 4233 527 4280 ex
551 4234 590 4282 eo
612 4215 702 4301 quod
723 4216 832 4301 abque
855 4215 986 4284 deliciet
1007 4211 1164 4280 ordnerii

66 4341 221 4404 processus
239 4329 436 4396 solemnitas.
