2930 5114
439 395 441 400 ·
525 379 604 434 enas
626 367 788 434 Smffiffile
1148 379 1212 440 575

107 519 263 592 nensis...,
277 532 396 576 anno...
414 546 459 557 -
478 513 541 592 Epo
555 514 595 575 Ν.
600 558 611 591 ,
632 519 779 592 patronus
799 519 952 594 protestor
980 521 1009 578 et
1034 521 1152 600 appello
1177 526 1214 584 ut

106 649 202 711 supro.
216 631 336 711 -Epo
351 632 382 693 N
384 678 391 692 .
395 677 406 708 ‚
426 631 563 692 Vinarius
577 629 737 708 puerone..
751 663 797 677 -
810 631 875 709 Epo
892 633 932 695 Ν.
937 679 948 710 ,
967 638 1132 698 actuarius.
1149 657 1166 695 a

147 744 177 808 si
198 743 296 828 judex
319 743 474 826 maluerit
494 749 573 807 tuno
602 743 866 826 prorogationem
897 746 1090 828 concedere,
1116 727 1234 817 scrib(

105 861 220 943 poterit
231 861 266 928 in
282 860 367 926 huno
385 857 520 926 modum
537 880 544 923 :
1220 932 1223 936 ,

148 999 163 1038 n
180 979 289 1042 Videras
301 983 401 1040 nutem
412 977 590 1040 reuerendus
602 978 642 1039 N.
657 979 795 1040 Vicnrius
805 951 1213 1062 peneraiisperseuerantiom

105 1095 174 1156 dieti
189 1098 386 1174 comparentis
401 1098 434 1155 in
446 1093 637 1174 appellando,
653 1099 682 1155 et
697 1096 889 1158 considerans
896 1098 986 1177 quod,
1005 1106 1142 1178 quanvis
1160 1121 1214 1184 ap-

101 1211 220 1290 pellatio
233 1215 327 1290 ipsius
338 1215 379 1272 sit
394 1209 506 1288 frivola
518 1213 547 1270 et
563 1227 659 1270 causae
677 1213 814 1290 superius
828 1211 967 1274 adducto
981 1233 1040 1277 uon
1054 1216 1208 1297 tepitirnoe,

103 1331 193 1408 napis
209 1335 308 1390 tanen
318 1328 522 1408 protelaretur
532 1327 687 1408 judiciuin
708 1330 741 1389 in
762 1329 873 1390 eisdem
894 1331 1103 1411 discutiendis,
1123 1353 1213 1415 quarn

102 1447 133 1505 in
152 1445 332 1507 concedendo
345 1447 474 1524 petitum
498 1461 607 1504 noaurn
632 1448 812 1523 teruatuurn;
824 1447 989 1526 prudenter
1008 1451 1168 1513 recedendo
1194 1471 1215 1514 a

102 1559 212 1623 decreto
222 1561 427 1640 denepatiouis
434 1563 502 1642 Jarn
515 1562 607 1640 forto,
624 1561 754 1622 indulsit
776 1562 871 1624 aliurn
892 1568 1051 1627 terminum
1067 1573 1130 1628 oeto
1148 1567 1213 1630 die-

102 1693 175 1755 rurn,
194 1678 234 1738 ai
247 1679 385 1757 expirato
394 1680 500 1758 priori
518 1680 644 1739 termino
663 1679 941 1756 computandorum.
967 1682 1043 1743 Aeta
1060 1689 1132 1745 sunt
1153 1683 1214 1745 aaa

96 1777 201 1873 ¹die...,
234 1798 399 1871 mensis...‚
433 1811 554 1857 anno...
580 1828 625 1839 -
649 1794 713 1882 Epo
742 1795 796 1870 N.‚
825 1797 962 1859 Vienrius
981 1799 1142 1878 peneratia.
1171 1835 1215 1847 —

101 1885 226 1988 EpoN„
245 1913 411 1973 actuarius.
429 1930 446 1969 a
1063 1906 1065 1912 '

478 2153 640 2260 wcreon
662 2197 806 2262 xxxlv.
899 2263 906 2291 ,

166 2462 280 2510 FORMA
294 2462 435 2510 perenm
456 2461 699 2510 manutenete
717 2463 862 2512 TESTIUM
884 2465 926 2512 ΕΤ
944 2464 1150 2530 ΡΗΟΡΟΝΕΝΒΙ

399 2579 580 2629 Annlcuuos
601 2581 915 2632 INTERROGATORIOS.

148 2877 162 2912 u
178 2855 321 2930 Anno...,
337 2871 492 2930 mensem,
507 2854 613 2930 die...,
630 2857 663 2947 in
677 2856 759 2914 atrio
771 2857 912 2938 episcopii
929 2858 1027 2918 caruis
1036 2855 1215 2936 judienndis

102 2971 262 3048 destinato,
279 2973 445 3050 eornporatt
466 2987 567 3031 corona
591 2970 751 3032 reverendo
775 2971 832 3046 Ν.,
856 2972 975 3032 Vinaria
998 2973 1144 3052 peraerali,
1162 2973 1216 3038 do·

27 3091 31 3100 “
102 3090 270 3164 minus·N.‚
292 3093 438 3166 patronus
455 3083 523 3170 (seu
542 3082 745 3168 procurator)
761 3087 878 3149 donnini
892 3089 934 3150 Ν.
957 3090 1034 3167 neu·
1053 3095 1082 3150 et
1098 3093 1216 3155 mutuae

94 3209 148 3265 oni
163 3203 344 3284 principalis
361 3206 454 3282 petiit
470 3201 539 3278 fieri
553 3206 758 3282 repetitionem
780 3207 902 3266 resnou
922 3200 1076 3290 (omnium
1099 3203 1152 3268 vel
1168 3210 1216 3271 tn-

101 3316 178 3382 lium
198 3323 233 3382 et
251 3313 388 3400 talium),
405 3337 470 3380 runi
491 3323 734 3400 iuterropotoriis
755 3321 894 3382 ortieaiis
912 3339 996 3402 quoa,
1015 3321 1064 3382 iaie
1089 3327 1118 3384 et
1139 3340 1218 3389 nuuc

100 3435 295 3515 producebat·
313 3441 343 3498 et
368 3435 459 3498 simui
480 3439 676 3515 presentavit
701 3433 839 3498 ciarum
862 3439 1125 3518 interropatoriauu
1152 3455 1218 3518 pue

100 3557 248 3636 inrupit...
264 3561 294 3618 et
304 3556 425 3617 desinit.
435 3575 476 3631 ..‚·
494 3571 584 3632 quarn
599 3553 778 3616 renuendas
793 3555 935 3630 Viearius,
944 3555 1093 3636 penerntis
1109 3558 1217 3616 stetin

100 3677 244 3750 praemunt
266 3675 612 3753 mutationemque
642 3687 681 3730 en
701 3670 832 3750 ejusdem
857 3671 1012 3750 reuerendi
1036 3672 1150 3754 Viaarii
1169 3687 1217 3750 pe-

100 3789 213 3850 uerutis
226 3789 459 3853 mundatointor
470 3792 540 3850 netu
549 3790 679 3868 reposui,
695 3790 847 3866 oipnutonu
859 3805 1022 3852 numeros..
1038 3788 1079 3852 In
1090 3804 1215 3868 quarunt

99 3903 202 3982 tidem.
221 3907 339 3987 -Epo
354 3908 410 3984 Ν.,
424 3909 584 3985 patronus.
605 3937 651 3950 -
669 3905 732 3985 Epo
747 3906 803 3982 Ν.,
835 3905 972 3967 Vinarius
993 3904 1153 3983 peueroiis.
1172 3889 1217 3950 -’-

100 4022 164 4102 Epo
175 4025 214 4086 N.
219 4070 230 4101 ,
249 4025 415 4084 actuarius.
441 4041 458 4079 a
