2836 5118
495 349 573 396 rans
595 347 754 396 sncnnns.
1103 335 1160 398 aar

72 477 289 560 «exceptione,
307 493 379 560 quac
395 474 543 558 opposita
562 472 650 538 facto
669 471 822 538 malitiam
834 473 980 540 tolleret.
1002 474 1168 542 contrata

72 596 211 658 asanndt
239 601 270 658 et
297 597 381 656 tertia·
404 597 521 673 pencris
545 588 650 668 factis,
668 595 705 654 nt
719 589 846 654 notoria
869 588 949 656 fiant
976 592 1010 656 in
1044 607 1166 675 genere

71 709 207 785 «delicti,
225 725 358 776 necesse
379 713 484 774 estut
504 705 637 772 notoriae
658 705 721 770 sint
739 706 1004 784 circumstantie,
1030 723 1169 792 quarum

70 824 279 890 «adminiculo
297 831 447 888 staturum
466 821 534 887 baec
549 820 636 888 iacta
657 828 793 898 mutant,
812 829 847 888 et
867 822 951 888 muln
972 821 1166 904 efficiuntur,

70 941 163 1004 «rado
178 939 347 1024 utriusque
367 945 428 1015 est,
445 937 522 1022 qnia
540 935 663 1002 iactum
677 934 881 1019 ponderatur
906 938 1089 1005 secundum
1113 959 1170 1006 na·

70 1063 190 1122 «turam
208 1073 309 1132 suam,
328 1062 362 1121 et
375 1053 440 1120 tale
456 1053 663 1139 praesumitur
677 1052 772 1137 quale
787 1071 805 1118 a
821 1058 936 1118 natura
951 1071 1009 1120 sua
1026 1062 1086 1120 est.
1106 1081 1122 1116 c

100 1173 128 1236 t.
149 1195 166 1234 a
181 1170 290 1237 Debet
308 1175 455 1236 constare
470 1170 568 1234 etiam
581 1165 624 1233 de
641 1169 709 1252 ipsa
727 1168 937 1235 notorietate.
960 1171 1042 1235 Nam
1060 1172 1094 1235 in
1107 1171 1169 1238 hoc

71 1287 244 1352 «tundatur
261 1305 431 1370 processus
448 1287 482 1350 in
507 1303 603 1350 causa
622 1284 741 1350 notorii
766 1305 772 1348 :
791 1293 1031 1370 consequenter
1052 1294 1165 1369 testes,

71 1431 82 1460 c
93 1404 202 1488 quibus
217 1404 380 1470 notorium
394 1403 517 1468 crimen
528 1400 698 1485 probatur,
717 1399 883 1484 deponere
895 1419 960 1468 non
973 1409 1099 1468 tantum
1115 1396 1170 1471 de·

71 1519 165 1586 abent
177 1518 219 1585 de
234 1519 460 1602 ipsocriminc,
476 1516 536 1584 sed
553 1519 651 1583 ctiam
666 1515 712 1582 dc
733 1517 931 1583 notorietate
943 1520 1062 1604 ipsius;
1082 1521 1170 1605 qnod

70 1636 208 1702 «scilicet
231 1641 391 1718 presente
418 1638 453 1699 et
477 1633 681 1716 inspectante
705 1633 913 1716 popularet
938 1633 1061 1717 maiore
1084 1636 1171 1701 illius

70 1758 178 1832 aparte
196 1750 237 1814 sit
247 1729 486 1832 perpetratum.
503 1749 542 1813 In
556 1767 620 1832 qua
634 1747 824 1830 probatione
841 1756 936 1814 caute
949 1750 1080 1816 omnino
1094 1769 1171 1834 pro·

72 1863 203 1930 «cedere
217 1862 322 1950 judex
339 1864 450 1939 debet,
468 1883 530 1930 nec
555 1863 664 1929 statim
686 1862 824 1930 credere
849 1865 1067 1931 asserentibus
1088 1865 1170 1932 deli·

73 1989 174 2046 «ctum
192 1999 262 2048 esse
280 1980 461 2061 notorium
479 1999 554 2046 cum
569 1981 694 2046 notoria
715 1978 866 2046 dicantur
884 1980 996 2059 multa,
1015 1999 1086 2066 qua
1105 2001 1170 2049 non

72 2103 162 2160 nsunt
176 2093 264 2160 talia.
281 2093 362 2158 Ideo
373 2092 539 2159 honestius
549 2092 715 2178 tutiusque
731 2100 817 2176 aget,
830 2093 857 2158 si
871 2101 1169 2181 quantumcumque

73 2209 244 2276 «delictum
259 2209 410 2275 videatur
425 2228 495 2276 esse
512 2209 685 2288 notorium,
703 2227 804 2292 super
822 2207 894 2292 ejus
908 2211 1104 2277 notorietate
1120 2230 1170 2278 re-

73 2327 188 2409 «cipiet
205 2347 225 2391 a
243 2326 360 2390 vicinia
375 2323 593 2408 depositiones
616 2325 761 2403 testium,
779 2332 940 2410 quotquot
956 2327 1070 2393 baberi
1086 2347 1170 2395 ccm-

73 2441 183 2508 «mode
195 2449 330 2527 possunt
346 2463 353 2506 :
367 2441 432 2508 imo
443 2458 508 2505 non
518 2440 611 2506 facile
625 2441 971 2524 omittetipsam'etiam
983 2445 1169 2512 citationem

73 2577 86 2618 a
98 2565 127 2624 et
143 2559 348 2625 monitionem
363 2556 439 2640 Rei;
455 2563 493 2621 ut
511 2556 555 2620 ita
571 2574 605 2622 se
622 2555 742 2622 liberet
758 2554 882 2642 (judex)
898 2577 918 2622 a
933 2559 1078 2642 periculo
1099 2578 1169 2643 poe·

74 2697 87 2730 a
101 2693 157 2752 na,
173 2676 224 2740 eni
239 2673 332 2752 alias,
345 2671 501 2756 deposito
515 2670 632 2751 officio,
651 2671 739 2738 foret
765 2672 938 2752 obnoxius,
957 2676 984 2740 si
998 2673 1170 2760 judiciario

75 2789 204 2858 eosdm
225 2808 292 2855 non
310 2788 495 2866 observato,
513 2788 554 2854 ad
570 2787 870 2856 condemnationem
890 2798 926 2856 et
943 2792 1170 2860 executionem

76 2907 256 2987 «processit.
283 2929 298 2966 a

573 3142 588 3214 5
604 3138 659 3203 lv.

76 3381 123 3438 tac
132 3386 201 3438 iacere
212 3388 287 3451 possit
307 3394 348 3434 uua
363 3383 446 3434 debeat
456 3383 528 3445 judex
547 3383 719 3432 ecclesiasticus
735 3384 760 3432 in
774 3384 815 3433 iiia
829 3385 914 3432 notoni
928 3386 1015 3448 specta,
1031 3399 1100 3448 quam
1113 3400 1170 3436 cun·

267 3479 343 3530 stituit
355 3478 508 3541 deprehensio
523 3475 679 3542 delinquentis
697 3477 720 3525 in
739 3477 846 3540 flagranti
861 3476 954 3528 delicto.

111 3747 124 3786 a
138 3727 195 3792 Vel
208 3745 286 3794 reus
304 3723 465 3808 delinquit
480 3725 513 3788 in
535 3731 711 3807 conspectu
725 3723 827 3806 ipsius
840 3723 959 3809 judicis
978 3743 1039 3810 pro
1064 3725 1172 3792 tribu·

77 3839 153 3908 andi
166 3841 319 3917 sedentis,
345 3847 403 3904 ant
421 3838 498 3904 alias
510 3836 769 3924 jurisdictionem
785 3841 967 3904 exercentis
980 3862 988 3925 3
1011 3841 1063 3908 vel
1078 3861 1097 3907 a
1111 3843 1172 3909 mi-

77 3956 205 4036 «nstris
223 3957 396 4023 autetiam
415 3954 455 4022 ab
476 3955 556 4033 aliis,
573 3955 617 4021 ita
630 3961 783 4038 repertus
796 3954 927 4020 ducitur
942 3956 984 4022 ad
995 3955 1153 4042 judicem.

112 4097 125 4127 c
137 4071 166 4136 si
182 4080 327 4155 primum,
349 4069 392 4136 ad
411 4069 616 4155 punitionem
636 4069 734 4147 iliius,
756 4077 909 4155 tanquam
928 4073 1047 4137 notorii
1067 4073 1172 4140 delin-

78 4189 217 4268 tquentis
229 4185 411 4272 procedere
425 4181 526 4270 judex
542 4182 655 4250 ordine
673 4181 756 4268 juris
770 4202 835 4249 non
856 4184 1030 4253 observato
1041 4195 1168 4275 potest;

79 4295 140 4362 cita
153 4307 186 4366 nt
201 4321 260 4368 nec
276 4319 444 4388 processu,
466 4317 527 4365 nec
541 4298 733 4384 probatione
747 4319 828 4384 opus
844 4301 885 4367 sit
905 4324 912 4368 :
929 4305 1004 4387 quia
1020 4313 1172 4388 aspectus

80 4409 206 4492 «judea
226 4417 351 4484 inducit
375 4411 435 4500 ipsi
455 4413 643 4482 evidentem
663 4416 889 4500 probationem
908 4417 1016 4503 quoad
1034 4419 1171 4489 decisio·
