2948 5126
647 661 674 722 I.

113 891 164 944 las
172 893 281 943 tattonis
290 893 364 956 opud
373 889 497 947 Hebraeos,
510 891 727 955 conquaestores
734 891 857 954 populos,
871 903 926 940 oon
931 889 1115 953 mnsarttatat
1125 903 1224 954 semper

143 986 277 1048 appronat
298 985 394 1035 eaodem
411 995 526 1048 mnam,
543 984 588 1035 aad
607 984 649 1034 oet
666 984 794 1039 madon.
810 982 850 1034 cot
871 983 980 1046 similem,
1000 983 1028 1033 ta
1044 987 1081 1035 att
1091 1020 1098 1046 ,
1110 983 1223 1049 mutec-

142 1079 246 1129 laatsm.
578 1095 582 1102 ·

68 1369 72 1378 .
150 1310 189 1380 Id
202 1313 545 1399 exploratnmbabent
558 1315 627 1383 veri
641 1313 776 1394 eruditi,
790 1317 970 1402 intorques
983 1316 1030 1381 sic
1045 1316 1220 1402 Ugolinns:

112 1447 128 1490 a
145 1427 244 1496 Talio·
255 1439 369 1497 antem
392 1430 516 1518 duplex
540 1439 615 1500 est:
642 1436 717 1498 talto
732 1435 904 1497 identitate
920 1451 979 1498 seu
996 1432 1218 1519 pythagorica,

111 1568 127 1608 a
142 1563 212 1634 quae
228 1553 304 1612 erat
316 1545 497 1613 secundum
510 1547 655 1614 litteram
669 1546 760 1632 legis,
778 1551 853 1613 oum
867 1545 1031 1614 maleficus
1045 1547 1224 1615 mulctaba-

111 1685 125 1725 α
141 1669 197 1729 tur
212 1657 318 1742 oculo,
336 1664 393 1749 qui
406 1664 461 1730 alli
479 1668 597 1729 mulum
613 1671 758 1731 eruerat.
776 1663 903 1731 Deinde
919 1667 994 1729 tulto
1010 1669 1222 1731 atmttttudtota

109 1797 200 1844 «acu
216 1779 396 1864 analogica,
417 1787 455 1845 ut
477 1782 504 1846 si
524 1780 668 1866 pretium
694 1780 797 1860 oculi,
823 1787 881 1846 ant
904 1779 966 1845 alia
983 1781 1106 1847 mulcta
1129 1799 1221 1867 aequa

109 1905 198 1978 apro
218 1881 322 1961 ¹oculo
346 1901 461 1975 eruto,
488 1903 545 1961 aut
566 1913 628 1981 pro
645 1896 709 1961 alio
732 1894 881 1962 membro
901 1893 978 1961 loeso
1002 1894 1217 1964 reddebatur.

109 2009 286 2077 allebraeis
308 2011 416 2094 placet
431 2011 510 2077 talio
523 2011 760 2090 similitudinis,
777 2029 841 2076 non
859 2010 936 2077 talio
950 2009 1148 2090 identitatis,
1163 2031 1220 2078 ex·

108 2134 300 2209 «ponentes
322 2130 442 2191 ecclam
458 2125 759 2212 praesumtuose,
777 2126 920 2213 pretium
941 2126 1039 2193 oculi.
1061 2126 1225 2213 (magum

108 2241 284 2320 «Jonatb.‚
300 2245 400 2309 Dent.
420 2245 474 2322 49,
494 2245 548 2308 21.
565 2244 650 2310 Item
664 2241 769 2312 Rabb.
784 2242 919 2321 Selom,
935 2240 1031 2326 ibid.)
1045 2243 1127 2325 Quia
1141 2244 1220 2309 talio

108 2379 123 2418 a
140 2355 325 2424 identitatis
340 2358 373 2422 in
387 2358 550 2444 aliquibus
563 2357 690 2426 casibus
707 2355 911 2444 impossibilis
926 2365 993 2437 est,
1011 2364 1050 2424 ut
1066 2359 1095 2424 si
1115 2377 1219 2425 cacus

107 2483 267 2542 «erueret
292 2475 349 2540 alii
370 2477 500 2556 oeulos,
532 2484 589 2543 aut
613 2475 791 2544 edentulus
814 2481 987 2543 excuteret
1009 2475 1063 2542 alii
1085 2473 1214 2542 dentes.

107 2612 122 2652 a
135 2592 320 2676 Propterea
330 2592 364 2656 in
380 2592 506 2658 casibus
517 2592 692 2677 corporalis
704 2591 841 2658 lesionis
853 2590 999 2676 magistri
1007 2589 1219 2657 Hebrmorum

106 2713 309 2788 «statuunt,
335 2715 464 2792 partem
494 2727 584 2774 ream
615 2708 723 2774 teneri
752 2706 968 2774 satisfactione
998 2705 1216 2791 quintuplici:

106 2843 122 2884 a
137 2825 167 2887 1⁰
177 2842 240 2909 pro
252 2821 489 2889 damnoamissi
498 2823 655 2909 membri3
671 2826 707 2890 2⁰
721 2841 782 2908 pro
796 2822 915 2890 domm
925 2821 1069 2906 neglecti
1076 2820 1216 2906 laboris3

105 2941 169 3005 «3⁰
186 2958 249 3024 pro
264 2937 380 3006 dolore
397 2947 433 3006 et
450 2937 617 3024 molestia;
639 2939 675 3004 4⁰
688 2958 751 3024 pro
765 2937 947 3023 sumptibus
961 2944 998 3006 et
1019 2937 1171 3022 expensis
1183 2937 1218 3004 in

105 3057 322 3140 amatione3
345 3058 379 3120 5⁰
395 3073 456 3140 pro
478 3055 659 3140 ignominie
680 3061 716 3122 et
736 3053 983 3122 deformationis
993 3061 1083 3121 nota.
1101 3053 1219 3120 Roma-

105 3191 250 3238 «norum
279 3189 410 3258 quoque
432 3171 560 3258 legibus
584 3171 637 3258 jus
657 3171 786 3238 talionis
811 3169 991 3238 extabat.»
1021 3168 1213 3257 (Ugolinus,

103 3288 267 3353 flamm
289 3293 506 3371 antiquitatum
523 3307 689 3368 caeremon,
702 3293 784 3353 tom.
805 3289 837 3366 3,
854 3304 928 3371 pag.
946 3288 1031 3366 378,
1049 3283 1131 3352 edit.
1151 3287 1237 3356 Ve·.

102 3409 164 3469 net.
183 3401 299 3488 1748.)

140 3519 225 3585 Item
243 3518 416 3585 Cornelius
440 3537 459 3584 a
474 3517 618 3603 lapide,
642 3521 826 3584 memorans
845 3513 971 3582 dlctnm
984 3513 1217 3597 Rhadumuuti,
1256 3508 1259 3512 ’

101 3649 161 3714 qaeu
173 3639 243 3716 pais
254 3637 327 3716 [cett
339 3639 460 3717 injuste,
473 3637 617 3699 addocet
626 3640 780 3717 potiatur,
795 3630 1044 3716 intelligendam
1054 3621 1190 3698 adnotat
1204 3655 1212 3700 τ

101 3754 275 3815 stvtdcltoet
286 3771 423 3835 persono
435 3758 502 3815 sint·
511 3753 644 3834 ejusdem
657 3755 749 3814 sortis
767 3756 797 3813 et
812 3751 938 3832 equalis
954 3751 1145 3814 conditionis.
1165 3749 1214 3838 (ln

102 3863 201 3932 llxodi
218 3873 320 3950 caput
333 3868 388 3945 21,
407 3885 490 3932 vers.
515 3863 585 3950 23.)

144 3982 238 4049 Unde
257 3983 459 4048 recentiores
483 3983 538 4068 qni
563 3981 710 4066 fingunt,
732 3999 804 4048 eam
817 3980 918 4046 fuisse
939 3979 1066 4048 talionis
1086 3982 1212 4069 legem,

102 4101 138 4161 ut
151 4104 322 4164 aecusator
338 4097 537 4164 calumnians
551 4096 693 4163 deberet
712 4113 843 4180 semper
856 4097 959 4162 cadom
974 4098 1104 4163 omnino
1117 4118 1225 4185 poena.

104 4209 219 4293 plecti,
242 4231 341 4299 quam
356 4213 529 4278 meruisset
544 4220 715 4278 accusatus
729 4211 756 4276 si
771 4229 893 4278 nocens
910 4217 1065 4298 repertus
1079 4211 1214 4291 suisset,

103 4326 304 4394 mendacium
325 4329 544 4412 premittunt,
569 4333 608 4393 ut
629 4333 742 4412 postea
762 4324 936 4393 absurdam
960 4327 1088 4394 talionis
1105 4327 1214 4410 legem
1316 4319 1318 4326 ⁴

105 4441 276 4525 clamitent,
291 4451 407 4533 utpote
422 4461 492 4534 quea
509 4461 594 4534 saepe
612 4445 729 4532 saepius
743 4443 899 4532 applicari
910 4463 976 4514 nou
990 4447 1110 4530 posset.
1125 4442 1216 4514 Sent-
