2878 5114
491 312 571 364 rans
593 317 752 367 secunus.
939 341 944 356 ·
1108 303 1172 370 ⁴59

79 440 222 524 parochus
238 456 392 524 vagorum
408 440 617 508 matrimoniis
631 441 791 518 assistere,
810 441 870 507 arisi
890 442 981 525 prius
1000 439 1174 526 diligenter

77 556 264 638 inquisiverit
286 573 366 620 num
385 554 450 620 sint
472 555 566 620 liberi
590 555 632 620 ad
659 554 928 634 contrabendum,
950 555 1054 633 idest,
1084 557 1174 622 nollo

75 670 130 754 jam
143 678 304 737 contracto
319 673 522 736 matrimonio
536 673 642 756 ligati3
664 679 697 738 et
713 673 846 757 insuper
862 674 922 738 nisi
938 691 1006 738 rem
1021 672 1064 740 ad
1079 659 1174 740 orda-

76 787 186 852 narium
198 784 366 864 detulerit,
384 794 418 852 et
431 787 596 854 licentiam
611 787 815 854 matrimonio
828 787 999 856 assistendi
1010 788 1051 856 ab
1066 808 1105 854 eo
1116 788 1174 856 ub-

76 903 208 968 tinuerit.

112 1016 150 1080 11.
167 1020 328 1082 Inatrmiio
346 1024 443 1084 suncti
461 1021 571 1100 Officii,
592 1039 649 1101 per
669 1021 817 1084 decretum
838 1021 999 1082 Clementis
1020 1022 1050 1084 X
1064 1019 1174 1096 confir·

76 1138 156 1195 natu.
174 1169 218 1179 -
237 1158 251 1194 a
269 1135 350 1198 Cum
365 1136 443 1200 alias
465 1153 526 1218 per
540 1135 668 1198 Sacram
684 1133 971 1217 congregationem
985 1135 1086 1200 sancti
1100 1133 1175 1201 offi-

77 1268 90 1304 c
102 1247 147 1324 cii,
162 1247 285 1316 iteratis
293 1250 560 1317 instructionibus
570 1249 611 1314 ab
627 1248 743 1315 eedem
757 1250 921 1327 emanatis,
937 1248 979 1316 de
993 1269 1076 1314 auno
1090 1252 1173 1316 1658

76 1385 88 1422 v
101 1371 130 1430 et
148 1367 241 1444 1665,
254 1367 467 1451 locorumque
478 1365 656 1433 Ordinariis
668 1367 870 1444 transmissis
883 1367 1049 1450 provisum
1059 1368 1171 1444 fuerit,

77 1500 89 1535 r
105 1489 137 1544 ut
150 1484 348 1566 praescriptis
361 1483 616 1566 interrogatoris
629 1481 784 1548 faciendis
802 1483 950 1561 testibus,
968 1484 1025 1568 qui
1041 1482 1085 1550 ad
1099 1503 1175 1568 prc-

75 1615 88 1652 v
100 1593 237 1662 bandum
252 1605 373 1664 statum
386 1598 528 1664 liberum
546 1596 805 1664 contrahentium
820 1599 1059 1688 matrimonium
1078 1597 1174 1664 indu·

77 1720 222 1791 reamur,
249 1714 351 1779 omnis
378 1733 510 1796 prorsus
537 1712 764 1779 secluderetur
792 1713 898 1780 aditus
919 1715 967 1790 iis,
989 1715 1046 1800 qui
1067 1713 1174 1782 adbuc

75 1829 223 1896 «vivente
238 1831 344 1894 altero
363 1831 511 1916 conjuge,
530 1839 587 1896 aut
605 1831 682 1896 alias
699 1829 864 1914 impediti,
881 1829 923 1896 ad
947 1829 1091 1896 secunda
1112 1830 1174 1896 illi·

76 1965 88 2000 v
100 1943 158 2008 cita
172 1953 250 2010 vota
267 1946 404 2012 transire
420 1947 610 2030 satagebant
629 1969 636 2011 :
656 1947 770 2014 videns
793 1947 995 2014 nihilominus
1013 1947 1176 2012 Sanctissi-

75 2077 164 2124 <rmus
186 2062 343 2129 Dominus
360 2065 477 2128 Noster
500 2064 709 2148 quamplures
733 2065 878 2130 locorum
893 2062 1101 2142 Ordinarios,
1121 2064 1175 2130 vel

75 2199 86 2234 a
98 2195 205 2241 eorum
216 2180 361 2246 vicarios
375 2185 409 2246 et
425 2179 597 2266 deputatos
612 2179 655 2245 ad
671 2179 880 2264 excipiendas
898 2183 1031 2246 testium
1047 2179 1175 2264 deposi-

74 2315 86 2351 a
100 2295 213 2373 tioneS,
233 2316 360 2362 necnon
381 2298 539 2379 parochos
561 2305 595 2362 et
614 2299 771 2376 notarios,
791 2299 823 2362 in
844 2297 971 2362 casibus
989 2300 1171 2382 expressis,

74 2420 149 2476 «ant
172 2414 326 2480 omittere
348 2421 404 2480 aut
430 2433 495 2478 non
517 2414 691 2482 observare
715 2413 904 2480 earumdem
925 2414 1175 2480 instructionum

74 2551 87 2588 a
100 2537 262 2614 tenorem;
281 2531 402 2596 etlicet
420 2532 592 2618 aliquando
607 2533 702 2615 plene
720 2532 906 2607 observent,
923 2539 1110 2598 nontamen
1128 2530 1176 2594 in·

73 2655 263 2730 «terrogare
280 2653 379 2712 testes
393 2649 569 2733 superabis
580 2647 819 2730 impedimentis
834 2646 1083 2712 dirimentibus:
1100 2644 1175 2712 ideo

75 2784 87 2820 r
102 2764 213 2830 volens
231 2765 388 2858 Sanctitas
408 2766 470 2832 Sua
489 2763 653 2848 predictis
677 2765 767 2829 malis
787 2781 974 2840 occurrere,
993 2780 1029 2828 re
1048 2769 1174 2827 mature

75 2901 87 2936 v
100 2881 301 2948 considerata
316 2899 391 2946 cum
403 2881 667 2948 Eminentissimis
681 2886 716 2946 et
731 2878 1019 2947 Reverendissimis
1032 2878 1178 2948 Dominis

75 3017 86 3052 r
103 2997 325 3064 Cardinalibns
350 2998 565 3064 Generalibns
586 2997 846 3082 inquisitoribus,
866 2997 1018 3079 presenti
1042 2995 1177 3062 decreto

75 3116 269 3198 «perpetuis
297 3114 416 3180 futuris
445 3115 647 3198 temporibus
679 3115 855 3190 duraturo,
883 3113 1001 3178 iterum
1040 3111 1179 3197 injungit

74 3251 87 3284 v
104 3231 250 3300 omuibus
268 3231 402 3296 vicariis
418 3246 474 3296 seu
490 3231 655 3314 deputatis
673 3249 734 3314 pro
752 3227 972 3296 examinandis
984 3229 1122 3296 testibus
1136 3227 1179 3294 nd

74 3370 87 3404 v
103 3347 304 3430 pmbandum
327 3356 446 3414 statum
466 3348 605 3414 liberum
631 3347 892 3414 contrahentium
919 3347 1175 3422 matrimonium,

75 3486 87 3522 a
100 3475 222 3530 necnon
238 3464 398 3547 parocbia,
417 3464 551 3530 notariis
566 3471 601 3530 et
614 3464 869 3548 quibuscumque
888 3463 956 3528 aliis
981 3463 1176 3546 respective,

76 3581 159 3646 vsub
181 3580 287 3664 poenis
304 3581 401 3644 etiam
416 3579 571 3662 gravibus
586 3579 807 3662 corporalibus
822 3579 958 3644 arbitrio
973 3578 1076 3642 Sacrae
1096 3578 1179 3644 Con-

77 3721 87 3752 α
104 3698 307 3780 gregationis
324 3705 361 3764 ut
380 3699 626 3764 instructionem
642 3697 882 3780 infrascriptam
901 3694 942 3760 ad
961 3710 1104 3777 unguem
1121 3695 1179 3760 ob·

75 3833 88 3868 v
102 3822 240 3880 servent.
259 3851 304 3860 —
321 3818 485 3878 lustrantia
494 3834 553 3895 pro
571 3819 709 3876 oramine
728 3815 850 3876 iiior-um
870 3817 1002 3890 testium,
1021 3817 1073 3892 qni
1089 3813 1179 3874 indar-

76 3951 89 3988 v
102 3939 206 3994 mntnr
213 3933 487 4012 procontrolrendis
500 3935 712 4008 matrimoniis,
731 3938 793 3992 inm
804 3935 837 3992 ira
846 3934 932 3992 curio
940 3931 1179 3993 emanaturam·

76 4065 89 4102 o
100 4053 127 4108 et
136 4051 384 4110 Reverendio'simi
393 4051 515 4110 Domini
526 4049 702 4112 Cardinalin
714 4049 802 4108 Urbis
816 4050 940 4126 Vioarii,
958 4063 1046 4126 quem
1060 4051 1093 4108 in
1107 4048 1179 4108 aliis

76 4182 89 4216 «
102 4169 190 4224 curiis
201 4170 372 4226 ceterorum
389 4166 631 4226 ordinariorum.
650 4197 695 4208 -
714 4165 745 4224 1⁰
758 4161 919 4244 Imprimis
938 4162 1030 4226 testis
1050 4179 1180 4227 monea-

79 4302 89 4329 υ
102 4283 154 4342 tur
175 4277 216 4343 de
237 4279 395 4363 gravitate
412 4277 589 4362 juramenti
606 4279 638 4342 iu
664 4277 725 4344 hoc
740 4280 919 4361 prasertim
935 4277 1064 4360 negotio
1080 4277 1179 4358 perti-

77 4413 90 4449 a
105 4393 323 4472 mescendi,'iu
337 4414 402 4480 quo
416 4393 526 4474 divina
544 4395 640 4478 simul
659 4400 693 4458 et
708 4394 846 4476 bumana
866 4391 1015 4476 majestas
1033 4391 1174 4482 laeditur²
