2838 5114
261 368 325 432 418
604 383 790 431 3333333333
813 384 856 430 33
879 383 1026 432 sonions.

260 517 353 574 33333
374 515 516 591 :primm
547 509 573 573 si
601 509 737 574 33313313
768 515 860 592 33131
888 510 1127 575 restitutionem
1154 510 1187 572 i'n
1212 508 1359 592 integrum

258 631 372 689 contro
385 625 521 703 laicum,
549 645 615 689 non
640 632 775 690 tenetur
791 623 880 689 adire
897 622 1040 710 jndicem
1059 623 1265 702 saeculurem,
1285 623 1362 708 cnjus

254 740 470 825 jurisdictioni
493 741 644 826 ,suhjacet
669 742 722 807 ille
747 740 867 825 laicus3
895 740 954 808 sed
979 741 1022 806 ob
1048 740 1257 824 privilegium
1283 759 1361 804 suun

256 858 396 941 speciale
417 863 526 941 potest
542 858 757 923 restitutionis
774 876 903 922 causam
919 877 1053 922 movere
1069 877 1174 923 coram
1195 854 1305 940 judice
1321 876 1362 920 ec-

254 975 445 1040 clesiastico.
470 973 553 1040 Vide
575 974 610 1038 id
633 974 808 1057 probatum
832 973 920 1056 33311
950 974 1145 1038 Lenreninm
1169 972 1359 1060 (1311141,

253 1088 357 1155 libril
380 1090 521 1169 decret,
540 1109 571 1176 q.
593 1093 689 1167 1079,
708 1110 739 1154 3.
758 1087 802 1174 2).
823 1093 968 1170 Secundo,
984 1088 1119 1174 quondo
1138 1091 1265 1173 petitur
1282 1090 1361 1154 resti·

253 1207 337 1272 tutio
367 1213 479 1272 contro
514 1206 652 1290 aliquem
687 1212 912 1282 contractum,
943 1225 1007 1270 non
1038 1213 1088 1270 est
1116 1206 1299 1271 necessario
1315 1203 1361 1269 ad·

252 1319 379 1386 eundus
392 1320 494 1406 judex
508 1321 580 1397 loci,
599 1321 712 1404 inquo
729 1319 929 1384 domicilium
948 1320 1048 1386 habet
1065 1321 1119 1385 ille
1138 1326 1254 1383 contra
1273 1339 1358 1404 quen

252 1437 415 1502 restitutio
439 1438 580 1520 petitur3
606 1436 665 1501 sed
691 1443 799 1518 potest
823 1438 920 1501 etiam
943 1435 1025 1501 odiri
1047 1434 1149 1520 judex
1169 1435 1235 1500 loci
1257 1438 1289 1499 in
1305 1455 1358 1520 quc

251 1551 434 1616 celebratus
457 1560 508 1616 est
532 1558 727 1628 contractus,
747 1558 782 1616 et
803 1549 906 1634 judex
923 1551 988 1616 loci
1003 1552 1035 1614 in
1053 1568 1118 1634 quo
1143 1567 1198 1614 res
1223 1550 1284 1614 sita
1305 1557 1356 1614 est.

250 1667 333 1733 Vide
357 1666 392 1732 id
414 1667 589 1751 probatum
615 1665 702 1750 apud
726 1667 1016 1751 Schmolzgrueber
1042 1667 1091 1753 (in
1116 1665 1169 1731 tit.
1189 1668 1244 1744 41,
1262 1665 1353 1731 libril

252 1781 394 1862 decret,
416 1803 448 1848 3.
472 1781 543 1866 381.
733 1759 736 1766 ’

295 1901 447 1980 Qumsmo
473 1903 518 1965 8¹.
535 1937 580 1946 -
594 1901 642 1962 An
650 1903 768 1982 judices
784 1902 935 1963 ordinarii
949 1905 1001 1982 qui
1011 1908 1139 1980 possunt
1154 1907 1357 1964 restitutionis

251 2019 416 2095 concedere,
432 2018 466 2078 id
477 2022 569 2078 etiarn
581 2018 703 2078 ouleunt
717 2024 820 2078 contro
834 2016 1023 2093 definitivum
1037 2022 1216 2079 sententiam
1228 2037 1247 2079 a
1259 2036 1287 2079 33
1297 2022 1357 2097 ipsis

248 2134 424 2213 prolatum?
439 2167 483 2178 -
497 2127 691 2213 Respondes
710 2134 752 2208 1⁰,
771 2131 798 2194 si
810 2131 1001 2195 attendatur
1014 2129 1056 2194 311
1073 2131 1157 2194 33133
1168 2129 1251 2214 juris
1262 2132 1355 2212 scripti

251 2245 494 2330 dispositiones,
523 2244 660 2310 dubium
681 2265 744 2310 non
774 2254 823 2312 est
845 2254 1040 2311 memoratos
1068 2245 1252 2311 ordinarios
1274 2247 1355 2311 31133

241 2372 363 2429 'contra
374 2363 539 2446 propriam
550 2381 640 2426 suurn
653 2361 855 2428 definitivum
868 2364 1059 2427 sententiam
1072 2379 1167 2444 posse
1180 2364 1352 2429 restituere.

250 2481 330 2547 Nem
354 2480 489 2573 citatum
513 2485 611 2561 33331
637 2478 801 2563 0333319,
827 2479 989 2555 11131141,
1018 2477 1094 2543 libri
1114 2483 1125 2543 1
1149 2477 1355 2563 1133331133-

249 2613 360 2678 presse
376 2592 541 2670 decernit,
559 2593 679 2677 ubsque
702 2593 766 2658 ulla
788 2593 990 2671 limitatione,
1010 2611 1105 2675 posse
1130 2613 1260 2660 causam
1278 2592 1354 2658 resti·
1417 2605 1418 2622 ³

249 2711 384 2775 tutionis
398 2710 432 2773 in
449 2709 612 2792 integrum
629 2709 763 2773 13331331
780 2717 814 2773 31
828 2709 914 2775 finiri
928 2731 947 2772 3
957 2714 1114 2793 judicibus
1129 2715 1294 2774 ordinariis
1310 2711 1354 2771 od

248 2831 501 2889 ministrationem
528 2826 714 2888 iubentibus.
742 2823 837 2890 Unde
857 2827 975 2891 merito
1003 2826 1139 2892 31133131
1167 2826 1285 2910 Engel,
1304 2830 1355 2888 noti
1416 2889 1417 2894 ,

243 2946 327 3024 juris
337 2961 409 3022 csse,
425 2941 503 3022 quod
518 2947 669 3004 restitutio
683 2961 795 3022 qnoque
811 2945 956 3004 adversos
971 2949 1150 3006 sententium
1166 2945 1351 3021 definitivum,

251 3061 409 3120 abeodem
425 3061 529 3140 judice
551 3064 603 3138 qui
625 3075 689 3120 corn
713 3061 802 3134 tulit,
828 3057 898 3134 fieri
917 3063 1016 3139 possit
1040 3059 1084 3146 (in
1106 3061 1158 3122 tit.
1187 3057 1349 3137 41,111)311
1415 3133 1416 3144 ¹

253 3171 393 3248 1133331,
416 3190 448 3235 n.
472 3167 516 3254 7).

300 3309 316 3349 <r
328 3287 543 3371 Magistratus,
570 3288 615 3352 311
638 3289 757 3354 Devoti
784 3289 886 3376 (libro
909 3292 940 3367 3,
965 3291 1017 3354 tit.
1045 3287 1190 3374 11511)
1216 3290 1355 3354 3111133333

255 3422 388 3482 «sunm,
409 3410 466 3467 331
485 3401 603 3489 judicis
625 3403 802 3479 inferioris,
829 3406 960 3488 3331333
983 3405 1154 3488 3313313113
1179 3407 1354 3472 3331331133

229 3563 232 3568 ,
256 3520 429 3586 1333111311
447 3541 453 3584 :
469 3519 605 3586 inferior
620 3529 730 3587 nutem
754 3521 960 3605 magistratus
977 3523 1288 3606 3331333333313313
1301 3539 1354 3586 sen·

256 3635 421 3701 «tentiam
437 3635 611 3701 restituere
629 3644 829 3720 333331331.
848 3661 865 3698 »

296 3749 491 3833 Respondeo
507 3751 541 3814 2⁰
557 3751 645 3835 quod
667 3771 764 3836 supro
787 3751 927 3818 diximus
946 3752 988 3818 de
1008 3769 1104 3817 33333
1127 3753 1286 3818 3311113113
1300 3768 1357 3814 sen

252 3869 363 3933 tentioe
387 3865 467 3962 (qne
489 3865 612 3932 scilicet
630 3867 738 3946 hodie,
755 3867 797 3933 ob
810 3867 996 3951 generalem
1011 3867 1291 3946 consuetudinem,
1305 3882 1354 3929 333

250 3981 416 4067 judicatur
429 4004 447 4047 3
459 3980 567 4068 judice
584 3985 640 4067 qui
653 3985 847 4050 sententiam
861 3983 948 4063 tulit,
963 3981 1021 4048 sed
1034 4002 1052 4047 3
1063 3981 1257 4068 superiore),
1272 3979 1353 4065 33311-

252 4095 392 4162 cundum
416 4097 541 4181 3331133
564 4099 654 4164 33311
677 4101 832 4182 presenti
855 4098 1024 4183 questioni
1047 4097 1089 4162 de
1114 4093 1351 4163 restitutionein

131 4221 138 4228 “
251 4215 428 4297 integrum.
451 4213 664 4294 Quantumvis
680 4215 776 4290 enim,
800 4222 925 4279 attento
946 4212 1021 4298 jure
1035 4213 1168 4296 scripto,
1191 4231 1260 4278 eom
1277 4205 1349 4276 resil-

252 4332 412 4395 tuticnem
428 4329 609 4394 3333311333
621 4331 730 4395 331331
743 4330 847 4413 judex
859 4331 912 4415 qui
928 4329 1122 4396 sententiam
1137 4321 1344 4414 pronuntiadt,

253 4445 424 4530 3333331311
434 4442 629 4527 jamdudum
646 4443 857 4522 consuetudo,
878 4453 915 4509 ut
929 4444 1052 4509 nonnisi
1066 4463 1085 4508 3
1099 4443 1247 4528 Principe
1262 4437 1345 4526 (idest
