2948 5126
203 327 221 388 4
547 339 733 389 rnacrarus
755 341 799 388 nn
821 341 968 392 muteris.

202 466 319 531 versia.
337 464 381 529 Ut
402 471 512 529 autem
530 461 689 548 ejusmodi
704 462 883 533 declaratio
901 465 935 530 in
950 465 1104 532 strictiori
1119 465 1201 552 juris
1218 483 1314 532 sensu

200 585 398 646 accusationis
415 579 544 644 nomine
558 576 672 645 donari
683 579 794 664 possit,
807 601 849 648 ex
859 601 922 648 usu
936 581 1090 668 loquendi
1101 581 1191 668 apud
1202 599 1316 649 omnes

199 705 344 782 recepto,
362 696 523 762 nonnulle
547 696 761 782 requiruntur
778 696 989 764 conditiones.
1012 703 1044 764 1⁰
1058 701 1181 783 Nempe
1205 698 1314 784 requi-

197 815 282 880 ritur
296 821 335 879 ut
348 813 422 878 talis
438 811 615 879 declaratio
630 808 686 877 fiat
712 811 826 897 judici.
853 816 933 880 Nam
947 816 974 881 si
992 835 1053 899 ego
1070 834 1179 881 coram
1206 815 1313 880 amicis

197 930 278 996 meis
291 927 445 994 affirmem
458 928 577 993 Titium
593 927 779 1012 deliquisse,
798 931 985 998 nullatenus
1000 931 1067 997 hacc
1088 951 1160 997 mea
1178 930 1313 996 affirma-

197 1047 245 1128 tiq
253 1046 413 1113 accusatio
422 1045 456 1110 in
469 1064 565 1110 sensu
575 1043 658 1129 juris
673 1047 748 1126 erit,
766 1054 881 1132 utpote
899 1049 1009 1115 nonin
1020 1046 1142 1135 judicio
1153 1069 1212 1114 seu
1223 1046 1312 1132 apud

197 1162 352 1248 judicem,
370 1160 429 1227 sed
441 1161 530 1246 apud
544 1162 621 1228 alios
635 1161 732 1227 iacta.
751 1163 816 1230 Sed
831 1184 938 1251 neque
953 1164 1069 1231 sufficit
1084 1174 1122 1231 ut
1135 1167 1196 1251 ipsi
1207 1164 1313 1250 judici

197 1279 371 1366 deliquisse
397 1280 537 1365 aliquem
553 1277 765 1346 declaretur:
795 1300 868 1345 nam
885 1285 919 1346 2⁰
936 1283 997 1347 nisi
1020 1282 1115 1348 simul
1141 1280 1176 1347 id
1200 1282 1259 1347 fiat
1278 1284 1312 1348 in

194 1399 281 1464 hunc
296 1415 430 1481 scopum
448 1402 485 1460 ut
502 1403 670 1461 accusatus
689 1394 832 1462 vindicta
848 1395 978 1481 publica
1001 1406 1202 1477 coerceatur,
1219 1418 1311 1490 ‚nun-

195 1504 274 1581 dum
288 1511 395 1579 aderit
413 1511 574 1577 accusatio
588 1513 719 1596 proprie
736 1510 835 1578 dicta.
865 1513 897 1578 Si
913 1514 999 1580 enim
1021 1512 1177 1580 dedalum
1192 1534 1211 1579 a
1228 1515 1309 1580 Titio

193 1638 358 1716 patratum
377 1627 481 1713 judici
498 1636 611 1694 notum
629 1627 753 1708 faciam,
771 1631 804 1694 in
828 1629 915 1695 hunc
946 1628 1115 1697 dumtaxat
1142 1628 1250 1710 finem,
1273 1640 1311 1697 ut

193 1746 347 1813 damnum
360 1743 439 1809 mihi
455 1763 516 1828 per
531 1742 691 1828 ejusmodi
716 1743 872 1810 delictum
895 1747 1021 1813 illatum
1034 1747 1135 1813 Titius
1151 1747 1308 1813 resarcire

191 1871 337 1948 cogatur,
353 1859 611 1927 actardumtaxat
625 1862 937 1941 contraTitiumero,
946 1881 1011 1928 non
1021 1871 1131 1930 autem
1141 1871 1304 1928 accusator.

191 1975 276 2047 Item
290 1980 318 2044 si
329 1978 403 2042 Titii
419 1975 575 2041 delictum
593 1978 754 2061 superiori
769 1977 927 2058 deferam,
942 1998 1007 2044 non
1022 1988 1059 2045 ut
1075 1979 1232 2064 condigne
1248 1999 1309 2064 pu·

192 2097 301 2166 ulatur
312 2093 422 2169 Titius,
440 2110 547 2177 neque
563 2100 600 2156 ut
620 2091 775 2158 damnum
790 2094 868 2159 mihi
883 2097 1051 2176 resarciat,
1070 2095 1130 2163 sed
1147 2098 1252 2163 solum
1269 2105 1308 2161 ut

191 2211 391 2296 asuperiore
406 2216 542 2292 paterne
561 2207 776 2275 admoneatur
790 2215 826 2276 et
837 2211 1110 2296 reprehendatur,
1127 2233 1208 2278 ame
1221 2213 1307 2278 facta

192 2349 259 2395 non
277 2325 405 2393 dicetur
421 2331 581 2405 accusatio,
610 2324 669 2391 sed
695 2321 898 2395 denuntiatio
917 2349 975 2394 seu
998 2328 1131 2397 delatio.
1152 2329 1246 2396 Unde
1265 2327 1307 2395 ad

189 2444 363 2511 essentiam
377 2440 587 2507 accusationis
602 2442 733 2525 proprie
748 2441 843 2508 dicta
860 2445 992 2511 bmnino
1008 2448 1164 2529 pertinet,
1178 2511 1180 2516 ,
1192 2453 1231 2510 ut
1247 2446 1306 2510 fiat

191 2560 234 2628 ad
249 2563 414 2626 vincutum
431 2560 591 2641 publicam.
617 2557 658 2622 Et
679 2559 725 2622 ita
739 2561 952 2626 communiter
971 2563 1092 2629 sentire
1113 2562 1301 2640 canonistas,

190 2678 297 2746 videri
311 2683 421 2762 potest
436 2675 470 2740 in
484 2693 599 2740 eorum
614 2677 851 2741 commentariis
862 2675 905 2744 ad
925 2678 1057 2745 titulum
1075 2681 1104 2758 l,
1122 2678 1200 2745 libri
1214 2681 1233 2743 5
1248 2674 1306 2744 de·

189 2797 370 2864 cretalium.
388 2797 423 2860 3⁰
435 2795 557 2858 Atvero
568 2810 674 2877 neque
685 2792 842 2876 predicta
857 2792 1034 2862 declaratio
1046 2781 1151 2880 judici
1162 2795 1249 2861 facta
1262 2794 1306 2861 ad

189 2911 365 2978 vindictam
378 2908 551 2993 publicam,
574 2905 689 2972 sufficit
699 2906 741 2972 ad
759 2909 1019 2976 constituendam
1034 2911 1165 2995 proprie
1185 2909 1305 2976 dictam

189 3024 442 3106 accusationem
460 3018 520 3086 sed
537 3020 670 3103 insuper
683 3022 863 3106 requiritur
876 3029 914 3088 ut
938 3023 995 3108 qui
1008 3023 1054 3088 ita
1070 3021 1217 3103 affirmat,
1234 3041 1306 3090 sese

190 3141 314 3224 obliget
328 3132 582 3221 adprobandum
601 3133 771 3220 injudicio
792 3135 1010 3204 affirmationis
1028 3157 1095 3206 suae
1117 3140 1301 3208 veritatem.
1346 3115 1352 3122 ⁶

188 3261 269 3326 Nam
281 3257 308 3321 si
318 3251 421 3339 judici
431 3251 538 3318 dicam
549 3272 568 3318 a
579 3253 939 3338 Titiopatratamfuisse
951 3254 1128 3335 simoniam,
1146 3262 1181 3322 et
1194 3265 1305 3341 petam

188 3385 226 3441 ut
235 3371 328 3458 juxta
337 3371 426 3454 leges
442 3366 479 3434 id
494 3367 617 3435 facinus
631 3368 807 3451 plectatur,
819 3367 880 3435 sed
894 3369 1055 3454 refugiam
1064 3370 1105 3438 ab
1116 3391 1216 3438 onere
1228 3391 1304 3457 pro·

187 3487 289 3558 bandi
298 3487 332 3552 in
344 3483 468 3571 judicio
486 3481 576 3569 quod
593 3483 760 3562 affirmavi,
782 3482 927 3551 nondum
940 3485 973 3550 in
989 3503 1085 3554 sensu
1094 3485 1177 3572 juris
1188 3509 1306 3568 accusa,

188 3617 235 3674 tar
245 3626 313 3681 ero,
331 3599 390 3669 sed
399 3599 636 3668 denuntiatoris
649 3596 708 3665 seu
718 3598 873 3666 delatoris
884 3617 1003 3668 nomen
1015 3604 1176 3672 retinebo.
1190 3607 1305 3676 Potest

187 3727 274 3793 emm
287 3721 361 3787 fieri
375 3718 575 3785 denuntiatio
591 3717 689 3783 etiam
715 3715 758 3782 ad
772 3715 949 3785 uindictam
965 3719 1128 3805 publicam
1153 3721 1303 3790 obtinen-

186 3841 281 3926 dam,·
297 3857 358 3903 nec
387 3834 504 3902 desinit
519 3852 589 3899 esse
610 3853 693 3896 meru
714 3835 914 3914 denuntiatio,
937 3843 975 3903 ut
1000 3837 1035 3901 in
1063 3839 1301 3907 accusationem

185 3962 340 4032 transeat,
358 3952 418 4018 nisi
429 3949 561 4037 quando
576 3948 771 4016 derandum
787 3969 858 4016 rem
872 3959 1026 4018 amanam
1039 3954 1072 4018 in
1089 3952 1211 4038 judicio
1225 3975 1302 4041 pro·

184 4070 285 4142 bandi
309 4088 391 4136 onus
414 4065 558 4132 assumit.
575 4063 656 4130 Hinc
677 4073 768 4131 recte
782 4067 925 4146 Lessius,
945 4067 988 4133 de
1007 4067 1117 4153 judice
1136 4069 1298 4156 loquens:

187 4217 203 4250 a
223 4194 280 4256 Via
294 4188 492 4252 causationis
500 4176 661 4265 procedit,
681 4179 810 4266 mando
825 4190 876 4249 est
890 4182 1006 4268 aliquis
1021 4193 1125 4264 actor,
1142 4186 1198 4272 qui
1208 4205 1301 4271 spon·

183 4331 200 4369 a
218 4306 277 4373 det
304 4322 338 4368 se
362 4297 491 4383 obiecta
508 4296 748 4382 probaturum:
778 4301 1016 4364 denuntiationis
1034 4317 1131 4378 vero,
1169 4301 1299 4385 quando

184 4455 198 4479 u
215 4421 328 4506 aliquis
338 4416 458 4484 detulit
469 4415 602 4493 emman,
617 4415 672 4498 qui
686 4434 751 4480 non
761 4417 833 4482 vult
846 4417 1012 4499 suscipere
1029 4434 1111 4481 onus
1121 4416 1294 4500 probandi.
