2878 5114
528 370 606 418 rans
630 369 787 418 cucuron.
1151 354 1206 448 {rot

86 496 262 576 Summum
286 493 497 573 Pontificem,
526 495 579 561 vel
605 494 647 561 ad
671 494 825 561 Nuntium
848 492 1066 578 Apostolicum
1085 494 1214 560 Parisiis

86 609 306 689 residentem,
325 611 378 675 cui
393 609 551 677 incumbit
566 629 752 695 processum
772 611 1033 677 informatorium
1049 611 1135 676 circa
1150 610 1230 701 inu·¹
1303 603 1315 616 ’

83 726 237 813 jusmodi
255 732 468 810 presentatus
495 727 618 794 facere.
651 728 683 792 Si
708 747 787 794 vera
811 727 963 810 excipere
989 726 1069 792 velit
1099 734 1213 792 contra

84 841 281 926 eligendum
301 844 365 929 (uel
384 843 449 939 jam
472 845 625 922 electum,
650 843 709 909 sed
731 843 875 910 nondum
893 842 1131 921 confirmatum,
1154 846 1236 908 seul

81 956 289 1043 institutum)
310 959 353 1025 ad
371 960 509 1045 aliquam
527 961 693 1026 canoniam
708 961 763 1024 vel
785 959 981 1043 parochiam,
1000 958 1102 1024 debet
1116 978 1211 1024 exce-

80 1078 240 1160 ptionem
257 1075 397 1160 dirigere
416 1076 459 1142 ad
468 1078 661 1162 Episcopum
677 1077 837 1155 dioecesis,
855 1079 888 1142 in
903 1095 967 1162 qua
980 1083 1030 1142 est
1045 1077 1212 1142 canonica-

79 1201 141 1258 tus
165 1194 222 1257 vel
253 1193 406 1275 parochia
434 1193 476 1258 de
502 1193 619 1278 quibus
642 1195 766 1278 agitur;
795 1194 940 1279 quamvis
964 1191 1207 1276 promovendus

80 1308 202 1374 adhuc
218 1315 282 1374 stet
295 1308 356 1374 suh
367 1309 593 1393 jurisdictione
609 1310 744 1376 alterius
763 1299 922 1393 Episcopi.

132 1425 219 1490 Hinc
236 1424 337 1490 libelli
352 1426 529 1509 exceptorii
544 1425 694 1503 formula,
713 1446 772 1510 pra
789 1425 885 1490 variis
901 1426 1055 1509 expositis
1082 1424 1208 1490 casibus

77 1551 165 1628 apte
184 1549 234 1608 cst
248 1541 533 1622 accommodanda,
551 1563 689 1628 nempe:

614 1837 679 1912 51.

121 2105 241 2155 Formula
253 2107 395 2168 exceptionis
410 2106 548 2166 criminalis,
560 2106 713 2154 criminaliter
729 2111 809 2156 contra
820 2106 919 2170 aliquem
935 2113 1016 2156 testem
1030 2110 1162 2170 propositae.

122 2397 143 2436 α
160 2377 275 2438 Coram
308 2373 468 2434 rcucrcuda
492 2375 532 2436 N.
566 2374 684 2436 Vitario
715 2375 849 2452 cenerati
877 2373 1116 2434 reverendissimi
1136 2375 1208 2453 Epi·

66 2497 162 2574 scopi
181 2493 223 2553 N.
228 2538 239 2568 ,
260 2495 408 2571 comparat
422 2491 560 2551 domiuus
568 2490 704 2552 Andreas
718 2493 758 2552 N.
768 2491 934 2571 presbyter,
953 2496 1057 2551 contra
1072 2507 1156 2569 quem
1169 2494 1202 2552 iu

58 2611 220 2692 proescmti
232 2607 401 2668 criminalis·
413 2625 502 2668 caasa
513 2611 659 2683 uertitur,·
674 2612 702 2668 ct
713 2607 790 2668 dicit
801 2624 832 2667 sc
846 2609 980 2685 rumpere
994 2607 1198 2668 contralucta-

61 2742 140 2788 uem
156 2722 326 2783 Cordatum
341 2720 493 2796 clericum,
509 2723 610 2780 testem
625 2723 729 2781 coutra
746 2723 843 2799 ipsum
854 2718 1045 2798 productum,
1062 2718 1097 2778 ab
1111 2722 1225 2805 varia„

60 2845 135 2922 qus
151 2837 277 2912 delicta,
300 2853 364 2915 quoe
381 2835 616 2916 odstcutmcjus
630 2837 831 2897 testimouium
843 2838 936 2913 recipi
944 2835 1059 2894 debeat.
1078 2835 1191 2914 Ipitur,

59 2975 129 3019 acra
140 2953 215 3016 dolo
228 2952 308 3012 uculo
319 2969 411 3030 neque
420 2956 520 3012 aalma
532 2952 750 3027 calarnuiaudi,
766 2952 818 3012 scd
831 2955 866 3011 ut
874 2953 937 3030 ipsc
949 2951 1132 3012 calumniam
1143 2951 1191 3012 di·

59 3077 108 3135 cti
123 3071 218 3132 testis
231 3068 367 3147 repellat,
388 3073 417 3128 et
432 3073 467 3128 ut
480 3071 543 3147 ejus
561 3068 684 3144 delicta,
700 3068 741 3128 ad
755 3066 883 3128 aliorum
900 3066 1079 3146 exemplum,
1102 3067 1193 3147 dique
1296 3068 1298 3072 ’

52 3189 256 3270 plectantur,
277 3188 433 3264 proposuit
451 3184 660 3263 infrascriptos
674 3187 856 3263 occeptarios
867 3183 1022 3260 articulos,
1044 3201 1105 3244 sese
1118 3183 1193 3244 obli·

56 3321 148 3386 qams
169 3301 213 3362 ad
231 3300 345 3361 cosdem
364 3300 525 3378 injudicio
535 3300 718 3378 probandas,
736 3301 790 3360 sub
808 3275 906 3378 punis
924 3299 1192 3362 calumniatoribus

57 3421 208 3483 decius:
830 3497 832 3501 y

115 3555 136 3596 n
156 3535 189 3596 1.
206 3535 292 3611 Quod
308 3551 387 3595 cauo
403 3537 560 3613 praeterita
584 3534 685 3594 dictus
708 3534 856 3595 Coraletae
876 3535 913 3594 dc
933 3538 1022 3612 praui
1041 3535 1192 3595 calumnia

57 3657 182 3716 contra
208 3652 380 3710 oauouioum
408 3652 447 3712 N.
467 3653 618 3710 conuictus
648 3653 701 3712 sit.
726 3649 760 3710 2⁰
785 3650 872 3728 Quod
895 3653 1099 3710 commercium
1124 3669 1190 3711 cam

56 3771 210 3849 suspecta
230 3766 354 3826 muliere
375 3764 493 3826 lrabeat.
522 3765 557 3828 3⁰
575 3767 672 3828 Etr...
703 3762 827 3849 (Potest
845 3762 1020 3846 excipiens,
1045 3761 1187 3829 sednon

55 3887 218 3955 tenetur,
236 3876 447 3944 directorium
463 3877 662 3963 probationis
677 3876 801 3954 addere
818 3899 824 3943 :
841 3880 868 3944 si
884 3878 964 3944 volit
979 3877 1186 3957 subnectere,

55 3999 99 4066 id
120 4002 281 4080 praestare
297 3994 418 4076 poterit
432 3993 493 4060 hoc
505 3993 614 4080 mado)
631 4017 639 4062 ε
657 4001 755 4060 Testes
775 4002 875 4059 autem
894 3998 1037 4077 producit
1059 4016 1148 4079 super
1169 3998 1182 4059 1

56 4123 93 4180 et
110 4115 193 4178 2N.
217 4115 422 4194 ctN.,·supcr
442 4115 460 4176 3
480 4120 509 4175 ct
532 4115 550 4176 5
569 4117 609 4176 N.
629 4119 658 4175 ct
679 4117 720 4177 N.
732 4137 747 4192 ,·
773 4113 897 4195 superi
920 4116 961 4176 N.
977 4120 1006 4176 et
1019 4116 1059 4176 N.
1077 4116 1191 4176 Datum

56 4237 164 4299 die...
182 4233 332 4292 menois...
348 4249 439 4294 auno.
466 4265 511 4276 -
524 4233 587 4310 Epo
606 4232 741 4294 Audrcas
768 4233 806 4294 N.
831 4234 947 4311 occipio
967 4236 998 4292 et
1029 4247 1132 4292 occaso
1154 4235 1190 4292 ut

56 4364 178 4430 supra.
189 4379 234 4392 -
246 4346 383 4408 Andreas
403 4350 442 4410 N.
457 4366 474 4406 n

112 4466 208 4528 Nota.
225 4460 375 4528 Formulo
394 4477 454 4543 pro
475 4459 585 4526 libello
610 4463 802 4546 exceptorio
822 4468 935 4527 contra
954 4464 1185 4540 accusatorem,
