2948 5126
580 309 663 361 eane
681 309 839 363 secunao.
1239 299 1281 370 tt

163 432 474 523 muteresheim
491 429 596 519 judici
613 433 834 512 ecclesiastico
855 454 922 505 non
932 439 1109 520 prestatur
1128 435 1284 522 agatheae

161 553 223 623 uiis
237 551 472 640 temporalibus
486 550 643 620 rusilium
657 549 781 619 brachii
796 551 978 636 saecularis;
998 550 1044 618 ita
1070 559 1108 618 ut
1130 553 1283 640 Episcopi

160 690 223 738 nec
244 689 306 756 per
322 668 488 754 propriam
505 667 661 737 fanniam
678 675 838 737 armatam
856 687 921 754 qua
947 673 1078 748 carent,
1095 688 1162 736 nect
1179 669 1283 740 intem

158 795 264 861 uentu
281 785 507 875 apparitorum
526 784 710 854 auxiliantis
718 785 891 869 potestatis
904 785 1077 879 saecularis,
1098 786 1284 872 postam

159 913 290 974 casatos
303 924 424 991 capere
436 910 472 972 et
485 902 530 972 ad
548 903 805 988 comparendum
818 904 939 972 inritos
953 903 1097 975 trahere.

673 1109 746 1219 rr.

416 1377 529 1446 Effectus
547 1378 722 1431 accurattoata
741 1377 829 1450 quood
853 1383 1039 1444 acmaatoraar.

204 1605 237 1667 1ο
248 1604 346 1668 Facta
359 1601 393 1666 in
416 1599 538 1666 crimen
555 1596 805 1683 subscriptione,
829 1597 932 1666 dehet
954 1606 1124 1666 accusator
1138 1601 1223 1668 aaut
1242 1604 1279 1668 et

154 1739 234 1786 reus
250 1715 400 1787 custodie
417 1715 569 1794 detineri,
589 1713 696 1782 donec
717 1715 850 1782 finiatur
876 1714 1050 1800 judicium
1068 1724 1116 1795 ut,
1139 1717 1166 1782 si
1189 1717 1277 1786 forte

154 1836 239 1902 falso
250 1852 417 1902 acemasse
433 1829 713 1916 deprehendatur,
729 1849 835 1915 poenae
853 1831 982 1898 talionis
1000 1819 1212 1916 subjiciatur:
1229 1837 1276 1902 ita

153 1951 233 2018 olim
244 1969 286 2015 ex
298 1949 374 2036 jure
391 1950 537 2015 Romano
552 1953 587 2014 et
603 1945 770 2012 canonico.
785 1945 862 2025 Sed,
884 1953 922 2012 ut
933 1944 1063 2014 dicetur
1076 1947 1110 2012 in
1125 1949 1276 2033 sequenti

152 2065 370 2152 paragrapho,
379 2073 421 2138 et
430 2063 627 2148 subscriptio
637 2069 673 2129 et
685 2081 781 2146 poena
793 2062 922 2130 talionis
936 2068 971 2129 et
985 2063 1275 2135 incarceratiohoec

150 2182 361 2254 accusatoris,
375 2182 408 2249 in
417 2178 668 2248 desuetudinem
682 2178 845 2246 abierunt.
1277 2203 1281 2210 ·

201 2303 236 2366 2⁹
253 2300 430 2376 Accusator
440 2298 636 2365 intentatum
654 2296 777 2363 crimen
798 2296 938 2378 probare
954 2302 1100 2362 tenetur.
1121 2319 1137 2358 a
1158 2296 1198 2364 In
1210 2314 1275 2381 qua

154 2417 381 2502 «probaticae
410 2416 438 2480 si
460 2413 640 2492 deiecerit,
674 2419 709 2480 et
730 2417 969 2497 consequenter
993 2420 1117 2480 temere
1133 2412 1276 2496 litigasse

137 2555 171 2602 ·r
186 2533 357 2603 convictus
371 2531 483 2612 tuerit,
497 2529 666 2598 tenebitur
683 2527 726 2596 ad
739 2527 932 2596 reficiendas
944 2525 1007 2596 litis
1020 2549 1039 2594 a
1052 2547 1087 2594 se
1105 2529 1272 2597 intentata

152 2667 359 2734 «expensas.
377 2671 395 2710 n
417 2643 728 2735 (Schmalzgrueber,
749 2647 783 2709 in
803 2644 936 2713 titulum
960 2646 997 2722 1,
1024 2641 1101 2708 libri
1120 2645 1139 2707 5
1159 2642 1277 2712 decre-

147 2767 278 2845 talium,
288 2785 331 2832 n.
356 2765 446 2848 115.)

192 2883 329 2961 atvero,
350 2903 366 2942 0
380 2880 438 2949 uhi
449 2879 645 2963 compererit
660 2876 763 2963 judex
773 2882 996 2946 aceruatorem
1007 2873 1094 2961 justa
1105 2893 1202 2942 causa
1213 2872 1273 2940 du,

147 3023 166 3064 a
182 3006 275 3064 ctum
286 2997 480 3082 processisse
494 2995 537 3063 ad
548 2995 789 3063 accusationem
802 2993 875 3069 falsi
890 2993 1041 3072 criminis,
1058 3011 1134 3061 eum
1144 3009 1210 3062 non
1220 3010 1276 3060 so·

149 3140 168 3179 a
184 3116 255 3182 lum
272 3133 401 3198 apoena
414 3113 551 3191 talionis,
569 3110 629 3180 sed
639 3110 830 3198 injuriarum
841 3110 938 3178 etiam
950 3109 1077 3176 actione
1092 3109 1270 3188 immunem

146 3256 166 3295 a
185 3229 430 3316 pronuntiabit3
446 3228 520 3314 quio
532 3227 608 3296 huic
628 3227 720 3296 locus
737 3245 803 3294 non
820 3233 882 3304 est,
899 3225 957 3292 uhi
972 3223 1069 3293 dolus
1091 3233 1127 3292 et
1144 3225 1271 3292 animus

144 3371 162 3410 0
179 3365 305 3431 pravus
321 3343 439 3416 defuit.
460 3344 546 3426 Quin
563 3343 663 3428 aliqui
676 3343 775 3411 edam
789 3349 911 3426 negant
927 3341 1026 3408 talem
1042 3341 1076 3409 in
1092 3359 1269 3427 expensam

144 3461 390 3538 «condemnari
404 3477 500 3544 pesse
514 3481 522 3529 ;
538 3456 628 3545 quod
644 3477 761 3526 rerum
772 3465 843 3536 est,
868 3457 895 3523 si
909 3457 993 3524 ratio
1010 3474 1076 3542 qua
1092 3455 1213 3525 ductus
1225 3455 1269 3528 ad

142 3604 161 3644 a
180 3575 400 3648 accusandum
411 3583 472 3656 est,
497 3574 652 3657 eumdem
673 3593 741 3643 oon
763 3578 888 3647 tantum
908 3592 926 3640 a
946 3571 1034 3654 dolo,
1059 3572 1120 3641 sed
1132 3574 1267 3644 etiama

143 3719 161 3758 a
181 3695 279 3778 culpa
296 3699 430 3763 excuset
439 3711 452 3776 3·
462 3709 538 3758 nam
556 3692 583 3760 si
597 3690 639 3759 ab
648 3691 710 3758 ista
724 3709 790 3756 non
804 3696 950 3768 excuset,
968 3691 1003 3752 in
1016 3707 1177 3777 expensas
1192 3706 1271 3754 con·¹

143 3835 162 3875 a
179 3808 400 3888 damnabitur,
415 3806 770 3894 quodtcrneritatenon
780 3811 876 3876 vacet
891 3805 1088 3875 accusatio.»
1095 3803 1268 3892 (schmalm

139 3924 309 4014 gruebcn
326 3925 361 3990 in
374 3925 426 3992 tit.
445 3927 477 4004 2,
495 3923 574 3993 libri
593 3919 774 4002 tricaret,
783 3941 820 3990 n.
839 3918 907 4004 10.)

188 4039 272 4108 3⁰*Si
282 4043 411 4109 constet
424 4045 648 4110 accusatorem
656 4037 798 4105 scienter
811 4035 1025 4105 etexmolitia
1037 4033 1266 4108 cuunniatum

140 4176 232 4236 esse,
255 4159 287 4225 ei
303 4153 496 4240 applicanda
510 4162 561 4221 est
581 4136 678 4237 poena
699 4152 838 4232 talionis,
859 4149 957 4230 idest,
973 4150 1090 4219 eadem
1105 4169 1203 4237 quam
1215 4171 1266 4218 su-

138 4275 218 4342 hire
238 4271 406 4340 debuisset
426 4290 514 4350 reus,
533 4271 561 4338 ai
583 4269 708 4336 crimen
730 4269 846 4336 fuisset
862 4267 1050 4352 probatum,
1071 4268 1125 4341 vet
1142 4269 1264 4340 similia.

135 4387 376 4476 Applicandam
405 4395 483 4454 tunc
508 4406 638 4471 penam
668 4385 797 4456 tatonis
823 4404 865 4452 ex
894 4383 967 4468 jure
997 4384 1166 4464 canonico,
1180 4385 1266 4455 olim
