2838 5114
215 320 278 385 446
558 337 745 388 rnncrsros
768 341 812 386 nn
833 340 984 390 runrcns.

212 459 391 544 praescribit
415 459 547 544 qnidam
573 461 771 528 Benedictus
797 465 869 528 XIV
891 467 995 531 multa
1022 467 1249 553 observanda3
1271 470 1328 536 aad

211 576 319 661 quoad
343 577 484 660 reliquas
508 595 678 658 processus
702 586 812 660 partes
836 580 878 646 de
902 582 1019 666 quibus
1041 583 1121 648 nihil
1135 586 1327 668 particulare

212 691 370 772 decernit,
390 691 527 776 plenarii
547 691 659 776 judicii
681 693 818 759 formam
845 715 916 760 esse
940 697 1128 776 tenendam,
1152 719 1214 764 nac
1236 720 1327 784 posse

211 816 371 873 summarie
389 808 540 893 procedi,
565 810 717 876 Pontifex
728 831 792 876 non
808 812 897 890 dicit,
916 813 976 879 sed
988 811 1030 879 de
1047 815 1109 879 hoc
1124 817 1199 882 silet
1215 838 1222 880 :
1241 816 1327 881 unde

211 924 471 992 concludendum
495 924 674 1002 videretur,
698 945 914 1008 perseverare
938 929 1130 996 facultatem
1154 935 1327 997 summarie

210 1039 413 1124 procedendi
426 1041 458 1103 in
478 1040 526 1116 iis,
542 1058 613 1123 quae
631 1041 664 1104 in
678 1041 812 1122 prnaiata
828 1045 1058 1112 constitutione
1072 1047 1136 1112 alio
1148 1046 1245 1113 modo
1257 1067 1325 1131 spe·

211 1157 282 1221 ciali
291 1154 496 1238 expedienda
511 1175 576 1221 non
590 1157 858 1238 praescribuntur.

254 1272 391 1338 Aliunde
407 1279 517 1336 tamen
529 1271 792 1354 generalisdictae
804 1275 1040 1340 constitutionis
1052 1284 1236 1356 contextus,
1252 1280 1326 1344 satis

209 1395 322 1471 aperte
337 1405 520 1470 supponere
537 1385 669 1451 videtur
679 1391 819 1468 plenario
832 1386 955 1473 judicio
970 1392 1160 1460 tractandas
1174 1413 1245 1460 esse
1256 1415 1326 1460 can-

209 1521 260 1568 ses
273 1503 430 1568 nullitatis
447 1521 504 1568 seu
519 1501 694 1567 validitatis
707 1506 994 1584 matrimoniorum,
1011 1527 1084 1574 cnm
1101 1511 1232 1592 speciali
1243 1510 1326 1576 insu-

209 1637 269 1704 per
280 1619 384 1684 iorma
396 1617 504 1703 quoad
512 1618 580 1684 illas
594 1618 715 1683 ibidem
731 1621 929 1704 praescripta.

252 1737 324 1816 Quo
339 1742 445 1801 stante
464 1733 574 1812 dubio,
593 1734 627 1798 in
641 1736 735 1818 praxi
753 1735 911 1820 ejusmodi
928 1756 1040 1803 causas
1057 1739 1205 1821 prudens
1220 1739 1323 1824 judex

208 1851 441 1918 ecclesiasticus
456 1849 710 1935 plenariijudicii
725 1852 827 1916 forma
844 1853 1018 1934 tractabit;
1037 1873 1078 1918 ne
1098 1854 1197 1932 forte,
1220 1857 1247 1920 si
1259 1875 1322 1940 qna

205 1969 241 2032 in
262 1977 356 2052 parte
383 1974 544 2032 summarie
564 1943 759 2049 processerit
789 1968 946 2053 (quamvis
968 1967 1167 2036 adamussim
1189 1972 1323 2036 serratis

206 2085 443 2149 constitutionis
456 2081 674 2148 Benedictinar
695 2082 1014 2166 praescriptionibus),
1031 2103 1202 2168 processus
1212 2087 1252 2152 ab
1266 2087 1323 2151 ali·

207 2221 271 2286 qna
284 2203 435 2284 partium,
451 2200 503 2265 vel
515 2221 533 2264 a
546 2199 740 2265 matrimonii
758 2198 942 2271 defensore.
964 2208 1122 2285 tanquam
1134 2204 1321 2287 irregularis

206 2326 425 2404 oppugnetur.

718 2554 733 2624 ‚i
752 2549 806 2611 IV.

243 2782 284 2850 'De
301 2793 383 2830 norma
396 2781 492 2842 spectati
508 2777 647 2840 procedendi
662 2780 685 2826 in
699 2791 771 2826 causa
781 2778 895 2826 nuilitatis
908 2775 942 2826 ex'
951 2779 1117 2841 impedimento
1131 2783 1273 2844 impotentia.

220 2997 234 3064 ἶ
248 3018 286 3078 In
301 3012 487 3098 hujusmodi
507 3031 613 3089 cansa,
641 3032 705 3077 non
720 3018 846 3078 tantum
867 3013 1027 3079 servanda
1040 3023 1090 3080 est
1109 3017 1314 3082 Benedictina

205 3131 404 3206 constitutio,
426 3149 466 3194 ex
483 3129 627 3212 generali
641 3147 759 3210 nempe
776 3129 901 3194 ratione
918 3129 1008 3212 qnod
1029 3141 1146 3216 agatur
1169 3133 1210 3198 de
1224 3133 1311 3198 nulli-

203 3255 271 3313 tate
285 3248 491 3324 matrimonii,
511 3245 570 3311 sed
589 3247 723 3327 insuper
747 3245 908 3310 nonnuilae
922 3247 996 3314 aiiae
1015 3258 1195 3314 occurrunt
1213 3267 1310 3314 sacro-

203 3383 274 3429 rum
293 3382 453 3429 canonum
467 3363 739 3446 proscriptiones
756 3379 842 3424 nunc
859 3362 1073 3445 exponendae.

246 3482 397 3561 Qonsrlo
414 3483 455 3544 1⁸.
477 3517 521 3527 —-
542 3483 587 3543 An
610 3480 713 3541 dubito
728 3481 907 3542 certitudine
921 3483 959 3542 de
976 3486 1155 3560 impotentia
1175 3490 1308 3564 perpetuo

202 3602 292 3662 unius
306 3602 450 3678 conjupis,
460 3601 558 3676 possit
568 3598 780 3675 uiterpruprin
792 3599 972 3658 anctoritate
990 3599 1145 3661 recedere?
1157 3637 1202 3648 -
1213 3622 1227 3658 u
1243 3599 1307 3662 Ger

204 3721 305 3777 utum
322 3717 372 3777 est
383 3710 552 3795 conjugem
567 3717 735 3792 potentem
751 3709 793 3774 ab
807 3709 986 3793 impotente
1005 3711 1144 3796 (etiamsi
1157 3721 1261 3780 certus
1270 3713 1305 3776 sit
1416 3729 1417 3768 ³

205 3851 221 3888 a
238 3827 280 3892 dc
295 3826 487 3910 impotentia
495 3823 599 3908 istius)
613 3825 745 3906 propria
755 3825 948 3889 auctoritate
961 3845 1026 3890 non
1038 3845 1133 3909 posse
1143 3828 1301 3894 maedam:
1416 3891 1417 3900 ,

205 3967 220 4002 a
239 3943 387 4025 arguitur
400 3942 505 4024 capite
526 3943 622 4004 Porro
640 3939 683 4024 (3,
703 3943 740 4002 de
758 3937 906 4021 divort).
927 3940 1018 4022 Opus
1030 3941 1133 4024 igitur
1150 3943 1194 4008 ad
1208 3942 1304 4008 dissol-

204 4082 220 4120 «
239 4055 381 4123 vandum
393 4053 553 4140 ejusmodi
569 4054 808 4119 matrimonium
819 4053 884 4118 erit
897 4054 1097 4122 authoritate
1113 4058 1258 4124 Ecclesia
1273 4061 1301 4120 et
1416 4075 1417 4094 ,

205 4202 217 4233 a
234 4173 352 4258 judicis
370 4171 590 4240 ecclesiastici.
759 4266 761 4269 Ι

248 4279 413 4354 ilnterim
437 4295 546 4351 tamen
563 4283 748 4368 hujusmodi
767 4285 932 4369 conjuges,
958 4287 983 4352 si
1007 4295 1099 4354 certo
1122 4295 1299 4374 cognoscant
1416 4339 1417 4346 ,

203 4430 219 4468 a
234 4405 347 4470 adesse
358 4423 397 4468 ex
408 4410 503 4486 parte
516 4403 609 4465 unius
624 4401 849 4483 impotentiam
864 4411 1072 4484 perpetuam,
1089 4405 1246 4472 abstinere
1257 4411 1297 4470 ie·
