2930 5114
516 369 595 416 nens
618 367 775 417 secusne.
1132 321 1209 412 ott'

81 506 164 580 titos,
186 501 306 562 etiamst
327 498 479 577 necatores
497 499 574 573 sint,
601 514 634 556 eo
655 499 719 575 ipso
742 496 1073 556 excommunicationem
1097 496 1199 555 incar·

82 625 167 683 rant.
186 653 231 664 -
245 617 285 678 tt.
290 663 301 693 ‚
312 613 555 695 Arcoteptseopn
566 615 638 677 Ν.»
655 610 712 697 (En
727 610 916 689 Monaesum
936 616 1029 693 parte
1045 613 1077 687 3,
1096 608 1147 674 tit.
1167 612 1196 688 l,

84 735 182 801 form.
203 727 272 813 31.)

625 979 664 1042 V.

301 1201 410 1252 Formnie
422 1196 602 1252 denuntiationis
615 1199 730 1262 predicte
741 1199 995 1250 excommunicationis.

139 1459 156 1496 a
176 1438 233 1498 Hic
241 1438 420 1496 anctoritate
432 1435 590 1495 ordinaria
604 1434 802 1496 denuntiatae
813 1438 842 1493 et
856 1433 1029 1494 declaratae
1039 1450 1205 1495 excommn-

90 1557 211 1615 nicatns
230 1555 532 1613 excommunicatione
556 1554 676 1631 majori,
703 1551 788 1612 nobis
813 1557 976 1627 reservata,
1003 1552 1042 1612 N.
1067 1553 1206 1614 Viacrias

91 1676 122 1731 et
137 1669 285 1748 officiatis
298 1669 448 1748 yeneratts
462 1671 492 1731 N
494 1715 516 1746 .,
538 1669 680 1748 Episcopi
697 1671 795 1728 nostri
809 1669 1009 1747 saffraqanei;
1024 1687 1063 1728 ecc
1082 1687 1115 1729 eo
1135 1672 1206 1748 qnia

91 1786 335 1865 appeliationem,
357 1786 444 1863 infra,
458 1784 623 1864 teqitimam
640 1789 754 1864 tempas
772 1783 810 1843 ab
824 1786 886 1863 ejas
902 1784 1017 1844 decreto
1031 1785 1207 1864 appellabiti

91 1901 373 1963 aiNadnastram
383 1901 518 1962 tribanal
527 1902 746 1978 interpositam,
757 1900 855 1959 notnit
865 1900 1040 1978 aetrnittera·
1052 1905 1082 1961 et
1092 1902 1208 1963 manci

89 2023 194 2078 stante
202 2023 306 2080 nostra
318 2017 506 2095 inhibitione,
517 2018 558 2078 aa
569 2018 716 2078 atteriora
725 2021 881 2096 prooessit,
892 2017 1059 2078 damnabili
1065 2036 1207 2098 praeam-

85 2136 215 2212 ptione:
230 2138 264 2194 at
278 2137 373 2213 iqitar
388 2133 426 2194 ab
450 2133 584 2194 omnibns
609 2136 749 2210 evitetur,
765 2137 928 2211 pincentes
946 2136 979 2194 tn
998 2134 1069 2195 locis
1079 2135 1208 2214 pateticis

90 2253 229 2310 civitatis
241 2249 391 2328 motioni
398 2252 561 2328 jassimas;
573 2254 602 2309 et
612 2247 772 2309 anathema
788 2252 858 2326 ortt,
879 2249 970 2310 donec
987 2255 1097 2311 nostra
1107 2254 1208 2330 jaris·

90 2365 223 2425 dictioni
238 2369 268 2424 et
283 2367 368 2443 parti
383 2363 460 2423 Iasae
478 2365 613 2443 ptenarie
629 2363 819 2441 satisfecerit,
842 2368 870 2424 et
882 2382 901 2424 a
915 2365 999 2426 nabis
1019 2365 1135 2426 absolvi
1148 2383 1209 2425 nte-

90 2482 202 2539 raerit.
217 2478 510 2556 Amoaentesaatem,
530 2480 693 2540 lacerantes
704 2479 752 2539 aet
767 2480 960 2558 deturpantes
976 2479 1028 2540 teos
1038 2479 1203 2559 certatorem,

91 2599 214 2657 etiamsi
223 2597 374 2676 renatares
382 2601 455 2674 sint,
466 2613 581 2674 paenam
590 2601 903 2658 enoommnnioationts
913 2616 946 2657 eo
957 2600 1022 2674 ipso
1036 2601 1206 2662 incantant.

92 2711 249 2771 Datnm...
283 2745 328 2754 -
343 2712 374 2772 N
376 2757 398 2786 .‚
423 2710 669 2788 Archiepiscopns
694 2713 733 2774 N.
758 2733 773 2769 n
792 2747 837 2756 -
851 2711 892 2774 ot
911 2719 1053 2793 ponatur
1068 2689 1207 2796 sigillum

91 2830 251 2888 consueto
261 2823 345 2888 loco.
366 2822 425 2909 (Ex
439 2823 627 2902 Monncello‚
643 2831 736 2906 perte
751 2827 783 2903 3,
802 2826 853 2890 tie.
875 2826 903 2902 l,
919 2825 1015 2891 form.
1034 2826 1103 2912 32.)

469 3463 553 3511 olitis
575 3462 657 3512 'mm
682 3463 833 3512 secunnt.
