2878 5114
267 311 331 374 530
608 325 796 372 uacaturus
819 325 862 372 or
885 323 1033 372 runicus.

264 456 407 532 scriptum
421 456 454 514 iu
467 452 585 516 deinum
601 469 696 530 suum,
713 457 743 514 et
756 470 856 518 eoram
872 453 1078 533 infrascriptis
1092 471 1139 516 me
1153 459 1295 517 notarium
1311 471 1354 514 cu·

264 573 404 630 ctoritate
415 571 578 648 episcopali
590 574 723 630 meatum
735 572 933 646 renuntiavit,
940 587 997 649 per
1006 567 1354 651 eetitittmemjmamm

264 689 306 765 ti,
326 686 404 764 quod
421 689 613 765 timuerint,
631 687 673 748 cd
686 683 740 746 lucc
758 691 793 748 ut
816 686 968 766 lepitimus
983 686 1082 782 scriba
1101 687 1151 748 illi
1165 691 1198 748 in
1214 686 1265 748 tm
1281 705 1355 770 conec

260 805 449 864 inservirem.
466 802 542 863 Acta
560 807 630 863 sunt
641 801 742 864 tuo...
760 835 805 850 -
818 804 882 882 Epo
900 805 930 865 N
933 848 955 880 .‚
975 806 1199 866 commissorias
1209 804 1352 883 usurpatus.

261 949 306 964 -
323 918 387 997 Epo
405 919 445 980 Ν.
462 918 510 994 fut
526 921 621 979 testis.
632 951 678 965 --
690 919 754 997 Epo
768 920 808 981 N.
825 919 873 996 mi
889 921 985 980 iestis.
1004 951 1040 963 -—
1055 920 1120 998 Epo
1137 921 1193 996 Ν.,
1205 923 1352 982 miserius.

307 1054 323 1091 u
339 1034 556 1111 consequemur
570 1039 690 1096 necuim
706 1034 768 1112 furii
784 1035 932 1112 prescius
944 1034 1082 1096 domiuus
1096 1037 1137 1097 N.
1142 1056 1158 1112 ,·
1175 1041 1205 1096 ct
1216 1053 1308 1096 eorum
1318 1053 1355 1096 me

257 1168 278 1210 c
290 1150 410 1212 tumim
424 1151 463 1212 N.
480 1152 683 1212 cmnruisroric
696 1151 832 1230 detepuit
846 1153 1066 1231 irrumpatur,
1085 1169 1175 1233 super
1183 1157 1281 1232 primo
1291 1156 1364 1212 orti'

183 1343 189 1350 ⁶
255 1266 334 1343 mtto,
358 1267 552 1345 respoudit...
570 1267 667 1348 super
689 1267 831 1344 summio,
851 1267 1076 1346 respoudit...»
1094 1265 1212 1330 Postea
1233 1272 1355 1349 ponatur

256 1376 399 1444 damula
410 1381 516 1459 quitum
530 1379 668 1444 tactus..
677 1413 703 1459 .,1
714 1395 778 1464 qua
788 1379 872 1446 solet
884 1377 1036 1446 concludi
1050 1377 1224 1464 quodlibet
1235 1397 1353 1446 eramen

252 1495 396 1572 testium,
409 1501 444 1560 ct
453 1511 549 1580 quem
560 1493 764 1562 habesinira.
777 1496 964 1561 literamen
979 1495 1154 1578 sigilimrm
1170 1494 1351 1580 ad'J'udicem

251 1609 308 1694 qui
322 1611 591 1679 commissiomies
604 1609 699 1678 dedit
711 1612 962 1678 transmittatur.

688 1888 823 1962 CAPUT
846 1895 930 1961 XVI.

251 2165 362 2218 mutui
385 2162 591 2214 PROGEDENDI
614 2162 742 2210 CONTRA
759 2163 902 2223 TESTEM,
929 2163 988 2224 QUI
1011 2163 1150 2214 emarus
1172 2165 1352 2216 comitum

731 2279 886 2330 incusat.

295 2550 509 2615 Proertutundc.
525 2542 826 2610 -dtteudendum
838 2551 888 2609 est
900 2542 1087 2610 admodum
1098 2561 1165 2630 quo
1177 2545 1352 2612 citetusiuit

257 2666 350 2732 testis
368 2687 376 2729 :
391 2663 447 2729 vel
467 2663 553 2728 enim
569 2662 600 2727 ei
614 2661 762 2726 intimata
782 2659 846 2725 tuit
865 2661 1001 2744 simplex
1015 2662 1126 2728 citatio
1140 2661 1294 2748 juridica3
1311 2657 1352 2726 rel

251 2781 363 2848 citatio
379 2779 547 2846 continens
561 2779 656 2844 simul
678 2783 882 2857 meritorium,
900 2776 997 2857 idest,
1018 2777 1281 2856 declarationem,
1301 2793 1353 2862 quo
1421 2787 1422 2820 l

249 2898 352 2985 judex
370 2913 444 2962 eum
466 2895 622 2962 monebat
635 2913 670 2960 se
684 2901 798 2960 contra
817 2895 922 2979 ipsum
937 2902 974 2960 ut
992 2902 1220 2963 contumacem
1239 2911 1353 2981 proces

252 3029 382 3090 surum,
414 3013 475 3075 nisi
504 3012 590 3075 intra
622 3011 817 3093 assignatum
846 3011 1024 3076 terminum
1055 3012 1296 3095 comparuisset.
1321 3009 1354 3072 lit

253 3132 389 3208 iterum,
408 3127 462 3193 vel
475 3127 682 3194 monitorium
696 3127 733 3190 iu
745 3127 896 3192 citatione
913 3142 1119 3211 expressum,
1140 3126 1355 3196 declarabatur

254 3245 359 3312 tribus
374 3242 588 3330 aequivalere3
606 3242 659 3308 vel
674 3261 751 3307 non.
770 3242 802 3308 si
814 3243 847 3306 in
865 3243 1016 3308 citatione
1032 3243 1175 3326 positum
1191 3243 1256 3310 fuit
1269 3241 1353 3308 moni·

252 3361 374 3434 terium
391 3359 496 3426 tribus
513 3357 719 3443 aequivalens,
740 3363 850 3441 potest
866 3359 974 3424 statim
990 3357 1095 3444 judex
1114 3357 1351 3426 adsentantium

254 3477 426 3552 devenire,
451 3481 486 3540 et
505 3473 868 3542 excommunicationem
889 3474 942 3540 vel
961 3465 1227 3558 suspensionem,
1250 3475 1352 3541 alasse

252 3611 366 3680 poenas
379 3592 414 3656 in
429 3598 655 3657 contumacem
671 3589 863 3656 deseruere.
884 3591 915 3656 st
932 3592 1072 3675 positam
1085 3593 1120 3657 in
1134 3594 1285 3659 dmmone
1299 3588 1353 3654 tuit

253 3709 471 3784 monitorium,
485 3705 545 3774 sed
556 3705 678 3793 absque
691 3705 910 3773 declaratione
923 3707 1012 3793 quod
1024 3707 1132 3776 tribus
1142 3709 1351 3794 aequivaleret

167 3901 168 3906 ,
253 3824 381 3894 duobus
401 3823 471 3888 aliis
493 3823 670 3888 monitoriis
693 3822 861 3907 urgendus
884 3831 934 3890 est
957 3825 1066 3902 testis,
1092 3825 1146 3891 vel
1167 3826 1281 3892 saltem
1296 3837 1353 3888 nnc
1420 3869 1421 3910 ,

253 3923 344 4030 qued
357 3938 485 4005 duobus
499 3938 693 4022 requiualere
709 3936 906 4005 declaretur.
922 3939 963 4004 Et
974 3938 1107 4004 taudem
1119 3941 1147 4005 si
1158 3940 1352 4007 monitorium
1420 3913 1421 3958 ³

252 4073 457 4144 nequaquam
482 4053 640 4119 continuit
662 4055 784 4130 citatio,
804 4055 954 4121 facienda
972 4061 1022 4122 est
1036 4056 1124 4122 trina
1149 4061 1288 4135 monitio,
1307 4053 1353 4122 rel

253 4194 317 4242 une
335 4191 405 4260 qnae
423 4170 530 4237 tribus
548 4169 745 4262 uquivalcre
763 4169 960 4238 declaretur.
982 4173 1042 4237 llic
1062 4171 1124 4258 (ne
1143 4175 1211 4240 ulla
1228 4171 1353 4240 formale

251 4289 432 4358 necessarie
445 4283 542 4369 desit)
557 4290 775 4368 supponemus
789 4287 866 4352 testi
880 4287 1059 4354 intimatam
1072 4287 1173 4356 misse
1188 4289 1352 4373 simplicem

250 4405 437 4472 citationem
455 4397 641 4486 juridicam,
662 4401 729 4466 vim
753 4401 912 4466 monitorii
929 4421 992 4466 non
1013 4403 1207 4492 habentem3
1224 4413 1256 4472 et
1271 4401 1352 4468 exhi-
