2930 5114
537 379 617 428 eoas
639 377 798 430 sacuam.
1168 323 1230 434 56³⁷

160 505 225 573 ai.
242 507 470 588 Interropatns:
484 524 525 573 aa
539 513 661 570 nooatas
679 510 786 588 fnisset
803 506 842 571 ab
862 507 964 588 etiarm
984 507 1022 572 dr
1040 510 1162 589 familia
1186 513 1234 574 nei

112 626 201 692 donea
217 625 315 704 apri?
331 623 506 704 Respondit,
530 642 550 686 a
567 625 651 686 nnita
668 643 701 686 se
714 625 809 702 fnisse
825 629 973 702 voratam,
992 626 1044 688 sed
1067 643 1133 690 arm
1154 637 1230 696 esset

112 741 184 803 tireio
202 758 282 820 repro
296 757 316 803 a
331 741 574 819 confessionibus,
593 746 624 803 et
641 744 731 804 seirat
753 758 819 802 enm
838 758 868 802 se
891 741 969 804 maie
989 741 1106 822 Radere,
1126 750 1230 828 sponte

112 861 215 936 inisse,
234 876 271 920 ne
283 840 362 936 ¹sorte
375 858 483 938 absone
496 862 692 926 sacramentis
706 858 869 922 decederet.

160 993 178 1035 o
194 974 225 1036 5.
241 975 477 1054 Interropatas:
498 992 556 1056 qna
575 973 649 1036 nora
674 978 764 1036 inerit
775 977 790 1037 i
803 976 983 1058 Respondit:
1006 979 1087 1039 airaa
1101 978 1232 1044 mediam

111 1095 239 1154 noctem.

160 1226 177 1264 a
196 1204 229 1270 6.
257 1205 466 1286 Interropatas
495 1224 549 1268 aar
582 1211 647 1270 tam
678 1208 803 1274 insolita
830 1207 905 1270 tiara
943 1207 1072 1270 voinmit
1102 1210 1232 1282 invisere

111 1341 238 1404 reprom,
254 1325 337 1404 amns
348 1305 482 1384 morbmn
498 1326 531 1385 in
539 1326 628 1406 pejns
637 1328 786 1388 mniainm
797 1326 891 1404 smisso
907 1324 1010 1386 antias
1024 1327 1052 1386 ei
1066 1326 1230 1388 retulerat?

110 1439 276 1520 Respondit
290 1457 301 1502 .·
314 1438 376 1500 sibi
392 1441 525 1502 orationi
538 1443 658 1505 vacanti
676 1443 709 1502 in
728 1446 854 1504 taeniam
872 1442 998 1518 venisse,
1018 1439 1071 1502 hoe
1093 1441 1157 1520 fore
1171 1443 1232 1504 Deo

105 1555 270 1636 ptaaitnm.
430 1539 434 1544 ⁵

159 1692 175 1728 a
197 1678 228 1736 7.
245 1673 473 1752 Interropatns:
488 1676 612 1752 aninam
623 1677 666 1738 de
680 1675 767 1742 domo
789 1677 865 1754 apri
878 1691 944 1736 eam
959 1676 1134 1754 receperint,
1152 1679 1181 1736 et
1193 1678 1233 1735 ie·

110 1767 189 1852 stari
211 1793 334 1869 possent
359 1793 457 1869 ipsam
477 1790 559 1851 diota
573 1790 656 1856 ‚dora
679 1808 792 1871 iepram
819 1791 956 1855 adiisse?
980 1791 1142 1870 Respondit
1158 1808 1168 1850 :
1183 1794 1228 1852 ivi

108 1906 230 1986 ,paidom
242 1905 284 1968 ad
298 1905 429 1984 domam,
443 1911 473 1967 et
487 1907 934 1988 tiatinmoatampmsavi:‚sed
949 1925 1016 1968 anm
1030 1907 1145 1971 diatim
1164 1924 1231 1986 ape·

110 2025 175 2084 rire
187 2026 388 2100 morereretur,
404 2022 478 2100 abii,
494 2039 546 2084 neo
560 2023 682 2086 domam
691 2027 858 2103 inpressam
871 2041 947 2086 snm

158 2161 175 2198 a
192 2140 226 2204 8.
243 2140 451 2220 Interrapatns
462 2158 473 2201 :
487 2159 541 2203 oar
552 2146 712 2232 pastqnam
727 2146 812 2204 tanto
827 2141 891 2204 zeto
904 2142 1003 2203 medio
1019 2141 1231 2203 noetediotam

108 2274 224 2336 capram
234 2259 362 2318 invisere
374 2256 521 2334 notuerat,
535 2257 642 2336 plnres
654 2257 719 2318 dies
725 2261 832 2338 postea
841 2259 1085 2338 praetermiserit,
1099 2259 1172 2336 quin
1183 2259 1231 2317 in-

107 2374 242 2434 viseret?
253 2373 418 2454 Respondit
429 2390 439 2434 :
451 2376 496 2434 ita
512 2391 578 2436 sam
592 2379 793 2454 comparatas,
815 2377 850 2434 ni
865 2375 898 2434 in
916 2371 1088 2452 Rajnsmodi
1101 2390 1161 2434 non
1178 2390 1230 2434 ne-

101 2492 245 2552 cessariis
271 2491 422 2550 internam
447 2492 676 2585 inspirationem
701 2506 824 2570 seqnar;
839 2492 876 2549 at
904 2484 1056 2550 invisendi
1075 2491 1228 2570 ¹capitatio

57 2651 73 2682 ,
104 2610 235 2668 mentem
249 2623 344 2666 meam
360 2623 422 2669 non
431 2605 581 2686 pnisavii.
967 2577 973 2591 ⁸

153 2743 170 2780 a
188 2723 221 2786 9.
237 2723 444 2801 Interrapatns
465 2739 476 2782 :
492 2739 535 2784 aa
552 2723 760 2786 recordaretur
778 2722 833 2786 iao
858 2727 925 2804 ipsa
948 2723 1033 2784 dieta
1054 2727 1139 2784 noete
1152 2740 1228 2787 team

105 2841 210 2919 atiquo
225 2841 258 2899 in
271 2840 323 2898 oia
341 2856 372 2898 se
387 2839 481 2917 fnisse
502 2838 702 2901 reiteratam?
720 2840 883 2918 Respondit
898 2857 908 2899 :
923 2839 1040 2912 obviam
1055 2836 1132 2899 mitri
1145 2843 1227 2900 venit

103 2953 231 3034 qnidam
243 2955 426 3016 Ratremnns
438 2954 636 3032 barbitonsor,
653 2959 682 3015 et
693 2958 782 3034 petiit
795 2972 867 3016 anm
878 2971 956 3036 aper
966 2955 1078 3033 aiiqais
1091 2959 1227 3030 entrema

103 3074 223 3150 eperat,
241 3085 308 3132 emm
323 3087 368 3132 me
384 3070 439 3134 tati
458 3069 715 3152 nordperpentem
732 3071 858 3134 videret.
875 3041 1226 3133 ariminensom

97 3185 261 3248 *invisendo
275 3202 354 3264 apro
367 3189 489 3248 reverti.
982 3230 985 3236 .

139 3324 167 3362 ‚a
195 3303 249 3366 10.
274 3303 505 3384 Interroaatns:
521 3305 664 3394 qnomodo
685 3306 802 3367 dinarii
816 3321 847 3364 se
861 3304 899 3366 ab
913 3277 1069 3367 invisendo
1082 3321 1162 3384 apro
1177 3323 1225 3368 re·
1249 3387 1256 3394 ἱ

95 3423 193 3496 nerii,
209 3435 276 3480 anm
287 3437 393 3482 revere
403 3421 522 3485 nattam
531 3419 896 3501 invisisseiiRespondit:
909 3425 1043 3502 responsi
1050 3422 1109 3482 moi
1121 3439 1223 3484 sernas

100 3542 180 3614 erat,
208 3536 308 3598 mead
321 3537 645 3618 invisendmmaprnm
667 3541 790 3615 eaiisse,
807 3539 886 3620 qnod
903 3539 997 3618 piane
1020 3555 1123 3603 vomam
1141 3543 1219 3612 erat.

149 3674 166 3712 a
187 3653 239 3717 li.
253 3655 478 3737 Interropatns:
498 3674 539 3718 aa
559 3660 680 3718 vocatas
698 3661 788 3716 nocta
806 3656 971 3736 aliqnando
994 3657 1087 3734 faerit
1109 3656 1151 3718 ad
1173 3659 1222 3717 in-

100 3774 258 3835 visendam
282 3773 411 3852 aiipnem
435 3791 548 3855 capram
576 3778 609 3837 in
633 3778 685 3836 nia
699 3776 765 3853 N„
795 3791 917 3836 namero
942 3775 1011 3836 oi?
1028 3774 1192 3853 Respondit
1210 3791 1220 3834 :

100 3907 265 3970 naamam.

150 4027 167 4065 a
188 4006 239 4068 12.
257 4008 463 4087 Interropatns
479 4026 490 4068 .·
505 4026 545 4070 an
560 4011 636 4070 soiat
649 4011 771 4087 potinam
786 4011 848 4069 sint
866 4005 954 4087 injns
974 4007 1079 4067 domas
1100 4006 1216 4084 inania,

101 4130 194 4187 et-aa
212 4138 280 4186 eam
303 4126 460 4205 aiiqmnes
477 4130 636 4206 sinpnsms
657 4129 723 4188 siti
745 4126 907 4206 Respondit
929 4144 940 4185 :
963 4125 1072 4186 andini
1094 4124 1137 4186 iii
1159 4143 1221 4190 esso

96 4242 291 4323 perditarum
312 4243 484 4322 pneitarnm
509 4243 703 4322 rependium,
721 4248 751 4304 ei
763 4259 914 4321 namnam
935 4260 1001 4303 sam
1020 4245 1182 4320 inpressas.
1202 4260 1217 4299 o

146 4355 315 4444 Eiusmodi
331 4362 533 4441 opportunas
551 4357 822 4442 interrogationes
835 4356 967 4444 quando
989 4355 1091 4442 judex
1107 4356 1221 4442 exple·

101 4476 200 4552 verit,
210 4473 538 4548 ,claudeturexamen
553 4471 614 4539 hoo
626 4471 724 4542 inodo
742 4495 748 4538 :
