2930 5114
541 352 621 400 ruas
643 351 802 400 sucurnu.
1166 335 1230 400 565

113 478 445 556 quomoplerdeoreoit,
460 485 553 560 proed
566 483 710 560 praseaii
723 480 841 542 decreto
852 479 969 542 decreto
983 479 1127 557 decernit,
1143 480 1232 543 nollo

115 591 217 654 tolita
231 597 347 656 ratium
363 595 435 657 talis
453 599 648 676 acceptionis,
662 597 705 662 ad
718 597 866 658 ulteriora
884 596 1053 676 procedere,
1067 601 1096 656 el
1114 597 1230 676 praso-

116 713 178 770 tora
201 709 355 772 deminuat
379 713 419 773 Ν.
438 713 480 773 od
505 713 705 774 accomodare
727 712 888 776 admittere
903 709 968 796 (vel
985 717 1014 773 et
1032 713 1129 774 dictos
1144 687 1231 775 testes

114 827 145 886 io
162 830 308 904 prasenti
328 845 419 888 caasa
437 823 637 910 tramittam).
653 829 730 892 Acta
745 835 816 892 suat
830 827 932 894 leae...
948 863 991 876 -
1009 829 1039 892 N
1041 873 1064 905 .,
1095 830 1230 892 Vicorias

114 941 271 1020 amerclis.
291 975 334 990 -
346 945 386 1006 N.
391 989 402 1022 ,
420 948 587 1007 actuarias.
605 964 622 1004 r

534 1228 668 1294 CAPUT
690 1227 801 1294 xxvi.

452 1498 564 1547 FORMA
586 1497 793 1546 nxunluunnl
815 1497 882 1544 REI.

151 1766 294 1833 Examen
327 1767 385 1833 Rei
417 1776 553 1834 vocatur
582 1768 680 1834 etiam
711 1787 730 1832 a
758 1767 908 1851 practicis
941 1774 1156 1849 constitutam,
1186 1772 1229 1840 ob

110 1901 222 1948 vocem
239 1890 429 1964 constitutas,
449 1903 519 1968 quae
543 1885 647 1968 prima
661 1902 835 1950 occurrere
858 1884 942 1950 solet
961 1886 994 1948 in
1017 1884 1169 1964 formula,
1187 1888 1230 1962 ab

109 2000 253 2064 actuario
275 1998 430 2078 adhibita,
450 1999 530 2066 dum
553 2019 690 2066 examen
710 1998 791 2066 illud
816 2000 920 2066 refert
940 2001 974 2064 iu
995 2002 1087 2066 actis.
1111 2002 1152 2066 Et
1170 1995 1251 2070 uo?

108 2116 245 2182 tandum
259 2117 293 2182 in
317 2117 476 2182 criminali
501 2134 656 2200 processu
677 2115 756 2180 nihil
775 2114 864 2181 aliud
883 2117 1006 2200 requiri
1023 2106 1121 2201 quam
1145 2135 1229 2202 prae·

108 2230 235 2299 dictum
253 2251 399 2311 examen,
418 2233 460 2300 ad
480 2231 697 2299 inducendam
714 2239 957 2297 contestatioraa
976 2237 1052 2297 litis.
1071 2235 1140 2300 Hoc
1157 2235 1229 2318 ipso

107 2349 229 2415 scilicet
247 2348 336 2434 quod
359 2367 436 2414 reus
458 2367 476 2414 a
499 2347 611 2434 judice
637 2349 838 2415 examinatus
861 2347 1019 2414 delictum
1041 2367 1106 2414 uon
1129 2347 1227 2416 conli-

106 2471 205 2542 teiur‚
228 2464 294 2550 jam
311 2465 351 2529 lis
370 2470 550 2540 contestata
569 2470 633 2530 est.

148 2582 246 2647 Nulla
268 2588 357 2646 certa
383 2581 523 2646 formula
543 2580 629 2647 tradi
651 2589 759 2666 potest
776 2580 819 2646 ad
839 2580 1088 2648 examinandum
1109 2601 1222 2667 reum;

106 2696 164 2763 sed
187 2697 370 2782 prudentia.
399 2696 518 2782 judicis
547 2699 741 2784 relinquitur
765 2707 803 2764 ut
826 2706 902 2783 apta
931 2700 1222 2782 interrogationum

105 2815 187 2879 serie
208 2811 445 2880 contessionem
469 2815 643 2880 criminisa
667 2833 726 2880 reo
741 2813 904 2899 obtineat;
929 2815 983 2880 vel
1000 2815 1116 2880 saltem
1139 2835 1222 2883 nova

105 2927 243 3007 iudicia,
272 2947 342 3014 qua
370 2949 409 2994 ex
440 2928 751 3002 contradictionibus
778 2937 812 2994 et
843 2928 1165 3014 tergiversationibus
1188 2930 1221 2995 in

105 3043 332 3129 respondendo
350 3045 429 3111 oriri
444 3046 562 3112 solent.
579 3045 727 3130 Exempli
748 3053 858 3112 tumen
877 3047 991 3130 gratia
1007 3045 1147 3130 aliquem
1163 3065 1219 3115 ca*

105 3179 174 3226 sum
190 3160 415 3246 figurabimus,
432 3179 495 3245 pro
512 3181 576 3246 quo
595 3168 630 3227 et
650 3161 790 3246 aliquam
808 3162 964 3228 examinis
984 3161 1121 3228 formam
1144 3161 1220 3230 bre-

104 3278 187 3343 viter
203 3277 464 3344 subnectemus„

145 3391 369 3478 supponamus
386 3413 481 3461 reum
497 3403 739 3480 comparentem
753 3413 823 3460 esse
833 3393 997 3462 Audrcam
1015 3397 1044 3462 N
1047 3444 1069 3476 .‚
1084 3398 1219 3486 presby·
1345 3391 1347 3397 ’

103 3515 210 3577 terum
232 3511 517 3579 :denuntiatorem
531 3513 688 3578 loannem
698 3510 861 3578 zelatum:
877 3519 979 3578 testes
989 3513 1214 3594 Romanunm,

103 3627 319 3695 Bertranaum
334 3635 369 3694 et
383 3627 538 3696 Berthom
553 3651 560 3694 :
579 3629 713 3705 crimen,
732 3625 822 3712 quod
831 3626 978 3696 Andreas
993 3629 1033 3694 N.
1048 3629 1163 3696 solitus
1174 3631 1216 3697 sit

64 3828 67 3834 Ι
101 3744 305 3825 perditarum
319 3744 504 3828 puellarum
516 3745 650 3810 domum
660 3749 760 3812 noctu
771 3743 994 3830 frequentare.
1007 3744 1057 3814 Ad
1079 3765 1217 3815 momen

104 3859 240 3941 procedi
249 3862 373 3944 poterit
383 3861 417 3925 in
428 3861 513 3928 hunc
527 3861 661 3928 modum
678 3883 687 3926 t

19 4013 21 4024 r
149 4001 165 4038 a
180 3980 369 4042 Constitutus
383 3981 585 4060 personaliter
603 3981 751 4060 praefatas
773 3981 912 4043 damiam
934 3981 1071 4047 Andreas
1087 3983 1129 4052 N.
1142 4001 1215 4063 pree

103 4095 212 4176 stater,
233 4114 333 4158 coram
347 4098 507 4160 reddendo
523 4099 554 4160 N
556 4141 578 4174 .,
601 4099 719 4158 Vicario
743 4098 888 4177 pancrati,
907 4101 941 4160 ia
962 4101 1042 4161 otrio
1071 4101 1213 4179 episcopii

104 4213 431 4294 capedimdisjadiciis
445 4214 651 4279 ecclesiasticis
667 4215 829 4293 destinata,
849 4215 984 4278 delatam
1003 4216 1061 4280 sibi
1083 4216 1120 4278 de
1136 4220 1213 4278 acri·

105 4333 164 4390 tole
177 4331 304 4394 dioeada
319 4335 537 4413 juramentum,
560 4349 640 4393 ruore
660 4332 838 4396 sacerdotali
851 4328 941 4418 (tacto
957 4334 1070 4398 scilicet
1083 4327 1210 4414 pectore)
