2876 5114
541 371 619 425 eins
643 373 800 421 securim.

648 643 705 706 ΙΙΙ.

143 877 297 925 rotimum
322 877 558 927 oeconomum
583 879 706 928 VICARll
730 825 913 930 anastatus
936 882 997 930 SEU
1021 881 1202 930 ormcmms

594 996 749 1045 EPISCOPI.

159 1212 239 1275 Eam
258 1210 457 1276 desumimus
474 1231 516 1276 ex
531 1211 709 1275 Monaoello
726 1211 831 1296 (perte
851 1216 879 1290 1,
898 1213 948 1277 tit.
973 1217 1001 1288 1,
1020 1211 1119 1284 form,
1141 1211 1170 1295 1)
1192 1236 1199 1278 :

114 1353 119 1357 ·
162 1353 176 1386 a
193 1333 234 1392 Ν.
239 1378 249 1407 ,
267 1332 323 1392 Dei
337 1336 366 1391 ct
377 1331 555 1410 Apostolicoe
564 1331 652 1393 Sedis
662 1335 764 1409 qratia
781 1333 942 1410 Episcopus
954 1333 993 1393 N.
999 1379 1008 1408 ,
1025 1331 1132 1392 dilecto
1143 1311 1235 1394 Nobis

111 1450 146 1506 in
159 1445 281 1506 aaran
291 1448 331 1508 N.
343 1447 469 1506 salntem
482 1450 514 1508 in
527 1448 710 1507 Domino.-
720 1423 794 1508 Cnr'n
806 1465 879 1507 onas
891 1447 1068 1526 episcopalis
1075 1451 1236 1508 ministerii

112 1567 197 1624 tanti
220 1566 262 1623 sit
282 1567 434 1640 momenti,
454 1571 489 1624 nt
504 1567 595 1624 etiarn
614 1567 689 1642 ipsis
703 1563 846 1642 ampelicis
864 1563 995 1623 damaris
1009 1563 1235 1641 formidandam

108 1679 267 1756 videatur,
290 1697 375 1759 opere
388 1682 522 1758 pretinm
537 1677 693 1755 danimns,
715 1681 748 1739 in
769 1679 1033 1740 administratione
1051 1684 1235 1758 episcopatos

109 1797 143 1856 N
146 1843 170 1872 .,
184 1813 272 1874 qnern
283 1797 496 1858 Sanctissimis
507 1797 546 1856 D.
559 1795 600 1856 N.
612 1796 699 1874 Papa
713 1799 824 1855 nostra
835 1794 1037 1854 imbecillitati
1054 1799 1236 1874 superimpo

109 1915 188 2004 snit,
211 1913 364 1971 Viearinm
379 1912 515 1972 idoneam
532 1879 688 1987 advocare,
706 1914 759 1990 qni
769 1915 889 1990 partem
900 1910 1115 1971 sollicitudinis
1126 1917 1236 1971 nostra

109 2031 146 2088 in
163 2045 196 2088 se
209 2028 398 2104 assumendo,
413 2028 544 2106 pendas,
559 2045 615 2106 qno
630 2027 713 2088 altra
727 2030 807 2087 eires
817 2031 999 2106 premimur,
1018 2027 1138 2089 alleoet.
1156 2028 1235 2087 Hine

108 2147 208 2204 aciem
223 2149 336 2204 nostra
349 2147 458 2204 mentis
469 2147 501 2203 in
515 2161 674 2222 personam
689 2148 771 2203 tnarn
787 2143 961 2222 diripentes,
985 2148 1013 2204 et
1027 2141 1231 2218 defidelitatc,

105 2260 277 2338 probitate,
286 2259 462 2338 prodentia,
479 2261 602 2320 scientia
614 2265 643 2318 et
651 2263 848 2338 cooperientia,
863 2259 1000 2338 aliisqne‚
1012 2260 1117 2338 aniles
1121 2259 1229 2338 polles,

109 2376 283 2436 oirtntr'lras
292 2377 381 2454 plene
395 2374 502 2451 conlisi
510 2397 526 2452 ,·
544 2377 583 2435 Te
600 2381 735 2436 nostrnrn
755 2378 906 2436 Vicarinm
926 2376 1103 2453 annotatam,
1123 2381 1152 2436 et
1165 2373 1235 2451 Offi-

109 2493 234 2568 cialem,
250 2491 292 2552 od
307 2497 442 2552 nostram
457 2491 682 2571 beneplacitam,
697 2495 729 2551 in
743 2491 822 2552 dioto
834 2497 936 2551 nostro
949 2495 1119 2572 episcopata
1133 2493 1173 2553 N.
1178 2537 1188 2567 ,
1202 2494 1235 2550 in
1259 2497 1261 2504 ’

109 2608 331 2688 spiritualiores
350 2613 380 2667 et
397 2607 619 2686 temperatione,
641 2611 741 2667 tenore
761 2611 955 2685 presentiam
970 2608 1109 2684 sacimas,
1130 2609 1236 2667 eonsti-

111 2729 230 2785 taimns
244 2729 273 2783 et
286 2725 483 2802 depatamns;
497 2723 603 2783 dantes
618 2728 646 2782 et
657 2723 844 2783 concedentes
860 2723 915 2782 tibi
928 2726 1107 2801 potestatem
1119 2728 1238 2782 elman·

110 2841 223 2900 datam
244 2838 383 2917 speciale,
407 2839 554 2914 ecelesias,
574 2837 689 2918 altaria
709 2844 738 2897 et
754 2841 889 2898 oratoria
908 2836 1061 2913 edificata
1085 2842 1114 2898 et
1138 2835 1238 2913 adifi-

109 2957 228 3032 canda,
253 2960 283 3014 et
303 2955 407 3016 divino
422 2955 518 3014 mrltni
532 2955 676 3031 dcpntata
695 2953 893 3027 benedicendi,
915 2971 1005 3031 eoque
1021 2953 1141 3033 pollata
1167 2952 1237 3037 (non

113 3078 220 3132 tamen
233 3057 415 3150 consecrata)
433 3069 647 3131 reconciliandi
651 3091 666 3146 ;
685 3069 831 3130 aoasibns
848 3071 1076 3149 quibuscamque
1088 3071 1180 3132 Nolis
1194 3089 1238 3130 re·

113 3191 250 3248 servatis
268 3187 458 3262 absolvendi·
480 3193 508 3246 et
530 3185 603 3245 aliis
623 3185 824 3263 confessoris,
853 3190 888 3246 nt
910 3187 948 3246 ab
962 3187 1069 3247 lisdem
1087 3187 1238 3247 absolvere

107 3310 248 3384 possint,
266 3303 441 3382 facultatem
457 3303 631 3382 delepandi,·
641 3303 779 3381 pnblioos
793 3307 822 3362 et
836 3303 1176 3381 solemnespoenitentias
1191 3307 1238 3363 in·
1283 3299 1286 3306 ’

105 3422 286 3502 jnnpendi;
303 3401 426 3480 litteras
441 3419 699 3479 commendatitias
713 3423 743 3479 et
759 3419 972 3479 testimoniales
985 3397 1177 3497 concedendi,
1193 3421 1239 3481 di·

112 3541 276 3599 rnissorlas
290 3538 331 3596 od
351 3552 545 3613 qnoscnmqne
563 3533 681 3595 ordines
700 3534 806 3611 dandi,
825 3541 854 3594 el
869 3553 957 3614 snper·
980 3539 1155 3597 interstitiis
1175 3537 1238 3598 dis-

108 3652 278 3731 pensandi,
297 3651 389 3712 Nobis
405 3653 503 3710 tamen
519 3667 537 3708 a
552 3649 669 3710 dioecesi
681 3649 871 3726 obseritidnm
881 3667 987 3709 cansas
1002 3651 1238 3712 matrimoniales

113 3757 325 3844 oo'pnosoendi,
346 3768 376 3822 et
394 3761 550 3822 decidendi
556 3782 570 3837 ,·
595 3765 833 3838 procurationem
861 3765 1057 3839 visitationis,
1083 3743 1238 3842 synodati-

113 3898 192 3958 enm,
215 3884 357 3958 quartam
369 3877 546 3956 deneratam,
560 3881 590 3937 et
605 3875 817 3938 charitativam
830 3878 1007 3954 sndsidinm,
1025 3885 1059 3939 nt
1067 3883 1151 3960 jnris
1166 3884 1234 3956 erit,

114 3997 263 4075 recipendi
270 4015 286 4070 ,·
313 4011 405 4056 nonas
420 3992 581 4072 parochias
595 3991 740 4070 eripcndi,
765 3998 794 4052 et
810 3998 921 4055 erectas
941 3993 1144 4074 collapsasqne
1167 3993 1239 4071 reti-

114 4117 228 4190 ciendi,
248 4113 296 4174 ecl
311 4117 342 4174 in
357 4115 497 4172 matrices
513 4111 662 4171 Ecclesiae
679 4109 908 4188 transferendi,·
929 4107 1071 4185 beneficia
1086 4111 1234 4189 eriqcndi,

116 4235 145 4290 ct
160 4232 382 4309 resipnationes
397 4227 529 4301 illoram,
545 4228 686 4284 etiamen
701 4241 791 4284 consa
796 4228 1040 4304 permutationis,
1060 4225 1234 4304 recipiendi,

117 4343 202 4404 etad
221 4359 257 4402 eo
275 4343 475 4420 presentatos
496 4337 694 4408 instituendi3
718 4337 758 4396 ad
776 4342 882 4397 carata
904 4341 1045 4397 vacantia
1066 4355 1239 4399 conenrsam

117 4455 286 4532 indicendi,
324 4447 487 4513 et'eodcm
525 4453 658 4530 clipniori
691 4451 886 4529 conserendi;
919 4467 1079 4512 oeconomos
1111 4457 1240 4534 tempore
