2930 5114
524 295 602 413 rins
624 358 784 414 stennon.
1154 347 1217 412 sot

113 493 188 550 noris
203 491 349 568 meritis
376 489 516 550 uidelicet
536 508 546 549 :
568 492 726 553 mamete
744 497 775 552 el
793 490 1001 553 ealeudtnsirua
1021 491 1155 554 domae.
1174 520 1219 540 ω-
1246 517 1249 526 ’

112 609 179 667 Cum
195 607 234 668 Te
248 607 436 667 ordinarium
451 609 485 666 la
498 607 615 668 diocesi
635 610 664 670 N
669 653 690 685 .,
706 609 842 688 judicem
860 609 991 672 asistere
1010 607 1215 688 clusura,

111 727 137 782 it
157 724 189 782 iu
211 719 266 782 lae
286 721 405 783 diecesi
432 726 549 783 caseri
572 727 778 786 resolveriruus
803 727 958 788 uminum
983 725 1134 788 Arrdream
1159 725 1214 803 N,

106 837 322 918 presbyterum,
353 839 565 916 jurisdictioni
589 842 831 902 renouatum
852 842 993 923 Episcopi
1014 837 1117 904 oroslrl
1145 839 1219 903 stab·

101 955 222 1034 jectum,
243 971 328 1034 quem
342 959 401 1016 mei
421 953 514 1032 officii
530 961 575 1017 est
598 961 739 1036 tauquam
757 976 839 1019 ream
859 962 956 1020 citare
965 976 1025 1038 pro
1048 975 1140 1018 eausa
1158 961 1219 1018 eri-

107 1070 208 1132 uiuuli
217 1077 321 1133 coutro
334 1089 400 1132 euru
411 1078 502 1150 moto,
522 1077 551 1134 et
564 1074 645 1158 apud
657 1077 774 1134 curiora
788 1081 921 1137 nostram
931 1075 1094 1155 pendente·
1106 1075 1217 1135 ideireo

105 1192 193 1248 cisum
214 1194 259 1250 est
281 1189 536 1249 auxiliantium
559 1194 730 1269 requirere,
756 1196 902 1271 quolenus
924 1194 1007 1271 iufra
1031 1191 1219 1253 seriberiam

102 1308 283 1384 citatiorem,
302 1323 442 1385 procures
462 1307 542 1368 dieto
566 1307 685 1370 domiuo
708 1309 835 1371 Audrece
858 1312 898 1372 N.
903 1356 914 1387 ,
937 1327 994 1390 per
1011 1327 1104 1371 uuum
1126 1311 1219 1370 curia

102 1426 201 1482 cestrie
223 1423 400 1502 episcopatis
424 1423 580 1501 pullicum
599 1427 757 1502 nuntium,
778 1425 980 1506 personaliter
1001 1425 1049 1486 vel
1072 1428 1106 1486 iu
1130 1425 1217 1486 dorio

106 1537 196 1599 soliloe
214 1541 311 1618 ipsius
334 1537 531 1600 iubilatiouis
549 1542 704 1617 iutimari,
730 1545 760 1601 ei
773 1541 810 1602 de
831 1541 962 1620 ejusdem
985 1543 1139 1602 citellouis
1152 1557 1219 1601 epe·

103 1657 213 1716 cutione
227 1655 396 1736 juridicam
419 1654 595 1717 relationem
616 1656 658 1717 erl
678 1673 724 1716 rue
744 1659 924 1716 transmitti.
947 1656 1003 1717 Est
1023 1661 1122 1718 auterre
1143 1659 1217 1717 iuti-

36 1788 38 1794 ·
103 1771 209 1832 uculo
222 1773 328 1832 citatio
343 1788 408 1850 quoe
422 1775 579 1851 sequitur:
594 1770 639 1856 (et
654 1769 717 1848 hio,
736 1777 835 1852 prout
851 1767 1044 1854 proceditur
1056 1769 1107 1833 via
1122 1788 1217 1835 aceu-

103 1885 240 1963 sationis,
260 1884 313 1949 rel
332 1883 594 1963 denuntiationis,
615 1883 668 1951 vel
687 1905 729 1952 ex
748 1904 839 1952 mero
855 1881 970 1964 officio,
995 1891 1136 1970 ponatur
1152 1906 1217 1951 una

104 2019 141 2068 ex
164 2000 314 2065 formulis
330 2001 363 2064 in
382 2006 522 2086 quatuor
546 2001 658 2086 primis
684 2001 907 2088 superioribus
933 2001 1142 2088 paragraphis
1160 1997 1218 2070 de-

103 2113 254 2201 scriptis).
283 2121 410 2181 luteriru
435 2126 485 2181 luo
512 2139 558 2181 rna
584 2123 748 2200 saruulalui
767 2123 912 2202 offerens,
938 2140 1008 2202 repo
1033 2127 1067 2183 ul
1090 2128 1118 2183 te
1138 2124 1218 2186 Deus

102 2242 192 2298 seruet
216 2237 404 2299 iueolurueu.
428 2239 581 2302 Dolum...
601 2274 646 2286 —
669 2241 708 2302 Ν.
713 2287 724 2318 ,
753 2242 890 2302 Vitorius
913 2241 1074 2319 peueralr's.
1090 2274 1136 2286 -
1158 2243 1212 2318 lv,

101 2357 268 2417 actuarius.
286 2375 301 2411 n

648 2600 664 2672 5
682 2595 726 2662 11.

102 2828 289 2880 Formatenende
297 2842 311 2878 a
320 2828 398 2891 judice
411 2829 491 2878 clionee
502 2829 619 2892 diocesis,
630 2831 654 2880 in
666 2830 818 2895 exequendis,
828 2845 886 2895 quas
896 2830 994 2893 recepit,
1006 2825 1215 2880 rernissorinlibus.

141 3059 190 3127 Ab
201 3060 345 3126 actuario
356 3057 453 3144 hujus
467 3057 615 3126 dioeoesis
632 3057 796 3124 scribetur
807 3061 841 3124 in
852 3058 940 3124 lnnno
962 3055 1096 3124 modurn
1114 3079 1126 3124 :

25 3227 27 3236 .
144 3201 161 3239 «
177 3181 217 3243 Iu
234 3184 352 3242 nomiu
371 3181 504 3242 Domiui.
523 3180 627 3240 Amen.
641 3203 687 3224 *a
699 3179 775 3240 Curi
799 3179 981 3240 reverendus
999 3179 1056 3256 ll,
1084 3193 1220 3240 renerus·

100 3297 219 3358 dissilui
243 3297 383 3376 Episcopi
403 3299 501 3358 uestri
520 3297 559 3358 ll.
579 3296 716 3356 Vicorius
738 3295 899 3374 pecualis,
922 3295 1079 3376 recepisset
1096 3311 1120 3355 a
1140 3309 1221 3356 esoc-

101 3417 189 3478 rerulo
215 3417 245 3478 N
249 3460 270 3492 .,
299 3418 332 3476 iu
353 3416 471 3476 dioecesi
495 3413 548 3490 ll,
578 3415 696 3475 Viecrlo
714 3413 849 3493 peperoli
875 3418 904 3474 et
929 3413 1085 3474 ordinario
1097 3413 1214 3492 judice,

100 3533 243 3612 quasdem
266 3531 385 3592 litteras
406 3531 632 3609 remissorteles,
656 3549 721 3611 qua
741 3535 948 3613 luopiuut...,
968 3537 998 3591 rt
1015 3530 1215 3608 aaut,

100 3653 128 3710 et
146 3655 218 3711 saul
243 3651 353 3710 tuuis
377 3653 536 3728 sequentis,
562 3649 700 3711 tidelm
732 3646 779 3733 (et
796 3643 842 3710 tot
871 3644 1057 3710 inserantur
1082 3643 1148 3708 ills
1170 3643 1221 3710 lit·

100 3761 190 3848 terre)
212 3786 219 3830 :
238 3767 304 3828 icleo
317 3767 467 3845 proejlrlus
485 3765 664 3827 reoereurlus
679 3766 709 3827 Ν
713 3811 719 3826 .
724 3807 734 3841 ,
754 3766 891 3826 itarius
916 3760 1066 3844 patratu
1083 3762 1216 3822 duravit

96 3890 186 3964 prout
200 3883 313 3964 dejure
324 3899 376 3944 eas
385 3885 552 3944 eoeeullou
568 3881 760 3944 demoudue.
777 3883 967 3960 Quaproptsr
986 3883 1088 3940 rurale
1103 3880 1219 3941 laturre

102 4002 154 4078 N„
174 4003 265 4061 ouria
277 4003 388 4061 nostra
409 3999 585 4080 episcopalis
609 3998 729 4078 priolico
750 4000 868 4073 curuo,
891 3999 920 4057 ei
930 3999 1122 4076 pruritum
1145 3998 1220 4057 eilo-
1286 4011 1290 4018 ·

100 4117 208 4178 tionem
227 4118 425 4196 eouslpraoil,
447 4117 579 4196 eljusstt
592 4120 627 4176 ul
647 4114 780 4175 camum
797 4113 918 4176 domitu
936 4095 1064 4177 nodosa
1080 4115 1133 4188 lt,
1150 4129 1220 4192 pers

99 4229 244 4296 spiraliter
250 4233 298 4296 vel
308 4234 391 4295 domi
403 4233 500 4294 solilre
514 4231 713 4292 iubilationis
724 4233 894 4293 intimaret.
910 4233 970 4309 (lui
983 4231 1217 4292 dietusnualius

99 4353 140 4413 ccl
153 4364 199 4414 oie
212 4353 383 4414 calculum
398 4363 547 4427 uiuus,
566 4342 682 4426 ruunt,
705 4365 735 4409 se
749 4347 880 4428 praefate
899 4348 1025 4410 Aurlrea
1044 4348 1073 4409 N
1077 4388 1100 4422 .,
1116 4355 1218 4426 persn—

101 4470 223 4548 uoliter,
248 4475 337 4551 prout
359 4473 391 4533 iu
408 4468 561 4546 raalaio,
590 4469 762 4530 ciloliouera
785 4468 954 4542 intimasse,
984 4466 1069 4549 copia
1093 4463 1211 4526 relicto.
