2930 5114
590 342 709 390 'innan
1145 327 1209 390 625

1162 439 1191 482 Pa
1209 471 1214 481 .

216 511 431 562 nendarestitutiu?
437 545 768 562 ...........
795 557 798 562 .
827 547 1135 565 ..........
1166 451 1215 561 4ἳέ

134 595 146 660 5
161 597 193 646 ll.
209 598 242 646 lle
256 598 373 646 aratoribus
386 605 408 644 et
417 597 516 646 testibus
536 595 685 644 admittendis
697 596 732 644 tel
751 595 883 657 rejiciendis
898 597 922 644 in
934 598 1011 645 causis
1022 599 1144 647 matrimo-

166 683 267 731 nialibus
292 715 1135 735 ..........................
1165 687 1214 734 tau

168 769 275 828 manento
292 772 324 816 1¹.
341 769 452 826 Quisnam
466 769 615 830 agoreualeat
629 767 656 815 ad
671 767 846 829 impediendum
858 770 1031 817 matrimonium
1047 769 1149 818 noudum

202 856 301 904 initum?
325 887 1136 905 .........................
1167 855 1215 902 459

126 921 130 928 ”
166 940 273 998 causato
290 941 326 987 41,
341 939 398 996 Quis
408 939 498 987 admitti
512 939 595 988 debeat
605 937 633 986 ad
644 939 770 1000 petendum
786 938 922 1000 divortium,
937 939 1012 1001 quoad
1028 941 1149 990 cohabita-

200 1024 599 1074 tionemettorumdumtauatt..
625 1060 632 1074 .
659 1063 679 1093 ..
692 1059 1135 1077 ..............
1166 1027 1215 1074 450

170 1111 278 1169 (lucratio
290 1112 326 1160 5¹.
342 1111 441 1167 Quinam
453 1111 476 1157 in
489 1109 577 1171 judicio
590 1117 668 1172 petere
682 1109 774 1172 possint
790 1119 815 1158 nt
829 1111 1001 1159 matrimonium
1020 1111 1152 1160 declaretur

201 1196 305 1245 nullum?
322 1230 1131 1247 .........................
1165 1197 1213 1246 450

171 1281 278 1339 Quaestio
299 1284 335 1330 l¹.
351 1282 450 1338 Quinam
464 1283 493 1330 ab
507 1280 637 1329 accusanda
660 1281 801 1329 matrimonii
818 1283 925 1330 nullitate
947 1281 1073 1342 repellendi
1089 1283 1154 1331 sint?
1170 1286 1215 1331 454

172 1365 279 1424 (iunctio
301 1369 336 1413 5².
348 1366 446 1422 Quinam
457 1374 527 1415 testes
542 1365 694 1414 admittantur
711 1365 740 1414 ad
756 1365 918 1428 deponendum
941 1367 970 1416 de
985 1367 1090 1415 nullitate
1104 1381 1156 1415 ma-

205 1451 317 1511 trimonii,
332 1451 356 1498 in
369 1435 427 1498 facie
441 1450 551 1498 Ecclesiae
565 1451 693 1499 contracti?
705 1484 1138 1503 ..............
1169 1452 1218 1502 aaa

173 1535 281 1594 Quaestio
291 1537 327 1584 6².
339 1534 459 1592 Quodnam
473 1537 503 1584 sit
515 1542 605 1597 tempus
615 1536 676 1584 intra
688 1535 759 1598 quod,
771 1537 810 1598 qui
820 1537 961 1586 matrimonii
973 1538 1101 1586 nullitatem
1114 1551 1154 1587 ac-

193 1624 281 1678 cusat,
294 1617 371 1667 audiri
383 1619 504 1670 debeatl.
533 1641 549 1671 .·
563 1655 1139 1675 ..................
1172 1628 1220 1673 455

140 1699 153 1762 5
165 1701 208 1750 lll.
220 1703 254 1750 lie
265 1715 347 1752 norma
356 1705 494 1766 procedendi
504 1719 518 1753 a
533 1705 655 1754 Benedicto
664 1707 718 1753 xlv
736 1714 822 1754 statuta
833 1705 857 1754 in
878 1708 955 1755 causis
976 1709 1090 1756 nullitatis
1102 1723 1155 1758 mu·

173 1788 276 1836 trimonii
293 1825 1140 1846 ..........................
1170 1798 1218 1845 454

173 1872 302 1923 Punctum
319 1875 341 1923 1.
361 1875 394 1924 lle
413 1875 573 1925 constituendo
596 1877 620 1924 in
637 1889 774 1939 unaquaque
796 1875 890 1924 dioecesi
913 1877 1054 1926 matrimonii
1079 1878 1157 1926 deten-

206 1971 259 2006 sore
266 1993 1143 2014 ...........................
1175 1967 1223 2013 454

176 2041 305 2094 Punctum
322 2045 359 2094 11.
378 2046 489 2102 Quisnam
504 2045 535 2095 sit
549 2047 657 2096 defensor
667 2048 808 2096 matrimonii
827 2048 851 2095 in
871 2047 972 2096 secunda
986 2048 1105 2112 instantia,
1117 2063 1158 2098 ex-

207 2137 243 2177 tra
258 2132 372 2180 Romam?
378 2167 1044 2185 .....................
1045 2138 1078 2186 ·.
1106 2171 1113 2185 .
1138 2172 1146 2186 .
1176 2139 1225 2184 455

175 2213 304 2264 Punctum
319 2216 372 2264 111.
388 2218 498 2274 Quisnam
517 2220 547 2267 sit
559 2218 666 2267 defensor
682 2219 832 2280 matrimonii,
844 2219 936 2282 quando
955 2233 1024 2269 causa
1036 2222 1157 2270 matrimo-

206 2302 275 2350 nialis
288 2299 365 2350 llomaa
374 2303 499 2364 judicanda
513 2308 562 2354 cstt
568 2339 1140 2360 ..................
1170 2307 1219 2357 456

174 2385 303 2436 Punctum
321 2386 367 2438 1t'.
388 2389 508 2446 Quodnam
536 2389 566 2437 sit
579 2389 678 2438 officium
698 2388 828 2438 defensoris
852 2391 1013 2440 matrimonii?
1038 2429 1044 2443 .
1070 2429 1077 2442 .
1105 2427 1111 2441 .
1139 2429 1146 2442 .
1176 2393 1225 2440 456

174 2470 303 2520 Punctum
323 2472 352 2524 V.
373 2473 409 2519 ln
423 2477 446 2518 et
456 2477 571 2532 quatenus
596 2472 625 2520 ad
639 2485 765 2534 processus
786 2472 887 2520 valorem
902 2485 997 2521 necesse
1012 2474 1043 2522 sit
1056 2473 1157 2523 interae-

206 2558 256 2605 nire
270 2555 416 2606 defensorem
438 2556 580 2604 matrimonii
594 2592 1140 2609 .................
1172 2560 1224 2620 458

177 2640 309 2691 Punctum
332 2643 376 2692 Vt.
406 2643 468 2699 Quat
481 2642 629 2704 requirantur
651 2643 769 2691 sententiae
790 2640 921 2690 conformes
936 2642 965 2690 de
988 2643 1093 2693 nullitate
1107 2657 1158 2692 ma-

209 2727 470 2789 trimonii‚ntliberum
488 2727 664 2788 sitconjugibus
687 2726 715 2774 ad
728 2740 800 2775 nouas
817 2728 911 2787 nuptias
921 2729 1078 2778 convolaret.
1105 2766 1111 2779 .
1138 2765 1146 2779 .
1175 2733 1224 2779 459

175 2809 304 2861 Punctum
326 2812 557 2865 V11.dnetunde
578 2811 713 2860 solvendum
731 2811 932 2860 matrimoniorum
955 2811 1071 2862 defensori
1096 2815 1157 2863 sala-

208 2899 282 2948 rium?
302 2932 1143 2951 ..........................
1174 2905 1223 2952 440

176 2980 304 3032 Punctum
328 2984 400 3036 Vm.
427 2987 571 3043 Quibusnam
584 2986 608 3034 in
625 2984 702 3033 causis
720 2983 931 3044 matrimonialibus
945 2983 1095 3033 observanda
1111 2987 1158 3034 sint

208 3069 360 3118 Benedictinae
385 3071 556 3120 constitutionis
570 3070 735 3132 dispositioncs
766 3103 1140 3122 ............
1171 3076 1216 3122 444

177 3155 307 3206 Punctum
322 3156 368 3206 IX.
383 3158 418 3204 nn
433 3156 580 3204 Benedictina
603 3155 736 3204 constitutio
751 3152 896 3202 obseruanda
913 3153 983 3201 etiam
1001 3155 1032 3203 sit
1045 3156 1069 3203 in
1088 3171 1153 3220 casu,

211 3255 257 3303 quo
282 3241 423 3290 matrimonii
443 3242 538 3289 nullitas
560 3240 655 3289 evidens
681 3253 722 3287 seu
745 3238 836 3286 notaria
854 3239 956 3288 existat?
970 3275 1143 3295 ......
1143 3233 1147 3242 ’
1174 3247 1219 3294 441

181 3325 310 3378 Punctum
327 3326 359 3375 X.
375 3327 410 3374 An
433 3341 460 3375 ex
475 3327 624 3375 Benedictina
644 3325 808 3373 constitutione
824 3333 944 3387 sequatur,
963 3325 1010 3386 jam
1025 3341 1070 3377 non
1086 3343 1156 3391 posse

210 3425 292 3460 causas
314 3412 493 3462 matrimoniales
517 3427 558 3474 per
580 3411 677 3461 lormam
697 3409 817 3458 summarii
840 3409 923 3470 judicii
945 3410 1048 3473 expediri
1069 3448 1075 3462 .
1103 3448 1109 3463 .
1136 3450 1143 3464 .
1172 3417 1221 3462 445

142 3492 207 3563 dlv·
218 3497 251 3544 lle
265 3510 345 3545 norma
363 3498 458 3560 speciali
471 3495 611 3559 procedendi
627 3498 651 3544 in
668 3511 738 3545 causa
755 3497 869 3544 nullitatis
885 3510 913 3544 ex
932 3497 1096 3558 impedimento
1110 3499 1155 3546 im-

175 3583 1227 3644 potentia..........................·.itti

142 3665 157 3736 fl
169 3667 198 3716 V.
214 3669 247 3716 lic
264 3669 332 3718 modo
345 3669 458 3718 seruando
476 3668 552 3731 quoad
566 3667 751 3730 dispensationes
765 3668 906 3715 matrimonii
918 3667 961 3715 rati
982 3681 1028 3716 non
1048 3675 1157 3742 consum-

177 3757 233 3805 mati
240 3787 1148 3808 ............................
1176 3757 1225 3804 454

144 3841 209 3906 §Vl
222 3843 308 3890 Norma
321 3839 490 3890 informationis
500 3838 616 3900 capiendae
630 3837 659 3886 de
673 3845 733 3886 statu
745 3838 819 3887 libero
832 3850 922 3898 eorum,
933 3837 973 3899 qui
987 3838 1159 3887 matrimonium

177 3927 236 3976 inire
249 3927 328 3974 uolunt
341 3955 1113 3976 ........................
1125 3917 1146 3972 ⁸.
1177 3927 1226 3975 458

178 4011 309 4062 Punctum
322 4012 345 4060 1.
358 4011 532 4060 Praemittuntur
548 4010 592 4057 hac
605 4008 634 4056 de
645 4021 671 4056 re
685 4015 789 4056 emanata
803 4007 895 4056 decreta
904 4007 1079 4058 ecclesiastica.
1106 4045 1113 4060 .
1140 4048 1146 4060 ,
1177 4011 1226 4060 458

178 4097 310 4147 Punctum
322 4096 359 4145 11.
377 4089 520 4158 Expetlditur
538 4093 655 4158 quodnam
674 4107 701 4142 ex
720 4093 847 4155 premissis
864 4092 963 4142 decretis
979 4094 1018 4153 jus
1039 4107 1159 4143 commune

211 4184 300 4232 oriatur
313 4213 1151 4234 ..........................
1178 4183 1228 4233 465

180 4268 311 4318 Punctum
323 4268 376 4316 111.
389 4269 425 4316 An
441 4273 464 4315 et
477 4273 590 4330 maternus
603 4266 732 4327 expositum
747 4265 786 4326 jus
804 4277 925 4314 commune
943 4265 1069 4315 hodiedum
1084 4267 1162 4328 vigere

212 4354 352 4404 censendum
364 4355 394 4402 alt
412 4389 419 4411 .,
444 4385 1151 4405 ......................
1180 4357 1230 4404 465

113 4443 181 4494 cll).
194 4441 234 4491 lV.
253 4441 339 4490 Noctua
351 4437 490 4503 procedendi
503 4440 527 4487 in
540 4438 618 4487 causis
631 4437 744 4488 nullitatis
756 4435 909 4499 professionis
922 4437 1048 4501 religiosae.
1080 4478 1087 4490 .
1113 4477 1120 4491 .
1147 4477 1153 4490 .
1183 4443 1230 4494 466

260 4530 291 4587 ll.
1091 4526 1127 4586 40
