2930 5114
244 317 308 383 560
590 329 778 380 ruacrarus
800 328 844 378 uu
866 325 1016 376 ruurmrs.

243 461 391 526 tribunali
406 459 520 552 sedem,
534 459 599 520 alta
622 475 690 520 uoce
712 459 785 538 lepit
807 459 985 518 senteutiam
1003 451 1204 534 definitivam,
1222 473 1281 535 pure
1300 462 1336 516 ut
1450 451 1451 460 ’

242 579 414 661 lrujuuuodi
428 597 438 638 :

289 713 312 784 u·
325 695 407 756 Visis
416 699 446 754 et
460 693 656 756 consideratis
669 691 832 770 dilipeutcr
846 691 982 752 omuibus
1002 695 1031 750 et
1045 691 1176 769 siupults
1192 693 1302 753 iudiciis
1314 697 1336 752 et

238 811 466 892 probationibus
485 827 585 870 caram
599 808 798 886 meliusculis,
814 813 848 869 iu
860 824 1001 887 processu
1023 807 1171 885 [curuato
1184 813 1280 869 ccalra
1294 810 1337 870 dc·

242 931 358 988 mimum
377 928 528 990 Audream
541 927 581 988 Ν.
587 973 598 1004 ,
609 925 829 1006 presbyterum,
845 925 1038 1003 diffamatum
1054 922 1122 1008 (seu
1135 925 1334 1001 euuamumm,

242 1061 300 1108 scu
314 1039 494 1127 accusatum)
514 1044 683 1105 decrimiue
697 1039 766 1125 (seu
781 1035 966 1122 criminibus)
981 1041 1017 1102 de
1044 1059 1100 1120 quc
1115 1038 1184 1125 (seu
1193 1042 1228 1103 cic
1237 1038 1335 1123 quium)

245 1166 277 1224 lu
290 1165 368 1223 actis
381 1180 391 1222 .·
406 1165 520 1222 atteuto
534 1163 655 1239 lumper
675 1160 754 1238 quael
772 1160 871 1219 dictus
886 1158 1023 1220 Andreas
1037 1161 1068 1221 N
1071 1205 1093 1234 .‚
1113 1159 1235 1221 uu'oois
1256 1159 1339 1220 delita

242 1279 341 1356 farma
350 1279 550 1357 peremptorie
563 1279 673 1337 citatus
689 1293 748 1336 mou
763 1278 974 1354 cmuparuerit‚
994 1278 1023 1334 ct
1039 1277 1082 1338 sic
1097 1277 1129 1336 iu
1145 1277 1340 1335 contumaciam

244 1394 411 1456 inciderit:
426 1394 519 1454 Deum
532 1391 626 1452 salum
636 1407 704 1470 pru
721 1389 979 1464 maturaremus,
1000 1407 1057 1470 per
1080 1390 1156 1451 hauc
1167 1395 1293 1452 uestram
1303 1390 1342 1450 de·

244 1509 397 1587 finitivam
407 1512 600 1586 seutentiam·
614 1526 702 1588 quam
723 1511 755 1568 iu
777 1507 824 1567 iris
840 1510 962 1586 scriptis
975 1508 1115 1584 terimam·
1131 1507 1308 1568 declaramus
1320 1511 1343 1566 cl
1450 1589 1451 1592 Ἴ

243 1629 456 1689 smcmtmmus
470 1626 622 1688 domiuum
649 1623 798 1686 tauream
812 1626 841 1686 N
845 1669 867 1698 .‚
883 1623 1102 1702 presbyterum,
1126 1641 1188 1684 esse
1201 1641 1279 1684 reum
1296 1621 1345 1706 [tc-
1450 1595 1451 1618 Χ

243 1741 283 1806 lis
297 1748 354 1807 mu
365 1741 478 1806 talium
492 1737 699 1815 delictorum,
716 1746 750 1803 et
774 1738 819 1804 ibi
834 1737 903 1802 luec
920 1734 1041 1802 delicta
1055 1731 1299 1819 exprimentum:
1317 1737 1346 1796 lc

243 1859 348 1938 acribus
374 1857 492 1920 delictis
513 1858 574 1936 suit
588 1855 770 1934 sufficienter
782 1856 948 1916 iudiciatus
961 1857 993 1914 tu
1013 1857 1101 1930 actis,
1122 1860 1152 1913 et
1166 1871 1232 1932 quar
1244 1854 1276 1914 oo
1296 1855 1347 1931 epu

243 1979 459 2037 contumaciam
479 1975 623 2036 ccuseucla
646 1976 716 2034 mur
732 1973 848 2052 abipso
869 1971 1013 2049 consessa.
1031 1972 1221 2050 Quapropter
1246 1969 1350 2030 delictis

243 2110 344 2172 poeuas
358 2097 637 2167 commemurautcs,
658 2093 762 2150 coutra
782 2089 945 2167 prefatum
960 2085 1110 2148 Auelream
1129 2087 1167 2147 N.
1185 2088 1363 2164 pronuntia-⁴

247 2225 312 2268 mus
327 2225 445 2287 partam
460 2209 662 2288 suspcuucuis
677 2223 696 2266 a
709 2205 834 2281 diuinis,
848 2221 900 2264 mec
920 2221 979 2264 mou
994 2204 1191 2282 depositionis
1203 2203 1241 2262 alr
1259 2201 1351 2279 officiis

247 2330 276 2385 et
291 2324 439 2401 beneficiis
463 2324 653 2404 quimcstibet,
679 2326 708 2383 ct
735 2321 855 2383 taudem
885 2295 1015 2400 majaric
1034 2322 1348 2380 cecorumumicutimu.

250 2442 298 2502 lta
312 2440 365 2501 lroc
383 2447 412 2502 ct
423 2443 504 2501 omui
513 2441 630 2502 meliori
648 2439 745 2499 morto.
762 2437 840 2498 Lata
862 2437 979 2497 lectuet
996 2435 1155 2515 publicata
1173 2436 1235 2513 fruit
1258 2436 1348 2507 die...‚

248 2561 413 2634 mmsis...‚
435 2573 556 2618 acuo...
578 2589 620 2602 -
640 2556 908 2616 Praauutiautmus
926 2557 1074 2631 utsupra.
1094 2583 1139 2600 -
1152 2553 1184 2614 N
1188 2599 1209 2628 .‚
1230 2553 1351 2614 Vicarim

249 2673 407 2754 pomerolis.
426 2707 468 2720 -
485 2673 514 2735 Ν
517 2718 538 2749 .,
556 2674 721 2733 actuarius.
743 2691 758 2727 u

676 2954 810 3021 CAPUT
830 2955 942 3024 xilv.

315 3225 426 3274 FORMA
444 3223 595 3274 uuuuum
613 3223 748 3285 Quauno
766 3223 850 3272 REUS
868 3221 1006 3270 uxclcmu
1023 3222 1151 3272 CONTRA
1169 3221 1308 3272 Junlcuu

618 3340 777 3402 ruuQuAu
802 3340 1002 3390 suseucwu.

298 3611 369 3675 lum
394 3626 491 3694 supra
515 3610 620 3694 capite
637 3611 655 3671 5
672 3605 824 3672 dedimus
849 3607 1022 3672 formulam
1046 3607 1150 3674 libelli
1174 3609 1355 3703 exceptori,

253 3742 349 3810 quem
370 3723 533 3807 excipiens
551 3720 652 3787 debet
674 3719 776 3806 judici
795 3722 981 3804 porrigerc;
1004 3729 1039 3789 et
1057 3723 1165 3807 cupite
1189 3728 1223 3788 ll
1248 3723 1357 3789 iudicu-

253 3839 357 3904 vimus
370 3857 433 3924 qua
449 3837 554 3903 forma
569 3836 694 3916 arbitri,
710 3837 743 3900 in
759 3835 819 3901 hoc
834 3855 910 3902 cusu
934 3837 1163 3917 constituendi,
1181 3857 1357 3924 processum

251 3957 393 4040 incipere
424 3958 565 4023 valeam.
591 3956 750 4020 Remunet
781 3954 833 4019 hic
867 3953 1102 4034 exhibendum,
1131 3955 1292 4042 quomodo
1322 3953 1357 4018 ab

251 4073 365 4140 iisdem
383 4074 512 4140 arbitris
531 4068 689 4157 ejusmodi
716 4089 886 4154 processus
901 4071 943 4136 sit
958 4071 1195 4140 continuandus
1209 4083 1244 4140 et
1258 4072 1356 4139 term·-

252 4188 388 4256 ruaudus.
