2838 5114
245 329 306 392 354
590 342 778 389 rasc'mnns
801 345 844 390 nn
866 343 1014 390 inntens.
1041 319 1044 324 ’

241 472 334 552 tiara,
355 469 499 536 utilis-ne
515 469 567 547 sit,
584 487 627 536 an
642 468 749 545 noxn,
775 466 949 553 cujuslibet
968 485 1087 538 aorum
1104 467 1228 538 subditi
1243 467 1283 536 ad
1301 489 1341 536 sa·

242 607 314 652 cros
330 586 461 652 ordines
476 585 655 670 promotio;
681 585 741 653 sed
765 586 879 670 utique
897 585 1075 654 voluerunt
1092 584 1129 650 id
1148 588 1343 669 pronuntiare

241 704 436 787 Episcopum
462 723 505 768 en
533 703 656 768 motivo
691 707 750 767 seu
778 721 874 768 causa
906 701 1119 780 rationabili,
1149 721 1215 766 non
1249 709 1345 767 auten

241 839 331 886 ccaco
350 826 458 899 motu,
479 838 539 886 seu
553 839 613 903 pro
627 837 718 884 mero
730 819 838 884 libitu.
858 820 990 888 Etcum
1003 819 1152 884 absolute
1171 819 1346 902 contingere

240 934 434 1021 quandoque
449 936 566 1019 possit,
589 943 626 1002 ut
636 935 828 1020 Episcopale
844 934 886 1000 de
902 935 963 1000 hac
973 955 1010 1002 re
1023 933 1184 1019 judicium
1195 935 1298 1000 minus
1307 953 1346 1000 re

239 1059 329 1117 ctum
346 1053 402 1130 sit,
422 1050 499 1116 ideo
519 1059 627 1134 patet,
652 1058 690 1116 ut
709 1070 807 1135 supra
826 1051 1053 1135 probavimus,
1079 1049 1123 1116 ad
1138 1050 1258 1116 Sedem
1275 1051 1346 1134 Apo

237 1167 384 1235 stolicam
397 1186 562 1246 recursus.
581 1168 743 1234 Caeterum
758 1167 835 1234 inde
855 1168 956 1233 etiam
973 1167 1114 1250 perspici
1142 1172 1254 1250 potest
1268 1164 1346 1250 obje

237 1285 355 1350 ctionis
367 1284 525 1362 inanitas,
543 1283 634 1368 quod
652 1284 747 1350 nimis
762 1283 894 1367 probet.
914 1283 996 1348 Nam
1010 1283 1246 1365 Episcoporum
1261 1282 1346 1348 etiam

234 1399 358 1485 judicio
375 1399 584 1486 relinquitur,
600 1408 636 1464 ut
649 1399 989 1466 excommunicationis
1001 1396 1119 1480 gladio,
1134 1405 1236 1480 prout
1245 1416 1347 1480 oppor-

238 1523 355 1582 tunum
371 1516 535 1594 duxerint,
555 1514 676 1580 delicta
697 1521 883 1590 coerceant.
904 1515 983 1594 Quis
1004 1521 1114 1580 autem
1130 1521 1242 1580 mente
1262 1531 1346 1580 sanus

236 1631 314 1698 inde
343 1631 534 1710 concludat,
566 1651 659 1715 posse
692 1631 868 1716 Episcopus
906 1630 1027 1714 ahsqrre
1059 1628 1146 1714 justa
1176 1649 1272 1696 causa
1297 1649 1346 1696 ex·

237 1749 542 1814 communicationes
569 1748 757 1834 fulminare,
790 1755 848 1814 aut
870 1747 910 1814 ab
930 1748 1259 1814 excommunicatoria
1283 1763 1346 1812 sen·

235 1867 338 1932 tentia
352 1885 417 1931 non
432 1864 504 1930 dari
521 1865 800 1949 appellationem?

292 1985 418 2063 objicies
444 1984 478 2045 2⁰
516 1980 685 2047 Ordinatio
718 1988 768 2072 est
792 1988 884 2046 actus
916 1981 1063 2064 gratiose
1097 1978 1344 2065 jurisdictionis3

236 2096 296 2164 sed
309 2096 397 2182 quod
408 2098 555 2181 gratiose
575 2096 809 2181 jurisdictionis
823 2106 890 2175 est,
909 2103 1018 2180 potest
1036 2115 1097 2180 pro
1112 2097 1209 2164 libitu
1226 2097 1346 2182 Episco-

236 2231 298 2296 pus
325 2211 506 2278 concedere
534 2213 590 2278 val
617 2212 797 2297 denegare,
833 2233 954 2298 ergo...
985 2251 1031 2262 --
1056 2212 1252 2298 Respondeo
1275 2211 1345 2278 nihl

234 2330 336 2413 magis
359 2330 486 2396 variare
509 2327 599 2414 apud
626 2337 796 2408 auctores,
830 2347 926 2415 quam
950 2331 1099 2414 gratiosa
1122 2328 1345 2414 jureisdictionis

234 2447 413 2513 notionem.
429 2447 467 2510 In
478 2465 574 2531 quam
584 2445 818 2514 dimensionem
828 2468 869 2514 ne
881 2447 933 2512 hic
947 2445 1181 2532 ingrediamur,
1198 2447 1341 2514 dicimus:

234 2564 263 2628 si
272 2565 411 2646 gratiosa
419 2560 602 2646 jurisdictio
616 2563 650 2626 in
663 2564 701 2628 iis
712 2571 899 2646 reponatur,
918 2581 989 2646 quae
1000 2563 1179 2646 Episcopus
1193 2581 1253 2646 pro
1260 2562 1344 2628 libita

234 2685 269 2742 et
281 2677 403 2760 absque
417 2696 512 2743 causa
523 2678 666 2762 legitima
680 2698 821 2744 renuere
837 2678 893 2744 vel
905 2677 1086 2744 concedere
1100 2686 1233 2761 potest,
1258 2695 1343 2762 nega-

235 2812 307 2860 mus
325 2800 477 2878 mojorem,
499 2814 617 2878 nempe
639 2795 877 2862 ordinationem
898 2793 942 2860 ad
968 2796 1140 2878 gratiosam
1158 2794 1343 2880 jurisdictio

235 2930 311 2975 nem
326 2911 507 2994 pertinere.
535 2912 590 2990 st,
611 2921 649 2976 ut
665 2913 781 2978 volunt
805 2913 879 2989 clii,
905 2910 941 2977 id
954 2910 1187 2996 jurisdictionis
1210 2912 1342 2996 gradosa

236 3028 403 3110 proprium
419 3029 477 3106 sit,
495 3037 532 3094 ut
552 3029 653 3111 possit
664 3030 842 3112 Episcopus
856 3027 927 3113 ejus
942 3037 1034 3096 actus
1052 3028 1343 3114 cntra-judicialiter

237 3143 419 3226 explicare,
443 3142 605 3208 ordinatio
624 3143 758 3228 quidem
777 3151 811 3210 et
830 3143 1041 3210 ordinationis
1061 3145 1227 3210 recusatio
1249 3142 1288 3210 ad
1299 3141 1343 3226 ja·

236 3258 458 3326 risdictionem
482 3261 654 3344 gratiosam
677 3261 876 3344 pertinebit;
896 3259 952 3352 scd
967 3261 1001 3324 in
1019 3261 1081 3325 hoc
1105 3280 1205 3327 sensu
1218 3266 1342 3345 negatur

235 3382 352 3470 minor,
369 3360 498 3460 nempe,
521 3360 681 3462 quidquid
699 3378 845 3460 gratiose
865 3375 1100 3462 jurisdictionis
1125 3386 1176 3444 est
1204 3395 1294 3462 posse
1307 3373 1342 3442 ab

236 3492 395 3577 Episcopo
405 3513 464 3577 pro
476 3495 573 3562 libitu
587 3493 724 3560 concedi
738 3503 773 3560 et
789 3496 911 3578 negari.
924 3493 1019 3560 Unde
1033 3493 1176 3579 objectio
1186 3495 1342 3562 hacmero

237 3609 431 3693 sophismate
449 3617 519 3677 tota
536 3612 663 3676 nititur.
1086 3596 1090 3602 ’

282 3727 459 3792 Lrnmfflo
488 3728 555 3791 ΥΡ.
574 3763 618 3776 -
634 3733 772 3791 Potestne
790 3731 966 3809 episcopalis
990 3729 1111 3790 danicos
1131 3747 1171 3791 ec
1191 3731 1341 3810 informata

236 3849 415 3907 cmcscieotiu
431 3847 630 3925 suspendendi
636 3893 646 3924 ,
661 3845 861 3927 probabiliter
886 3865 946 3908 non
959 3847 1136 3908 eetendttnr
1157 3849 1200 3908 nd
1211 3847 1341 3928 privatio

236 3980 303 4023 non
319 3960 453 4038 beneficii
470 3963 517 4022 ool
539 3963 692 4040 fructuum
712 3961 865 4040 beneficit,
890 3963 943 4024 sed
962 3967 1080 4024 tantum
1099 3963 1142 4023 ad
1151 3965 1341 4042 privationem

237 4076 329 4154 officit
353 4080 401 4136 cut
430 4081 601 4138 annectitur
627 4076 811 4154 beneficium.
838 4113 884 4124 -
908 4077 934 4140 I.
953 4076 1086 4140 Putavit
1111 4073 1281 4141 adnotator
1306 4068 1341 4136 ad

236 4191 420 4258 Ferrarium
446 4190 592 4257 nondum
614 4212 672 4257 suo
699 4200 848 4276 tempore
869 4191 1015 4258 decisum
1038 4191 1156 4273 fuisse,
1185 4213 1225 4258 an
1243 4192 1341 4274 posset

236 4307 374 4374 clericus
398 4327 439 4371 ex
454 4308 626 4373 informata
651 4310 843 4375 conscientia
871 4308 1024 4393 suspendi
1047 4329 1065 4374 a
1084 4307 1264 4390 beneficio;
1290 4299 1340 4368 sed
