2914 5122
245 370 307 432 tao
594 380 781 428 rnacrnrus
804 385 848 428 na
870 383 1018 429 auotcns.

246 535 260 570 a
280 509 371 574 haec:
392 506 433 572 de
450 507 654 590 praesbytero
671 526 760 582 vero,
781 507 834 572 vel
851 505 998 591 quolibet
1013 507 1217 574 sacerdotea
1239 510 1355 593 populo

244 631 438 703 «accusato,
460 625 485 689 si
514 625 597 688 certi
615 643 680 688 non
703 625 826 689 fuerint
853 632 964 701 testes
987 626 1042 709 qui
1057 625 1288 690 criminiillato
1303 645 1357 708 ap-

245 765 261 804 «
281 741 422 825 probent
437 739 620 818 veritatem,
636 739 864 824 jusjurandum
879 743 942 806 erit
957 743 990 805 in
1005 741 1124 818 medic,
1150 750 1185 808 et
1205 741 1299 806 iilum
1312 749 1358 808 te·

244 883 260 921 u
273 865 355 924 stem
368 857 512 941 proferat
529 856 569 921 de
582 858 771 923 innocentiae
782 877 846 922 suae
862 858 1016 939 puritate,
1032 858 1085 922 cui
1100 857 1187 923 nuda
1199 867 1234 924 et
1248 867 1358 944 aperta

245 999 261 1038 a
278 983 355 1041 sunt
366 976 483 1041 omnia.
499 975 565 1038 Ista
581 993 658 1038 vero
676 975 782 1038 omnia
796 974 871 1058 quio
885 973 970 1038 vires
990 981 1117 1038 nostras
1132 973 1311 1054 excedunt,
1328 975 1360 1040 in

247 1091 398 1176 «judicio
414 1092 646 1174 Episcoporum
663 1087 756 1174 juxta
769 1090 954 1156 canonicam
965 1089 1163 1154 sanctionem
1175 1088 1360 1156 delinienda
1448 1079 1449 1086 ἶ

245 1207 502 1292 «relinquimus.
521 1231 537 1267 »
559 1205 664 1293 (Apud
680 1204 791 1282 blansi,
809 1212 889 1270 tom.
910 1208 961 1290 13,
984 1224 1057 1289 pag.
1076 1203 1196 1290 1058.)

289 1330 322 1390 7⁰
346 1328 396 1388 aa
424 1325 642 1406 capitularibus
676 1325 780 1386 Caroli
812 1327 926 1403 Mupui.
953 1359 997 1368 —
1020 1321 1057 1385 ln
1082 1321 1256 1404 capitulari
1283 1326 1358 1398 398.

241 1441 316 1506 libri
333 1443 350 1504 5
370 1441 412 1526 (iu
423 1438 565 1504 editione
577 1438 705 1515 balusii,
721 1437 861 1516 ParisiiS,
879 1440 938 1504 167
945 1446 975 1514 7,
991 1444 1071 1502 tom.
1092 1441 1121 1516 l,
1147 1439 1264 1522 pagina
1283 1437 1359 1522 908)

243 1559 287 1622 sic
300 1556 411 1639 legere
427 1563 476 1620 est
496 1578 503 1619 :
528 1579 544 1616 a
564 1555 582 1618 J
586 1554 687 1619 udicis
704 1573 769 1618 non
786 1562 836 1619 est
852 1553 1030 1639 quemlibet
1042 1553 1191 1639 judicare
1211 1556 1265 1621 vel
1288 1574 1362 1620 con·

248 1695 264 1732 a
282 1669 435 1735 demnare
451 1671 574 1756 absque
598 1669 744 1752 legitimo
762 1677 963 1736 accusatore.
982 1671 1139 1752 Quoniam
1157 1679 1190 1736 et
1204 1672 1363 1736 Dominus

246 1811 262 1848 «
281 1786 399 1851 Judam
416 1787 523 1851 furem
537 1805 606 1851 esse
631 1785 772 1868 sciebat3
787 1785 846 1850 sed
858 1787 932 1871 quia
946 1805 1011 1850 non
1028 1792 1077 1851 est
1094 1795 1276 1864 accusatus,
1290 1787 1363 1855 ideo

246 1927 263 1964 a
280 1910 408 1968 nonest
424 1901 560 1986 ejectus.
578 1925 594 1962 u
609 1901 746 1968 Elidem
757 1901 871 1967 iisdem
882 1902 1029 1966 terminis
1043 1903 1186 1982 recurrit
1196 1901 1230 1967 in
1242 1906 1364 1989 capitu·

242 2020 306 2084 lari
323 2023 408 2097 381,
418 2019 493 2084 libri
515 2019 597 2082 sexti
616 2017 714 2104 (apud
733 2017 908 2095 balusium,
932 2018 1029 2082 citato
1042 2025 1142 2096 tomo,
1163 2037 1236 2102 pag.
1265 2018 1357 2104 995).

290 2141 324 2201 8⁰
337 2141 461 2218 Exjurc
478 2140 619 2199 Romano.
632 2171 673 2183 -
689 2137 706 2200 J
710 2135 930 2201 urisconsultis
945 2136 1176 2218 exploratores
1188 2145 1251 2216 est,
1262 2137 1299 2200 in
1313 2157 1363 2203 ro·

245 2254 348 2319 manis
364 2252 491 2336 legibus
507 2252 611 2317 solum
628 2252 824 2336 regulariter
846 2253 960 2316 sanciri
985 2254 1221 2318 accusatorium
1233 2272 1367 2336 proces·

246 2389 329 2436 sum.
349 2370 510 2445 «Nocens,
529 2354 590 2432 nisi
602 2367 892 2444 accusatussuerit,
912 2368 1120 2433 condemnari
1132 2388 1198 2433 non
1212 2377 1365 2452 potest»

245 2485 354 2551 aiebat
379 2485 495 2550 Cicero
526 2484 597 2572 (pro
629 2489 742 2562 Roscio,
770 2504 798 2550 c.
827 2481 894 2567 20).
934 2483 1031 2565 Quod
1050 2493 1084 2550 et
1113 2505 1269 2569 expressa
1296 2488 1368 2572 lege

246 2602 405 2666 sancitum
416 2601 526 2666 fuerat
542 2624 548 2665 :
569 2624 584 2661 a
599 2599 630 2666 Si
645 2599 716 2684 quis
731 2608 956 2666 accusatorem
969 2620 1033 2666 non
1049 2600 1178 2679 babeat,
1189 2621 1255 2666 nou
1266 2599 1369 2668 debet

248 2743 265 2786 a
284 2717 460 2784 honoribus
479 2715 655 2802 prohiberi,
673 2714 946 2801 quemadmodum
962 2736 1027 2781 non
1042 2714 1142 2783 debet
1157 2718 1184 2782 is
1211 2717 1309 2803 cujus
1325 2739 1371 2785 aa·
1452 2738 1453 2746 ¹

250 2857 267 2895 a
281 2841 412 2899 cusator
427 2833 601 2898 destiterit.
611 2857 626 2893 u
645 2833 740 2920 (Lege
752 2835 784 2910 6,
804 2831 836 2898 u.
851 2836 887 2897 ue
900 2829 1098 2918 Muneribus.)

293 2950 546 3036 Exeipiebantur
555 2958 664 3016 tumen
675 2970 778 3035 pauca
790 2947 938 3035 quaedam
949 2953 1108 3017 atrociora
1121 2952 1267 3032 erimina,
1278 2927 1373 3020 verbi

252 3068 366 3151 gratia,
387 3065 555 3132 latrocinia
568 3065 709 3150 publica,
729 3085 800 3151 quae
814 3066 1050 3150 rempublicam
1063 3066 1097 3132 in
1108 3066 1286 3134 discrimen
1298 3088 1374 3154 age-

248 3187 328 3250 bant
346 3184 390 3248 :ii
409 3201 525 3266 nempe
535 3184 762 3249 malefactores
774 3183 1050 3268 inquirebantura
1067 3185 1166 3249 certis
1181 3183 1373 3252 officialibus

250 3320 308 3365 seu
324 3299 564 3382 inspectoribus
575 3298 722 3382 publicis,
739 3299 795 3384 qui
812 3298 993 3364 Irenarchae
1009 3298 1211 3364 vocabantur
1230 3321 1236 3365 :
1255 3299 1372 3388 hisque

247 3414 373 3480 licitum
386 3421 455 3480 erat
468 3423 580 3498 captos
600 3413 759 3499 ejusmodi
768 3433 840 3483 reos
854 3413 895 3483 ad
910 3414 1185 3500 tribunulabsque
1201 3417 1264 3483 aliu
1279 3437 1374 3482 uocu-

249 3539 355 3598 satore
363 3529 566 3624 judicandos,
584 3530 786 3615 pertrahere.
809 3531 859 3596 De
879 3550 942 3616 qua
954 3532 1143 3614 exceptione
1158 3533 1374 3602 satisconstat

251 3669 292 3713 ex
309 3649 524 3732 sequentibus
539 3647 666 3731 legibus
687 3670 694 3713 :

298 3763 484 3847 «Congruit
514 3763 600 3828 bono
617 3771 650 3828 et
675 3763 767 3846 gravi
787 3761 917 3846 praesidi
935 3780 1050 3827 curare
1078 3769 1115 3828 ut
1136 3769 1251 3846 pacata
1270 3773 1373 3852 atquc

251 3879 360 3963 quieta
379 3879 602 3961 provinciosit
631 3901 637 3944 :
661 3877 749 3963 quod
769 3898 833 3942 non
851 3877 981 3946 difficile
996 3877 1168 3955 obtinebit,
1191 3877 1217 3943 si
1233 3877 1374 3947 sollicite

250 4003 335 4078 agat,
351 4003 387 4060 ut
403 3997 492 4060 malis
507 3995 690 4061 huminibus
709 3995 873 4078 provincia
890 4003 1010 4072 eareat,
1029 4015 1149 4082 eosque
1164 3997 1344 4084 conquirat
1364 4021 1370 4063 :

251 4131 325 4175 nam
342 4115 376 4176 et
391 4113 581 4195 sacrilegos,
601 4111 760 4188 latrones,
777 4111 967 4194 plagiarioS‚
986 4111 1077 4176 iures
1096 4114 1291 4196 conquirere
1317 4113 1376 4179 de·

250 4227 322 4306 het,
348 4236 382 4293 et
398 4235 496 4312 prout
512 4229 647 4313 quisque
672 4226 862 4310 deliquerit,
892 4229 924 4290 in
950 4247 1024 4292 eum
1052 4226 1335 4295 animadvertere.
1358 4251 1373 4288 u

252 4343 350 4430 (Lege
375 4348 426 4422 13,
447 4344 478 4408 ff.
498 4348 534 4407 de
551 4345 654 4424 Officio
666 4340 831 4426 presidis.)

301 4485 316 4520 a
331 4461 374 4524 Ea
401 4459 533 4544 quidem
557 4480 627 4544 quae
655 4480 716 4544 per
735 4459 871 4525 officium
885 4459 1077 4545 presidibus
1111 4459 1366 4538 denuntiantur,
