2878 5114
479 341 559 390 raas
581 339 740 390 secunus.
1106 325 1166 390 461

73 464 234 530 «volentes
246 464 445 542 habitarunt,
467 464 521 530 vel
536 464 682 530 habitent
696 462 737 529 de
758 464 921 547 presenti.
943 465 1027 530 Item
1047 484 1088 530 an
1103 467 1172 549 ipse
1199 523 1206 532 ,

74 603 88 642 «
99 581 183 644 testis
198 581 276 645 sciat
287 580 427 664 aliquem
442 601 482 646 ex
493 579 658 663 praedictis
671 579 863 646 contrahere
877 579 1061 646 volentibus
1072 600 1173 665 quan-

71 693 194 780 «doque
208 695 355 762 hahuisse
378 716 512 763 uxorem
529 697 581 762 vel
602 697 773 775 maritum,
794 704 851 761 aut
870 696 1052 779 professum
1073 697 1172 764 fuisse

71 811 127 875 «in
137 812 239 896 aliqua
254 813 411 896 religione
423 812 614 896 approbata,
633 812 687 876 vel
702 812 882 894 suscepisse
897 813 1038 896 aliquem
1063 833 1105 878 ex
1123 833 1173 878 cr-

71 925 218 992 «dinibus
231 930 340 1006 sacris,
364 927 632 994 subdiaconatum
647 927 779 1006 seilicet,
796 926 1013 1006 maceratum,
1029 929 1082 994 vel
1097 947 1173 1012 pre·

71 1043 314 1128 «sbyteratum3
339 1045 390 1111 vel
414 1031 534 1110 habere
554 1041 644 1109 aliud
663 1040 950 1126 impedimentum,
969 1065 1010 1110 ex
1029 1063 1093 1128 quo
1109 1065 1173 1111 non

71 1161 191 1242 «possit
205 1160 352 1226 contrahi
370 1160 621 1226 matrimonium.
639 1158 727 1224 -Si
744 1178 823 1224 vero
835 1160 927 1226 testis
946 1160 1170 1244 responderit,

71 1293 158 1338 «non
182 1276 332 1342 hahuisse
361 1295 498 1342 uxorem
520 1276 574 1342 vel
600 1275 765 1352 maritum,
791 1293 897 1359 neque
924 1275 1013 1342 aliud
1038 1277 1175 1361 impedi-

71 1399 236 1456 «mentum
256 1399 418 1476 utsupra,

108 1510 420 1591 9⁰«1nterrogetur
442 1506 484 1572 de
510 1527 605 1572 causa
628 1509 787 1586 scientiae,
817 1515 852 1573 et
874 1527 916 1574 an
937 1507 979 1574 sit
1001 1509 1172 1592 possibile,

71 1645 84 1684 «
99 1622 180 1707 quod
197 1625 312 1708 aliquis
325 1623 440 1688 exiliis
453 1623 603 1689 hahuerit
619 1643 754 1688 uxorem
768 1623 823 1690 vel
839 1624 1001 1702 maritum,
1021 1627 1074 1691 vel
1087 1625 1176 1690 alind

71 1761 84 1798 «
98 1739 379 1822 impedimentum,
402 1748 435 1805 et
455 1739 543 1824 qnod
563 1741 632 1823 ipse
656 1741 747 1806 testis
769 1741 903 1806 nesciat.
922 1741 954 1806 st
969 1741 1177 1825 responderit

71 1854 298 1933 «affirmative,
323 1854 590 1939 supersedeatur,
617 1857 677 1920 nisi
703 1875 743 1920 ex
766 1857 837 1921 aliis
861 1856 1000 1922 testibus
1016 1857 1177 1940 probetur

71 1993 84 2029 «
98 1961 329 2036 concludenter
343 1990 407 2036 non
419 1971 567 2036 hahuisse
577 1990 712 2038 uxorem
723 1973 776 2038 vel
787 1973 951 2052 maritum,
967 1992 1075 2057 neque
1087 1972 1176 2040 aliud

72 2086 377 2171 «impedimentum.
394 2087 423 2152 Si
441 2106 521 2154 vero
533 2087 743 2172 responderit
757 2092 921 2174 negative,

109 2206 160 2268 10⁰
175 2227 189 2265 a
205 2206 434 2288 Interrogatur
449 2202 491 2268 de
507 2223 603 2269 cansa
619 2206 779 2283 scienda,
797 2224 838 2270 ex
858 2225 920 2290 qua
941 2205 1058 2274 deinde
1073 2207 1175 2292 judex

71 2320 249 2404 «colligere
278 2321 399 2400 poterit
419 2340 459 2384 an
488 2321 566 2386 testi
591 2322 632 2385 sit
654 2318 761 2386 danda
790 2321 885 2388 fides.
912 2323 943 2387 Si
968 2323 1177 2407 responderit

70 2435 286 2502 «contrahere
302 2435 450 2504 volentes
464 2436 615 2502 hahuisse
628 2455 765 2502 uxorem
782 2439 833 2504 vel
849 2441 1015 2519 maritum,
1028 2440 1087 2506 sed
1103 2461 1175 2508 esse

72 2573 85 2609 α
100 2561 254 2632 mortuos,

108 2674 191 2734 11⁰«
210 2671 440 2754 Interrcgetur
452 2669 494 2735 de
516 2669 587 2736 loco
601 2678 636 2734 et
647 2676 796 2754 tempore
812 2691 876 2756 quo
897 2679 972 2736 sunt
988 2674 1120 2752 mortui,
1143 2681 1177 2740 et

70 2785 252 2868 «quomodo
267 2787 335 2869 ipse
354 2787 446 2850 testis
458 2787 538 2850 sciat
550 2786 650 2850 lause
667 2785 832 2870 conjuges,
852 2792 886 2852 et
902 2807 988 2852 nunc
1002 2807 1072 2854 esse
1091 2808 1176 2854 mor-

71 2921 83 2955 «
95 2908 178 2968 tuos.
197 2902 239 2968 Et
249 2901 277 2966 si
285 2899 493 2985 responderit
505 2907 648 2966 mortuos
663 2901 761 2966 fuisse
771 2903 806 2965 in
818 2901 978 2985 hospitali,
992 2903 1045 2970 vel
1058 2903 1176 2970 vidisse

71 3035 84 3074 «
99 3018 225 3100 sepeliri
235 3017 271 3081 in
283 3023 373 3082 certa
385 3016 531 3094 ecclesia,
549 3017 603 3080 vel
613 3018 780 3083 occasione
791 3019 910 3082 militiae
922 3019 1067 3102 sepultos
1077 3021 1176 3086 fuisse

72 3131 290 3210 «amilitibus
311 3151 375 3196 non
391 3130 490 3196 detur
502 3132 632 3198 licentia
654 3131 878 3211 contrahendi,
900 3135 960 3199 nisi
976 3135 1066 3218 prius
1086 3155 1178 3201 rece-

72 3267 85 3304 «
100 3255 153 3330 pto
170 3248 359 3314 testimonio
381 3247 567 3317 authentico
589 3255 750 3314 erectore
766 3247 943 3332 hospitalis,
962 3251 996 3315 in
1019 3271 1083 3336 quo
1099 3271 1179 3336 prae·

72 3382 85 3420 a
99 3362 174 3428 dicti
199 3362 491 3448 praedecesserunt,
510 3364 564 3428 vel
582 3383 601 3428 a
624 3370 753 3429 rectore
782 3365 924 3430 ecclesiae
941 3367 974 3430 in
990 3385 1053 3452 qua
1069 3366 1180 3434 huma-

72 3501 85 3538 «
99 3488 128 3544 ta
151 3482 288 3546 fuerunt
310 3499 425 3544 eorum
451 3477 627 3557 cadavera,
652 3480 719 3556 vel,
746 3480 772 3544 si
793 3479 866 3546 fieri
887 3489 1011 3564 potest,
1040 3503 1059 3548 a
1084 3486 1177 3550 Duce

72 3597 181 3661 «illius
194 3595 347 3674 cohortis,
365 3597 398 3660 in
413 3616 476 3681 qua
491 3594 676 3680 descriptus
690 3602 763 3660 erat
777 3597 880 3661 miles.
896 3599 928 3662 Si
946 3606 1055 3664 tamen
1067 3599 1179 3686 hujus-

73 3735 86 3772 «
101 3713 187 3780 modi
201 3713 385 3778 testimonia
399 3711 512 3777 haberi
525 3732 590 3777 non
603 3719 752 3794 possunt,
773 3713 867 3778 Sacra
889 3713 1101 3798 Congregatio
1114 3735 1179 3782 non

76 3850 88 3886 «
101 3828 239 3894 intendit
254 3825 431 3894 excludere
445 3827 521 3892 alias
540 3826 761 3912 probationes,
779 3847 850 3912 quae
870 3827 912 3892 de
928 3828 1002 3912 jare
1018 3832 1182 3898 communi

76 3965 88 4000 «
104 3951 236 4027 possunt
252 3943 391 4022 admitti,
413 3941 590 4010 dummodo
601 3944 665 4008 sint
675 3943 826 4027 legitimae
843 3952 876 4009 et
889 3943 1094 4014 sufficientes.

61 4039 64 4046 ¹
116 4065 167 4126 12⁰
183 4086 200 4124 «
217 4063 452 4144 interrogetur,
467 4081 508 4124 an
519 4067 593 4143 post
607 4067 745 4125 mortem
761 4059 841 4126 dicti
858 4060 1003 4147 conjugis
1018 4062 1177 4146 defuncti,

76 4200 91 4235 «
104 4179 215 4264 aliquis
231 4199 272 4244 ex
288 4177 452 4264 praedictis
467 4177 657 4243 contrahere
677 4177 863 4246 volentibus
880 4179 1047 4246 transierit
1062 4181 1105 4248 ad
1131 4201 1181 4248 se-

77 4316 91 4354 «
104 4295 209 4362 cunda
224 4303 309 4362 vota.
326 4295 358 4360 si
372 4293 579 4378 responderit
593 4293 756 4377 negative,

119 4413 170 4476 13⁰
193 4435 208 4475 «
225 4413 451 4498 interrogetur
466 4431 507 4476 an
519 4428 589 4478 esse
603 4410 715 4494 possit,
729 4410 817 4496 quod
828 4411 941 4496 aliquis
955 4412 1181 4484 exiliistreas-
