2838 5114
506 347 582 392 rans
606 345 764 393 SECUNDA.

434 787 728 926 SECTIO
772 789 847 922 tt.

253 1127 309 1198 De
339 1127 520 1197 Processu
547 1123 643 1198 civili
671 1125 741 1198 sori
767 1121 1015 1196 ecclesiastici.

125 1744 224 1808 Civilis
239 1743 360 1808 dicitur
372 1741 509 1826 quilibet
529 1761 707 1825 processus,
726 1743 781 1825 qui
797 1763 860 1807 non
876 1749 926 1807 est
943 1743 1133 1825 criminalis;
1152 1763 1189 1807 uc

88 1858 208 1940 proinde
228 1861 355 1943 quoties
373 1878 437 1924 non
457 1860 564 1942 agitur
582 1857 624 1923 ad
643 1858 804 1941 publicam
826 1859 962 1943 alicujus
988 1858 1102 1924 delicti
1122 1861 1190 1925 vin·

86 1973 203 2054 dictam,
219 1974 279 2040 sed
290 1974 332 2039 ud
344 1973 558 2040 obtinendum
575 1972 698 2056 aliquid
713 1973 813 2050 aliud,
828 1993 998 2058 processus
1013 1975 1114 2039 civilis
1126 1983 1187 2040 est.

122 2091 197 2156 Hinc
209 2093 295 2156 sicut
309 2092 341 2153 in
357 2089 429 2155 soro
446 2089 609 2165 seculari,
628 2089 672 2152 ita
695 2097 728 2153 et
750 2090 783 2151 in
804 2089 877 2154 foro
901 2091 1118 2156 ecclesiastico
1133 2091 1189 2156 ha-

84 2205 202 2286 hentur,
220 2227 286 2271 non
314 2213 442 2270 tantum
467 2205 659 2279 criminales,
683 2204 741 2269 sed
757 2213 792 2270 et
818 2206 930 2270 civiles
950 2225 1130 2289 processus.
1157 2209 1189 2272 Si

83 2342 187 2408 nempe
206 2343 302 2389 caiisa
322 2322 424 2386 civilis
449 2328 598 2410 versetur
621 2323 706 2385 circa
734 2323 903 2386 materiam
925 2316 1113 2403 spirituatem
1130 2341 1188 2388 seu

82 2443 296 2503 ecclesiasticam
313 2437 422 2524 (verbi
438 2437 557 2520 gratia,
576 2437 654 2502 silis
671 2445 842 2502 moveatur
858 2437 899 2502 de
919 2438 1031 2502 valore
1052 2437 1188 2522 aliquus

82 2557 281 2632 matrimonii,
301 2555 353 2620 vel
370 2552 412 2618 de
428 2551 652 2637 jurisdictione
672 2552 809 2637 alicujus
834 2553 974 2636 praelati,
993 2556 1047 2618 vel
1063 2554 1104 2619 dc
1122 2555 1188 2638 pri-

86 2672 192 2755 vilegio
205 2671 340 2755 ancujus
358 2671 556 2744 monasterii,
574 2668 666 2753 etc),
684 2668 830 2754 suhjacet
843 2667 943 2752 judici
957 2671 1184 2747 ecclesiastico,

84 2795 114 2850 et
134 2806 303 2872 processus
325 2787 359 2851 in
383 2787 470 2851 curia
498 2787 713 2851 ecclesiastica
738 2794 788 2851 est
812 2784 1017 2851 ‘ventilandus
1044 2808 1050 2851 :
1076 2805 1183 2862 secus,

82 2904 161 2986 apud
173 2905 343 2990 potestatis
353 2903 544 2986 temporalis
553 2905 659 2968 curias
668 2923 761 2968 cansa
771 2901 946 2986 judicanda
958 2909 1019 2966 est.
1032 2903 1187 2983 Quaenum

82 3027 183 3084 autem
218 3037 320 3084 causae
351 3020 414 3083 sint
444 3017 669 3083 ecclesiasticae
699 3026 734 3082 et
763 3016 927 3101 judicibus
961 3018 1186 3082 ecclesiasticis

80 3133 277 3218 subjaceant,
300 3134 438 3198 diximus
456 3133 517 3198 sub
535 3134 639 3217 prima
657 3140 816 3198 tractatus
833 3141 927 3216 parte
949 3133 1111 3218 (sectione
1130 3131 1183 3216 3).

121 3251 223 3317 Porro
247 3250 407 3335 ejusmodi
431 3268 641 3334 processuum
667 3250 826 3327 civilium,
849 3247 893 3313 ad
916 3248 1024 3314 iorum
1044 3249 1186 3314 ecclesiae

81 3367 323 3445 pertinentium,
339 3385 425 3430 nnnc
437 3364 598 3431 tradenda
615 3367 705 3431 venit
718 3384 843 3431 norma.
861 3367 899 3429 In
912 3385 950 3430 eu
965 3373 1074 3429 autem
1090 3385 1188 3450 expe-

81 3476 194 3546 dienda
215 3483 349 3546 materia
370 3482 470 3546 multo
488 3481 583 3546 citius
596 3481 823 3565 procedemus,
842 3499 938 3565 quam
960 3482 993 3545 in
1016 3482 1188 3545 criminalis
1216 3466 1218 3471 ³

80 3612 246 3674 processus
267 3595 511 3681 disceptatione.
541 3598 620 3660 Nam
646 3596 747 3660 multa
770 3603 845 3660 sunt
868 3596 1023 3660 criminali
1045 3604 1078 3660 et
1101 3596 1188 3662 civili
1232 3657 1234 3660 .

80 3715 241 3792 processui
259 3715 455 3790 communia,
478 3733 548 3797 quae
565 3711 630 3797 jam
646 3712 687 3777 de
707 3714 807 3796 priori
823 3711 964 3795 agendo,
990 3711 1188 3778 sufficienter

81 3832 222 3912 exposita
237 3837 324 3894 sunt.
343 3830 445 3894 Multa
461 3830 605 3912 insuper,
623 3847 695 3914 quae
712 3829 841 3893 civilem
858 3841 1045 3910 processum
1056 3831 1188 3912 proprie

80 3944 271 4026 respiciunt,
296 3941 339 4006 ob
361 3943 570 4006 materiarum
598 3943 850 4018 connexionem,
878 3940 920 4007 de
943 3943 1099 4008 criminali
1123 3951 1189 4008 tra·

80 4057 205 4135 ciendo,
224 4078 283 4141 per
297 4065 503 4122 transennam
520 4057 693 4139 attigimus

121 4176 198 4257 Qum
213 4183 323 4240 autem
345 4173 386 4239 dc
412 4174 692 4256 expediendorum
716 4174 857 4239 civilium
881 4193 1051 4239 causarum
1077 4194 1190 4240 norma

81 4289 183 4356 adhuc
208 4288 371 4356 tradenda
396 4298 581 4367 remanent,
611 4289 759 4355 bifariam
788 4289 938 4354 distribui
965 4295 1116 4374 possent3
1144 4293 1190 4356 ita

83 4405 202 4470 scilicet
216 4416 254 4470 ut
271 4411 302 4471 1⁰
319 4405 507 4470 traderetur
525 4402 844 4472 communis'omninm
867 4405 1044 4487 generatim
1061 4424 1190 4489 proces-
