2838 5114
474 314 551 362 rsus
578 313 735 365 sueonos.
1095 297 1165 362 tis.

74 447 176 506 constet
189 441 275 522 ipsos
285 438 378 505 lassos
389 437 489 505 fuisse
500 459 508 520 ;
519 446 617 520 atque
629 439 754 502 etiarnsi
764 435 852 502 iaesio
867 438 1059 518 exipsorum
1066 438 1162 520 eulpa

73 554 233 638 contigerit.
255 574 272 612 a
288 552 487 620 Beneficium
509 551 722 618 restitutionis
739 551 796 638 (ait
811 550 1111 638 Schmolzgrueber,
1129 552 1164 620 in

74 691 86 728 t
103 670 143 733 tit.
159 671 211 746 11,
228 668 306 733 libri
320 671 332 732 1
352 667 494 744 decret,
510 687 544 732 n.
562 664 594 750 8)
611 668 767 750 competit
785 670 963 747 minoribus,
982 685 1042 732 sau
1055 667 1094 732 im
1107 666 1165 751 qui

75 786 134 848 sii
149 801 246 848 annos
260 782 364 848 aetatis
386 781 531 848 noudum
547 781 767 865 impleverunt
782 781 899 866 (capite
926 785 1116 846 constitutus
1128 784 1161 858 8,

75 903 131 962 «de
145 904 179 964 la
194 907 344 980 inteprum
361 903 479 978 restit.,·
491 905 525 962 et
540 898 614 980 lege
628 900 838 976 Hoeedietum,
854 896 1119 982 etsequentibus,
1128 895 1162 962 11.

75 1037 87 1072 a
101 1017 132 1076 de
144 1011 334 1096 Minoribus);
352 1013 410 1078 ubi
423 1013 521 1078 etiam
536 1012 618 1078 ratio
630 1011 776 1090 additur,
793 1011 882 1098 quod
892 1016 1004 1094 [rapite
1018 1013 1060 1080 sit
1073 1021 1104 1076 et
1117 1019 1167 1078 in·

74 1150 86 1186 e
100 1129 211 1206 firmum
223 1129 395 1212 hujusmodi
408 1135 531 1190 etatum
548 1130 718 1206 eonsilium,
736 1137 767 1190 et
781 1131 886 1192 mettis
899 1131 1086 1210 captionibus
1098 1147 1168 1210 sup-

74 1269 86 1302 «
99 1253 232 1326 positum,
251 1248 415 1308 multorum
426 1247 547 1308 insidiis
561 1249 741 1326 mutum.
761 1267 777 1306 a
833 1325 836 1332 ,

106 1362 192 1426 Dicto
214 1369 323 1426 autem
346 1361 506 1426 minorum
524 1357 608 1445 jure}
621 1358 766 1442 gaudent
786 1363 939 1440 doceam·
954 1379 1019 1446 quo
1038 1361 1167 1438 nomine

73 1479 191 1542 veniunt
203 1477 302 1542 etiam
320 1477 525 1552 monasteria,
544 1473 725 1559 hospitalia,
740 1483 774 1542 et
787 1477 848 1543 alia
864 1469 937 1542 {oea
956 1479 1027 1561 pia;
1041 1495 1169 1544 necnon

71 1599 98 1654 et
114 1599 332 1658 universitates.
349 1593 470 1656 Textus
491 1589 575 1675 juris
601 1590 719 1676 quibus
741 1589 776 1656 id
801 1592 957 1668 sancitur,
976 1591 1052 1657 vida
1080 1588 1169 1674 apud

69 1703 353 1792 Sohmalzgrueher,
369 1707 441 1772 loeo
458 1707 567 1775 citato.

105 1822 295 1908 Respondeo
309 1825 344 1886 2⁰
363 1844 370 1888 :
389 1823 487 1888 etiam
502 1826 664 1906 neejoritru
685 1823 822 1892 oonoedi
834 1831 943 1908 potest
957 1832 991 1890 et
1005 1823 1107 1890 debet
1118 1833 1171 1890 rei

70 1940 181 2006 stitutio
194 1941 229 2004 in
243 1940 418 2022 integrum,
434 1937 612 2006 dummodo
630 1949 826 2007 concurrant
837 1947 907 2006 tres
921 1949 1095 2025 sequentes
1108 1941 1172 2005 air-

70 2055 259 2122 oumstantiae
275 2061 408 2138 :prima
429 2061 467 2120 ut
487 2061 613 2120 constet
632 2055 718 2137 ipsos
732 2057 824 2124 laesos
840 2056 958 2140 suisse3
977 2061 1115 2134 tenedo,
1134 2065 1172 2122 ut

70 2169 199 2248 probent
214 2170 377 2236 laesionem
388 2190 430 2234 ex
440 2171 588 2254 ipsorum
598 2169 696 2264 eulpa
706 2190 771 2236 non
783 2171 966 2254 corrupisse,
983 2191 1020 2238 ao
1034 2170 1172 2255 proinde

69 2286 233 2352 ostendant
242 2284 366 2370 justum
374 2285 504 2372 aliquod
514 2285 794 2368 impedimentum,
808 2305 849 2353 eu
859 2305 924 2372 quo
935 2287 1012 2371 ipsis
1019 2287 1176 2372 imputari

70 2417 127 2464 uon
143 2399 266 2468 debeat
291 2399 380 2486 quod
402 2401 566 2468 laesionem
594 2419 660 2466 uon
683 2401 884 2485 repulerint-3
909 2409 1014 2482 tertio,
1040 2409 1078 2468 ut
1098 2402 1176 2484 ipsis

66 2509 126 2594 jam
139 2535 204 2582 uon
216 2523 328 2600 pateat
342 2515 561 2584 remediorum
577 2514 814 2582 ordinariorum
829 2517 880 2582 sia
893 2515 936 2584 ad
951 2515 1175 2600 repellendam

70 2629 235 2698 lesionem.

110 2748 270 2815 Censetur
282 2756 393 2814 autem
404 2750 524 2834 quises
531 2753 619 2831 justa
634 2768 725 2814 musa
736 2749 900 2816 laesiouem
911 2748 1176 2816 sibiillatamnon

69 2863 281 2946 impedivisse,
295 2871 407 2946 primo,
424 2865 451 2926 si
465 2863 582 2928 absens
592 2864 694 2930 fuerit
708 2865 894 2948 reipublicae
908 2885 1020 2948 oausa;
1034 2869 1173 2945 suendo,

70 2981 94 3042 si
108 2980 223 3046 absens
247 2980 348 3046 fuerit
366 2987 502 3062 propter
514 2979 634 3065 justam
653 2981 768 3046 mortis
787 2982 841 3046 vel
859 2982 1025 3046 eruciatus
1038 2989 1181 3066 metum,-

71 3095 117 3162 sel
134 3105 271 3180 propter
282 3095 514 3174 infirmitatem,
536 3096 590 3162 vel
604 3104 740 3180 propter
750 3104 950 3179 grassantem
969 3083 1106 3180 pestem,
1123 3097 1177 3162 vel

71 3221 204 3296 propter
223 3211 447 3295 captivitatem
466 3217 522 3276 aut
544 3212 720 3277 violentum
738 3211 917 3295 quamlibet
937 3210 1179 3296 detentionem

71 3335 167 3408 tertio,
188 3328 274 3415 sizsit
291 3345 428 3411 persona
446 3327 558 3411 inqua
576 3324 658 3411 juris
675 3327 857 3410 ignorantia
872 3329 1066 3412 supponitur
1084 3337 1119 3394 et
1133 3336 1180 3394 to·

70 3440 204 3521 leretur,
225 3441 338 3527 quales
350 3448 426 3506 sunt
439 3440 594 3506 mulieres
606 3449 638 3506 et
656 3439 783 3526 rustici3
801 3451 920 3523 murto,
937 3445 964 3508 si
976 3460 1180 3529 quacumque

73 3556 113 3622 de
133 3577 230 3624 eausa
252 3558 286 3622 in
304 3575 344 3624 eo
366 3563 452 3622 statu
471 3555 547 3634 fuit,
574 3563 611 3623 ut
632 3574 697 3620 uon
715 3557 861 3639 potuerit
882 3557 936 3642 jus
952 3575 1047 3624 suum
1063 3556 1180 3624 defen·

73 3671 163 3740 dere.
185 3675 259 3739 Haeo
276 3673 374 3738 variis
389 3670 472 3756 juris
485 3670 629 3738 textibus
647 3671 779 3737 firmant
805 3672 974 3757 doctores3
995 3674 1082 3740 inter
1100 3691 1181 3758 quos

73 3787 147 3854 vide
160 3787 447 3871 Sohmulzgrueber
461 3786 505 3872 (in
518 3787 570 3851 tit.
586 3787 641 3864 11,
661 3786 719 3855 lib.
739 3790 751 3851 1
769 3786 910 3867 decret,
927 3808 961 3854 n.
978 3785 1025 3872 9).

115 3905 266 3986 Qumsulo
287 3905 334 3968 4·.
350 3940 396 3952 -
415 3906 545 3982 Quietum
562 3906 725 3966 statuetur
742 3910 847 3967 caure
863 3907 1067 3984 eiuscemodi
1082 3907 1183 3970 vakai
1203 3895 1209 3922 ¹

72 4027 223 4085 restitutio
234 4027 268 4084 ia
283 4022 454 4100 inteprum?
469 4054 515 4066 -
530 4016 724 4102 Respondeo
747 4022 778 4083 l⁰
793 4041 800 4084 :
816 4019 931 4102 regule
947 4020 1106 4103 generalis
1118 4028 1180 4099 est,

73 4135 180 4202 locum
194 4156 264 4204 esse
279 4135 476 4201 restitutioni
492 4136 526 4200 in
540 4135 704 4218 integrum
727 4142 840 4202 eontm
854 4135 1017 4220 quoslibet
1030 4144 1123 4202 aetus
1138 4136 1185 4200 oi·

73 4252 166 4330 viles,
186 4249 311 4320 validos
325 4259 360 4316 et
382 4249 616 4330 rescindibiles,
636 4250 862 4336 quibustaesus
880 4260 941 4330 est,
957 4252 1015 4336 qui
1026 4250 1186 4335 ejusmodi

76 4367 211 4435 remedii
226 4367 397 4452 privilegio
410 4365 543 4450 gaudet.
568 4366 649 4432 Hine
665 4364 764 4432 datur
779 4367 944 4432 restitutio
958 4368 991 4432 in
1007 4368 1183 4450 integrum,
