2930 5114
531 335 610 386 PARS
632 335 790 385 SECUNDA.

570 628 702 698 CAPUT
717 632 781 698 XL.

115 899 231 948 tonsis
254 901 459 950 ssssmnm
486 900 508 948 Α
530 899 647 950 sumen
671 900 830 962 TssQusm
855 900 1027 960 summm,
1044 901 1179 964 Qusnno
1201 902 1234 950 11(

160 1017 325 1067 PROCESSU
341 1019 522 1068 nmnnslvo
541 1017 635 1068 AEGRE
652 1018 751 1066 Tum
764 1018 882 1066 sessis
898 1018 1070 1068 »sponium
1087 1018 1120 1066 ln
1135 1019 1235 1068 rivo·

160 1135 233 1182 REM
250 1134 318 1182 mil.

161 1425 178 1462 e
196 1405 304 1468 Corum
318 1405 478 1467 reverendo
488 1405 528 1468 N.
533 1451 545 1483 ,
559 1405 677 1466 Vicerie
691 1406 836 1484 penerali,
854 1412 1006 1484 comperet
1021 1407 1158 1471 deminus
1174 1411 1204 1472 Ν
1208 1457 1230 1487 .,

112 1525 264 1600 petronus
279 1523 396 1584 demini
407 1523 446 1584 N.
451 1568 462 1600 ‚
475 1525 619 1599 praetensi
632 1523 686 1583 Rei
691 1543 705 1599 ,·
719 1527 750 1582 et
769 1525 926 1600 promissa
943 1528 1161 1601 protestatione
1184 1524 1236 1586 lo-

112 1643 239 1701 neriset
249 1643 434 1718 reuerentia,
450 1657 515 1719 qua
525 1640 620 1702 eidem
635 1641 795 1702 reuereredo
816 1643 935 1703 Viaerie
949 1642 1083 1720 penereli
1097 1643 1230 1721 debetur,

88 1760 233 1820 momine
267 1757 388 1820 clientis
415 1760 463 1818 sui
494 1757 581 1835 dieii,
598 1773 756 1834 personam
784 1758 920 1837 ejusdem·
939 1758 1094 1820 reverendi
1124 1762 1237 1821 Viaerii

111 1876 264 1958 peneralis
278 1893 339 1936 esse
357 1873 415 1936 sibi
429 1880 608 1953 suspectam,
624 1892 663 1934 eoo
678 1875 803 1954 eoquod
820 1875 933 1936 melum
949 1845 1091 1938 animum¹
1096 1877 1236 1954 prodidit

109 1996 219 2056 eontra
234 1991 388 2053 dominum
402 1991 433 2052 N
437 2037 459 2068 .,
474 1994 655 2067 praetensam
664 2008 759 2068 reum,
773 2008 851 2070 apro
860 1992 959 2070 ferens
973 1992 1051 2072 qaod
1064 1997 1152 2054 testes
1165 2009 1236 2055 ena·

109 2111 224 2170 minati
238 2109 279 2169 ad
292 2111 355 2188 ejus
369 2107 533 2185 defensam,
558 2109 591 2168 iu
602 2108 700 2184 ipsius
714 2108 848 2185 savorem
863 2107 1044 2186 deportarent
1062 2105 1127 2192 (vel
1142 2111 1236 2187 impe·

109 2228 197 2290 diens
217 2230 267 2286 ne¹
277 2230 376 2302 testes,
397 2229 449 2304 qui
467 2229 500 2286 in
524 2227 621 2302 ipsius
635 2226 769 2303 sennem
785 2227 882 2286 dicere
899 2229 1060 2304 caperent,
1075 2242 1234 2305 proseque-

111 2349 231 2421 rentur,
249 2361 321 2404 neue
341 2345 496 2404 actuarias
515 2359 616 2402 eoram
632 2341 716 2403 dieta
731 2337 897 2424 scriberet).
919 2343 1053 2404 Proinde
1072 2343 1110 2402 eb
1133 2343 1235 2403 eodem

110 2461 273 2525 reverendo
286 2462 405 2522 Vieerio
420 2459 566 2539 peperoli,
585 2475 674 2538 super
686 2459 832 2538 pradioto
842 2463 1090 2540 preaeminejem
1100 2464 1230 2538 recepto,

109 2579 252 2660 appellet
264 2577 397 2657 adquam
410 2581 440 2638 et
453 2595 526 2656 qnos
540 2577 677 2657 dejure:
692 2582 723 2637 et
733 2576 914 2638 eurnulendo
928 2575 1159 2656 appellationem
1169 2594 1234 2637 mern

109 2698 310 2773 recusatione,
329 2711 369 2754 ee
386 2693 533 2772 pradieta
547 2710 638 2754 eeuse
653 2669 743 2753 illum
762 2691 1042 2772 tenqnomjudieem
1056 2691 1114 2753 sibi
1128 2709 1231 2770 suspe-

109 2819 196 2877 etum
209 2816 343 2889 remesot,·
357 2816 388 2873 et
399 2814 487 2889 repet
500 2816 530 2872 et
538 2809 606 2872 uuit
621 2813 651 2870 et
670 2813 780 2887 instet,
799 2814 835 2869 ut
851 2807 936 2870 nulle
954 2809 1040 2870 medo
1057 2825 1087 2868 se
1103 2807 1234 2888 emplius

108 2932 279 2992 immisceat
292 2930 325 2989 in
337 2943 438 3004 eausa,
458 2943 523 3006 qnia
539 2929 645 2987 eentre
657 2925 821 3004 prasetum
835 2928 1016 3002 protensum
1026 2941 1108 2986 reum
1123 2928 1235 2986 aetite·

111 3051 166 3108 tar
178 3064 189 3105 .·
203 3049 234 3107 et
243 3049 431 3124 protestator
449 3041 651 3119 demollitete,
677 3045 715 3119 si,
734 3059 795 3104 non
808 3041 944 3103 obstante
955 3044 1100 3119 presenti
1116 3059 1233 3102 reeoso.

111 3167 196 3227 lione
227 3168 258 3224 et
281 3161 497 3242 appellatione,
529 3160 571 3222 ed
586 3161 734 3221 ulteriora
754 3163 942 3240 processerim
967 3177 1047 3221 nune
1073 3175 1128 3237 pro
1163 3162 1233 3220 tune

109 3281 284 3362 appellens,
299 3285 329 3341 et
343 3282 447 3360 petens
457 3278 608 3357 apostolos
619 3280 770 3339 instanter
780 3282 810 3338 et
825 3279 1055 3340 instantissime.
1070 3277 1146 3340 Aeto
1160 3281 1233 3339 sunt

110 3399 176 3461 nae
196 3397 301 3475 die...,
322 3399 490 3473 mensis...‚
518 3413 638 3457 anno...
658 3397 779 3474 -Epo
796 3396 848 3473 N.,
871 3399 1029 3474 patronus,
1058 3393 1178 3474 appello
1203 3399 1234 3454 et

109 3520 261 3578 remosout
279 3530 383 3592 supra.
403 3546 446 3560 --
465 3514 528 3592 Epo
549 3515 605 3590 N.,
627 3515 794 3575 aunarius
814 3531 831 3571 n

158 3627 325 3715 Ejusmodi
344 3626 519 3712 appellatio
533 3631 568 3691 in
579 3627 660 3692 setis
674 3625 863 3711 reponenda
877 3633 946 3710 est3
963 3632 998 3693 ei
1007 3625 1108 3713 judex
1125 3625 1228 3693 debet

109 3767 132 3814 a
151 3748 380 3832 prosecutione
396 3727 499 3811 onusto
511 3744 687 3824 obstinere,
706 3753 741 3818 ei
759 3745 922 3829 apostolos
935 3742 1126 3810 concedere.

161 3869 413 3962 «consequenter
436 3865 614 3927 reverendus
636 3867 674 3927 Ν.
701 3867 840 3926 Vieerius
860 3864 1007 3943 poneretis
1024 3868 1121 3945 jussit
1144 3868 1232 3928 ruodo

110 3988 257 4066 seriptum
279 3983 509 4073 appellationem
535 3985 568 4044 in
590 3983 666 4042 eatis
688 3983 808 4062 reponi,
834 3998 923 4060 qnam
948 3985 977 4042 et
999 3983 1180 4042 insanimus
1197 3989 1236 4044 ut·

110 4119 229 4183 supra‚·
244 4106 274 4161 et
287 4100 436 4164 demotum
459 4100 530 4162 tulit
553 4103 586 4160 in
607 4098 684 4160 lune
704 4098 824 4159 modum
844 4115 854 4157 :
870 4100 1015 4176 Quamuis
1032 4114 1126 4178 supra
1148 4099 1232 4160 dioto

110 4217 289 4302 appellatio,
308 4235 328 4277 e
344 4185 463 4278 domino
485 4217 525 4278 N.
529 4261 540 4293 ,
564 4216 680 4277 alemini
696 4217 735 4277 N.
755 4216 808 4276 liei
828 4219 968 4294 petrono,
989 4215 1089 4292 ferto,
1106 4230 1230 4293 prorsus

112 4336 228 4418 frivola
248 4339 289 4396 sit
308 4339 397 4413 etque
413 4334 620 4410 insubsistens,
637 4332 673 4393 ob
686 4336 885 4394 reuerentiam
905 4337 1004 4393 tennn
1025 4329 1187 4411 superioris
1201 4337 1231 4392 et

112 4455 313 4536 superiorum,
329 4452 370 4516 ad
393 4469 478 4534 quem
499 4455 528 4512 et
551 4469 622 4532 ques
644 4449 827 4533 appellatur,
843 4449 904 4512 iili
927 4448 1089 4512 detulimus
1105 4451 1133 4510 si
1150 4452 1179 4510 et
1198 4452 1231 4513 in
