2948 5126
256 389 300 453 20
604 403 791 454 rascrsrus
813 405 857 453 un
878 403 1027 452 marcus.

255 551 273 593 a
288 529 489 614 prescriptio
496 526 594 595 hodie
608 546 673 594 non
681 529 817 613 amplius
832 528 964 595 videtur
973 527 1110 594 attendi.
1126 552 1142 593 n
1156 529 1365 613 Poteritergo

237 645 428 729 ‘Episcopus
447 645 684 710 accusationem
713 645 860 728 recipere
878 643 920 737 de
938 645 1081 724 crimine,
1102 650 1364 732 quantpcnmqua

251 765 400 843 tempore
425 767 522 825 antea
547 763 695 844 patrato,
723 766 758 825 et
788 759 822 824 in
849 775 944 826 reum
972 758 1170 843 procedere3
1191 761 1253 826 uisi
1276 760 1364 826 forta

252 873 352 962 (quod
363 871 489 960 ignoro)
505 875 612 960 aliqua
627 874 660 940 in
676 877 875 942 contrarium
889 877 1105 944 intervenerit
1118 873 1292 960 pontificia,
1311 874 1366 943 rel

248 991 534 1074 congregationum
548 1009 756 1056 romanarum
769 990 902 1057 decisio.
1178 993 1181 1000 '

293 1108 327 1171 2⁰
344 1106 584 1190 «Extinguitnr
598 1107 761 1172 accusatio
776 1105 949 1172 criminalis
967 1125 1028 1190 per
1045 1113 1185 1173 mortem
1196 1110 1364 1173 accusato-

238 1220 266 1284 'c
279 1222 324 1287 ris
339 1222 523 1288 antelatam
539 1223 745 1301 sententiam,
756 1223 802 1287 ita
813 1229 851 1287 ut
861 1221 1113 1306 haeredesipsius
1123 1222 1363 1288 accusationem
1464 1203 1465 1206 Ἴ

248 1361 264 1402 a
281 1340 433 1424 prosequi
447 1341 654 1424 nonpossint.
668 1340 765 1428 (Lege
780 1343 1002 1418 Ltmttomms,
1018 1338 1051 1405 n.
1073 1336 1236 1423 deiocus.)
1247 1341 1365 1406 Potest

248 1477 264 1517 a
277 1463 387 1520 tamen
401 1453 504 1540 judex
513 1457 749 1522 accusationem
765 1456 930 1540 prosequi.
952 1455 1049 1542 (Lege
1065 1455 1254 1539 penultima,
1270 1453 1303 1520 ff.
1324 1458 1363 1520 dc

245 1572 369 1634 «Pati.
382 1567 469 1654 jad.)
489 1593 505 1634 a
522 1571 574 1637 Ita
585 1571 738 1656 Pirrhing
753 1571 797 1659 (in
812 1572 944 1638 titulum
959 1574 988 1649 l,
1006 1570 1115 1637 libri6
1131 1562 1358 1652 decretalium,

243 1706 276 1752 n.
294 1681 381 1770 46).u
525 1757 527 1763 ,

286 1805 321 1868 3⁰
340 1802 491 1886 Extingui
504 1802 602 1868 etiam
624 1805 862 1870 accusationem
873 1822 934 1889 per
951 1810 1090 1872 mortem
1107 1805 1262 1884 accusati,
1281 1801 1360 1873 vide

242 1917 331 2003 apud
362 1918 650 2004 Schmalzgrueber
675 1921 731 2008 (in
757 1921 889 1986 titulum
920 1921 949 1998 l,
976 1920 1051 1986 libri
1079 1923 1097 1984 5
1119 1920 1357 2001 decretalium,
1464 1969 1465 1976 κ

240 2053 273 2098 n.
299 2031 385 2118 124).
408 2032 459 2099 Ob
476 2033 597 2098 bonum
619 2042 729 2152 autem
744 2034 912 2119 publicum
933 2053 1025 2118 possa
1045 2035 1190 2100 accusari
1212 2042 1361 2102 mortuos

242 2147 284 2216 de
300 2148 493 2239 quibusdam
511 2151 710 2230 criminibus,
729 2151 824 2217 verbi
844 2151 958 2234 gratia,
977 2149 1020 2216 de
1039 2150 1174 2216 crimine
1185 2150 1357 2231 haereseos,

240 2272 275 2330 et
292 2282 481 2350 processum
496 2274 612 2332 contra
634 2285 749 2334 eorum
765 2265 954 2332 memoriam
964 2266 1092 2345 instrui,
1109 2265 1227 2350 probat
1245 2266 1360 2334 Eccle-

239 2400 293 2448 srae
312 2401 431 2466 prame.

755 2633 839 2712 511.

278 2875 339 2936 Quid
351 2875 380 2929 de
391 2874 563 2943 poenatalicnis
573 2873 716 2926 censendum
729 2876 774 2937 sit,
787 2882 810 2924 et
824 2887 853 2924 an
864 2886 946 2924 rerera
956 2869 1026 2922 fuerit
1039 2880 1120 2924 contra
1131 2874 1315 2926 calumniatores

638 2985 652 3019 a
669 2969 722 3030 jura
733 2968 844 3018 canonico
858 2967 955 3020 sancita

283 3196 315 3263 si
327 3197 527 3264 recentiores
545 3198 602 3283 qui
617 3194 660 3263 de
673 3191 929 3282 jurisprudentia
938 3194 1105 3278 scripsere
1119 3193 1231 3278 adeas,
1248 3197 1354 3265 multa

239 3314 356 3397 passim
375 3313 521 3397 reperies
539 3318 652 3380 contra
674 3313 821 3397 antiquos
842 3307 994 3394 populos,
1027 3312 1130 3377 multa
1153 3319 1267 3379 contra
1290 3315 1354 3380 Eo·

239 3427 387 3506 clesiam,
410 3427 453 3493 ob
472 3435 637 3512 receptam
660 3426 789 3492 talionis
817 3423 965 3510 poen'am,
1000 3428 1068 3491 acri
1094 3427 1180 3512 stylo
1198 3437 1350 3498 exarata.

160 3535 165 3545 ’
236 3543 382 3627 Iniquam
402 3552 436 3612 et
447 3542 515 3629 juri
532 3542 671 3610 naturali
691 3549 929 3627 repugnantem
950 3539 1110 3626 ejusmodi
1128 3562 1258 3628 poenam
1273 3565 1353 3630 pro·

237 3659 398 3739 nuntiant,
413 3658 682 3738 imoabsurdam‚
700 3657 788 3744 quod
803 3675 888 3741 saepe
905 3658 1021 3743 saepius
1035 3659 1191 3743 applicari
1205 3669 1349 3750 nequat3
1379 3685 1383 3692 ·

236 3782 346 3857 prout,
367 3776 461 3842 verbi
481 3777 644 3861 gratiam
669 3795 745 3840 casu
765 3775 843 3840 caeci
859 3775 989 3839 oculum
1009 3775 1104 3842 alteri
1124 3779 1279 3858 eruentis,
1295 3781 1352 3846 cui

234 3897 325 3955 certe
345 3892 418 3956 erui
438 3891 576 3957 vicissim
597 3891 712 3976 nequit
730 3888 842 3956 oculus
855 3906 925 3975 ¹qao
944 3898 1045 3958 caret.
1073 3892 1161 3974 Quas
1184 3892 1352 3962 declama-

234 4008 339 4072 tiones
352 4007 442 4072 nullo
452 4007 558 4074 solido
572 4007 794 4078 fundamento,
809 4004 868 4074 sed
881 4006 962 4073 falsa
976 4008 1062 4074 circa
1075 4009 1203 4074 talionis
1215 4027 1350 4094 paenam

233 4122 364 4188 notione
380 4123 440 4189 niti
452 4123 539 4190 facili
553 4124 684 4209 negotio
698 4123 831 4207 probari
844 4127 964 4207 potest.
982 4125 1124 4209 Nempe,

1219 4255 1225 4270 '
1336 4261 1346 4296 i
