<?xml version="1.0" encoding="UTF-8"?>
<!DOCTYPE html PUBLIC "-//W3C//DTD XHTML 1.0 Transitional//EN"
    "http://www.w3.org/TR/xhtml1/DTD/xhtml1-transitional.dtd">
<html xmlns="http://www.w3.org/1999/xhtml" xml:lang="en" lang="en">
 <head>
  <title>
</title>
<meta http-equiv="Content-Type" content="text/html;charset=utf-8" />
  <meta name='ocr-system' content='tesseract 3.04.00' />
  <meta name='ocr-capabilities' content='ocr_page ocr_carea ocr_par ocr_line ocrx_word'/>
</head>
<body>
  <div class='ocr_page' id='page_1' title='image "./tractatusdejudi01bouigoog_0513.png"; bbox 0 0 2878 5114; ppageno 0'>
   <div class='ocr_carea' id='block_1_1' title="bbox 277 381 1043 447">
    <p class='ocr_par' dir='ltr' id='par_1_1' title="bbox 277 381 1043 447">
     <span class='ocr_line' id='line_1_1' title="bbox 277 381 1043 447; baseline 0.003 -5"><span class='ocrx_word' id='word_1_1' title='bbox 277 381 337 443; x_wconf 74' lang='lat'><em>504</em></span> <span class='ocrx_word' id='word_1_2' title='bbox 618 397 805 446; x_wconf 65' lang='lat' dir='ltr'><em>racemus</em></span> <span class='ocrx_word' id='word_1_3' title='bbox 827 396 872 446; x_wconf 75' lang='lat' dir='ltr'><em>nro</em></span> <span class='ocrx_word' id='word_1_4' title='bbox 894 397 1043 447; x_wconf 76' lang='lat' dir='ltr'><em>runicus,</em></span> 
     </span>
    </p>
   </div>
   <div class='ocr_carea' id='block_1_2' title="bbox 270 503 1379 1424">
    <p class='ocr_par' dir='ltr' id='par_1_2' title="bbox 274 503 1375 725">
     <span class='ocr_line' id='line_1_2' title="bbox 321 503 1375 608; baseline 0 -24"><span class='ocrx_word' id='word_1_5' title='bbox 321 543 339 583; x_wconf 81' lang='lat' dir='ltr'><em>a</em></span> <span class='ocrx_word' id='word_1_6' title='bbox 362 523 394 586; x_wconf 83' lang='lat'><em>1⁰</em></span> <span class='ocrx_word' id='word_1_7' title='bbox 409 526 495 603; x_wconf 62' lang='lat' dir='ltr'><em>Quod</em></span> <span class='ocrx_word' id='word_1_8' title='bbox 510 503 704 588; x_wconf 77' lang='lat' dir='ltr'><em>citandum</em></span> <span class='ocrx_word' id='word_1_9' title='bbox 724 525 928 605; x_wconf 78' lang='lat' dir='ltr'><em>luauriosam,</em></span> <span class='ocrx_word' id='word_1_10' title='bbox 950 532 979 588; x_wconf 87' lang='lat' dir='ltr'><em>et</em></span> <span class='ocrx_word' id='word_1_11' title='bbox 995 543 1125 608; x_wconf 84' lang='lat' dir='ltr'><em>pravam</em></span> <span class='ocrx_word' id='word_1_12' title='bbox 1140 525 1226 588; x_wconf 81' lang='lat' dir='ltr'><em>labot</em></span> <span class='ocrx_word' id='word_1_13' title='bbox 1239 528 1375 586; x_wconf 80' lang='lat' dir='ltr'><em>commiu-</em></span> 
     </span>
     <span class='ocr_line' id='line_1_3' title="bbox 274 643 727 725; baseline 0.013 -24"><span class='ocrx_word' id='word_1_14' title='bbox 274 643 373 703; x_wconf 82' lang='lat' dir='ltr'><em>clincm</em></span> <span class='ocrx_word' id='word_1_15' title='bbox 395 659 462 704; x_wconf 92' lang='lat' dir='ltr'><em>cum</em></span> <span class='ocrx_word' id='word_1_16' title='bbox 474 645 514 704; x_wconf 89' lang='lat' dir='ltr'><em>N.</em></span> <span class='ocrx_word' id='word_1_17' title='bbox 723 719 727 725; x_wconf 22' lang='grc' dir='ltr'>Ι</span> 
     </span>
    </p>

    <p class='ocr_par' dir='ltr' id='par_1_3' title="bbox 274 757 1376 935">
     <span class='ocr_line' id='line_1_4' title="bbox 320 757 1376 840; baseline 0.001 -24"><span class='ocrx_word' id='word_1_18' title='bbox 320 757 388 819; x_wconf 79' lang='lat'><em>«2⁰</em></span> <span class='ocrx_word' id='word_1_19' title='bbox 406 759 493 835; x_wconf 83' lang='lat' dir='ltr'><em>(laod</em></span> <span class='ocrx_word' id='word_1_20' title='bbox 510 762 680 822; x_wconf 74' lang='lat' dir='ltr'><em>simoniacis</em></span> <span class='ocrx_word' id='word_1_21' title='bbox 697 761 813 822; x_wconf 82' lang='lat' dir='ltr'><em>artibus</em></span> <span class='ocrx_word' id='word_1_22' title='bbox 832 761 905 840; x_wconf 78' lang='lat' dir='ltr'><em>ctipi</em></span> <span class='ocrx_word' id='word_1_23' title='bbox 916 763 1081 838; x_wconf 83' lang='lat' dir='ltr'><em>curaverit,</em></span> <span class='ocrx_word' id='word_1_24' title='bbox 1097 759 1247 840; x_wconf 74' lang='lat' dir='ltr'><em>offerendo</em></span> <span class='ocrx_word' id='word_1_25' title='bbox 1268 775 1376 818; x_wconf 81' lang='lat' dir='ltr'><em>murima</em></span> 
     </span>
     <span class='ocr_line' id='line_1_5' title="bbox 274 873 446 935; baseline 0.017 -3"><span class='ocrx_word' id='word_1_26' title='bbox 274 873 394 934; x_wconf 82' lang='lat' dir='ltr'><em>electori</em></span> <span class='ocrx_word' id='word_1_27' title='bbox 406 874 446 935; x_wconf 88' lang='grc' dir='ltr'><em>Ν.</em></span> 
     </span>
    </p>

    <p class='ocr_par' dir='ltr' id='par_1_4' title="bbox 270 989 1379 1306">
     <span class='ocr_line' id='line_1_6' title="bbox 322 989 1378 1071; baseline -0.001 -23"><span class='ocrx_word' id='word_1_28' title='bbox 322 992 453 1050; x_wconf 75' lang='lat' dir='ltr'><em>«Testes</em></span> <span class='ocrx_word' id='word_1_29' title='bbox 473 991 616 1069; x_wconf 84' lang='lat' dir='ltr'><em>producit</em></span> <span class='ocrx_word' id='word_1_30' title='bbox 630 1009 718 1071; x_wconf 89' lang='lat' dir='ltr'><em>super</em></span> <span class='ocrx_word' id='word_1_31' title='bbox 736 996 838 1071; x_wconf 91' lang='lat' dir='ltr'><em>prima</em></span> <span class='ocrx_word' id='word_1_32' title='bbox 860 993 989 1054; x_wconf 87' lang='lat' dir='ltr'><em>articulo</em></span> <span class='ocrx_word' id='word_1_33' title='bbox 1012 993 1165 1054; x_wconf 82' lang='lat' dir='ltr'><em>dominum</em></span> <span class='ocrx_word' id='word_1_34' title='bbox 1187 995 1226 1054; x_wconf 94' lang='lat' dir='ltr'><em>N.</em></span> <span class='ocrx_word' id='word_1_35' title='bbox 1247 995 1276 1051; x_wconf 91' lang='lat' dir='ltr'><em>et</em></span> <span class='ocrx_word' id='word_1_36' title='bbox 1301 989 1378 1050; x_wconf 82' lang='lat' dir='ltr'><em>aaut·</em></span> 
     </span>
     <span class='ocr_line' id='line_1_7' title="bbox 273 1104 1379 1192; baseline -0.003 -27"><span class='ocrx_word' id='word_1_37' title='bbox 273 1123 345 1166; x_wconf 87' lang='lat' dir='ltr'><em>num</em></span> <span class='ocrx_word' id='word_1_38' title='bbox 366 1108 404 1167; x_wconf 94' lang='lat' dir='ltr'><em>N.</em></span> <span class='ocrx_word' id='word_1_39' title='bbox 417 1108 702 1186; x_wconf 86' lang='lat' dir='ltr'><em>.·supcrsccunolo...</em></span> <span class='ocrx_word' id='word_1_40' title='bbox 725 1104 815 1192; x_wconf 79' lang='lat' dir='ltr'><em>(sive)</em></span> <span class='ocrx_word' id='word_1_41' title='bbox 840 1111 938 1170; x_wconf 85' lang='lat' dir='ltr'><em>Testes</em></span> <span class='ocrx_word' id='word_1_42' title='bbox 958 1115 1057 1171; x_wconf 86' lang='lat' dir='ltr'><em>autam</em></span> <span class='ocrx_word' id='word_1_43' title='bbox 1071 1129 1124 1170; x_wconf 85' lang='lat' dir='ltr'><em>suo</em></span> <span class='ocrx_word' id='word_1_44' title='bbox 1142 1110 1204 1171; x_wconf 91' lang='lat' dir='ltr'><em>loco</em></span> <span class='ocrx_word' id='word_1_45' title='bbox 1217 1115 1246 1169; x_wconf 91' lang='lat' dir='ltr'><em>ct</em></span> <span class='ocrx_word' id='word_1_46' title='bbox 1268 1112 1379 1185; x_wconf 84' lang='lat' dir='ltr'><em>temporo</em></span> 
     </span>
     <span class='ocr_line' id='line_1_8' title="bbox 270 1225 1180 1306; baseline 0.004 -21"><span class='ocrx_word' id='word_1_47' title='bbox 270 1225 488 1305; x_wconf 75' lang='lat' dir='ltr'><em>producerent</em></span> <span class='ocrx_word' id='word_1_48' title='bbox 501 1233 640 1306; x_wconf 88' lang='lat' dir='ltr'><em>paratus.</em></span> <span class='ocrx_word' id='word_1_49' title='bbox 661 1230 772 1290; x_wconf 89' lang='lat' dir='ltr'><em>Datum</em></span> <span class='ocrx_word' id='word_1_50' title='bbox 786 1245 905 1292; x_wconf 92' lang='lat' dir='ltr'><em>anno...</em></span> <span class='ocrx_word' id='word_1_51' title='bbox 922 1232 1044 1290; x_wconf 79' lang='lat' dir='ltr'><em>mensis.</em></span> <span class='ocrx_word' id='word_1_52' title='bbox 1054 1276 1075 1290; x_wconf 94' lang='lat'><em>..</em></span> <span class='ocrx_word' id='word_1_53' title='bbox 1089 1230 1180 1291; x_wconf 84' lang='lat' dir='ltr'><em>clio...</em></span> 
     </span>
    </p>

    <p class='ocr_par' dir='ltr' id='par_1_5' title="bbox 322 1341 1299 1424">
     <span class='ocr_line' id='line_1_9' title="bbox 322 1341 1299 1424; baseline 0.002 -25"><span class='ocrx_word' id='word_1_54' title='bbox 322 1359 339 1399; x_wconf 77' lang='lat' dir='ltr'><em>c</em></span> <span class='ocrx_word' id='word_1_55' title='bbox 355 1341 418 1418; x_wconf 80' lang='lat' dir='ltr'><em>Epo</em></span> <span class='ocrx_word' id='word_1_56' title='bbox 428 1341 466 1402; x_wconf 93' lang='lat' dir='ltr'><em>N.</em></span> <span class='ocrx_word' id='word_1_57' title='bbox 486 1345 611 1422; x_wconf 76' lang='lat' dir='ltr'><em>excipio,</em></span> <span class='ocrx_word' id='word_1_58' title='bbox 626 1348 787 1424; x_wconf 84' lang='lat' dir='ltr'><em>protestor,</em></span> <span class='ocrx_word' id='word_1_59' title='bbox 808 1347 898 1421; x_wconf 88' lang='lat' dir='ltr'><em>iusto,</em></span> <span class='ocrx_word' id='word_1_60' title='bbox 920 1350 949 1406; x_wconf 88' lang='lat' dir='ltr'><em>et</em></span> <span class='ocrx_word' id='word_1_61' title='bbox 962 1344 1092 1424; x_wconf 88' lang='lat' dir='ltr'><em>appello,</em></span> <span class='ocrx_word' id='word_1_62' title='bbox 1110 1349 1144 1404; x_wconf 89' lang='lat' dir='ltr'><em>ut</em></span> <span class='ocrx_word' id='word_1_63' title='bbox 1159 1361 1263 1422; x_wconf 85' lang='lat' dir='ltr'><em>supra.</em></span> <span class='ocrx_word' id='word_1_64' title='bbox 1284 1363 1299 1400; x_wconf 79' lang='lat' dir='ltr'><em>u</em></span> 
     </span>
    </p>
   </div>
   <div class='ocr_carea' id='block_1_3' title="bbox 804 1601 875 1678">
    <p class='ocr_par' dir='ltr' id='par_1_6' title="bbox 804 1601 875 1678">
     <span class='ocr_line' id='line_1_10' title="bbox 804 1601 875 1678; baseline 0.014 -16"><span class='ocrx_word' id='word_1_65' title='bbox 804 1601 875 1678; x_wconf 64' lang='lat' dir='ltr'><em>cv.</em></span> 
     </span>
    </p>
   </div>
   <div class='ocr_carea' id='block_1_4' title="bbox 508 1821 1157 1883">
    <p class='ocr_par' dir='ltr' id='par_1_7' title="bbox 508 1821 1157 1883">
     <span class='ocr_line' id='line_1_11' title="bbox 508 1821 1157 1883; baseline 0.009 -15"><span class='ocrx_word' id='word_1_66' title='bbox 508 1821 591 1869; x_wconf 76' lang='lat' dir='ltr'><em>Forma</em></span> <span class='ocrx_word' id='word_1_67' title='bbox 604 1821 732 1883; x_wconf 79' lang='lat' dir='ltr'><em>excipiendi</em></span> <span class='ocrx_word' id='word_1_68' title='bbox 747 1829 826 1872; x_wconf 83' lang='lat' dir='ltr'><em>contra</em></span> <span class='ocrx_word' id='word_1_69' title='bbox 839 1824 937 1872; x_wconf 82' lang='lat' dir='ltr'><em>electum</em></span> <span class='ocrx_word' id='word_1_70' title='bbox 957 1838 985 1873; x_wconf 85' lang='lat' dir='ltr'><em>nc</em></span> <span class='ocrx_word' id='word_1_71' title='bbox 999 1821 1157 1874; x_wconf 84' lang='lat' dir='ltr'><em>confirmetur.</em></span> 
     </span>
    </p>
   </div>
   <div class='ocr_carea' id='block_1_5' title="bbox 276 2062 1431 2490">
    <p class='ocr_par' dir='ltr' id='par_1_8' title="bbox 276 2062 1431 2536">
     <span class='ocr_line' id='line_1_12' title="bbox 323 2062 1377 2146; baseline -0.004 -24"><span class='ocrx_word' id='word_1_72' title='bbox 323 2065 466 2124; x_wconf 81' lang='lat' dir='ltr'><em>«Coram</em></span> <span class='ocrx_word' id='word_1_73' title='bbox 485 2062 645 2124; x_wconf 83' lang='lat' dir='ltr'><em>reverenda</em></span> <span class='ocrx_word' id='word_1_74' title='bbox 666 2065 706 2124; x_wconf 93' lang='lat' dir='ltr'><em>N.</em></span> <span class='ocrx_word' id='word_1_75' title='bbox 729 2065 969 2125; x_wconf 73' lang='lat' dir='ltr'><em>reverendissimi</em></span> <span class='ocrx_word' id='word_1_76' title='bbox 990 2066 1131 2146; x_wconf 82' lang='lat' dir='ltr'><em>Episcopi</em></span> <span class='ocrx_word' id='word_1_77' title='bbox 1152 2066 1193 2127; x_wconf 92' lang='lat' dir='ltr'><em>N.</em></span> <span class='ocrx_word' id='word_1_78' title='bbox 1214 2065 1329 2123; x_wconf 87' lang='lat' dir='ltr'><em>Vicario</em></span> <span class='ocrx_word' id='word_1_79' title='bbox 1342 2077 1377 2138; x_wconf 75' lang='lat' dir='ltr'><em>pc·</em></span> 
     </span>
     <span class='ocr_line' id='line_1_13' title="bbox 276 2177 1377 2262; baseline -0.004 -20"><span class='ocrx_word' id='word_1_80' title='bbox 276 2181 376 2242; x_wconf 84' lang='lat' dir='ltr'><em>norati</em></span> <span class='ocrx_word' id='word_1_81' title='bbox 386 2183 535 2259; x_wconf 86' lang='lat' dir='ltr'><em>comparet</em></span> <span class='ocrx_word' id='word_1_82' title='bbox 554 2181 699 2241; x_wconf 91' lang='lat' dir='ltr'><em>Dominus</em></span> <span class='ocrx_word' id='word_1_83' title='bbox 713 2181 744 2240; x_wconf 90' lang='lat' dir='ltr'><strong><em>N</em></strong></span> <span class='ocrx_word' id='word_1_84' title='bbox 746 2225 768 2256; x_wconf 91' lang='lat'><em>.‚</em></span> <span class='ocrx_word' id='word_1_85' title='bbox 792 2184 820 2240; x_wconf 87' lang='lat' dir='ltr'><em>et</em></span> <span class='ocrx_word' id='word_1_86' title='bbox 841 2181 916 2241; x_wconf 66' lang='lat' dir='ltr'><em>(licit</em></span> <span class='ocrx_word' id='word_1_87' title='bbox 929 2181 1098 2242; x_wconf 83' lang='lat' dir='ltr'><em>electionem</em></span> <span class='ocrx_word' id='word_1_88' title='bbox 1114 2181 1226 2259; x_wconf 78' lang='lat' dir='ltr'><em>factam</em></span> <span class='ocrx_word' id='word_1_89' title='bbox 1241 2183 1276 2241; x_wconf 89' lang='lat' dir='ltr'><em>in</em></span> <span class='ocrx_word' id='word_1_90' title='bbox 1292 2177 1377 2262; x_wconf 81' lang='lat' dir='ltr'><em>(note-</em></span> 
     </span>
     <span class='ocr_line' id='line_1_14' title="bbox 278 2288 1431 2378; baseline -0.007 -20"><span class='ocrx_word' id='word_1_91' title='bbox 278 2301 333 2359; x_wconf 82' lang='lat' dir='ltr'><em>tur</em></span> <span class='ocrx_word' id='word_1_92' title='bbox 357 2292 409 2357; x_wconf 89' lang='lat' dir='ltr'><em>hic</em></span> <span class='ocrx_word' id='word_1_93' title='bbox 434 2291 573 2375; x_wconf 85' lang='lat' dir='ltr'><em>dignitas</em></span> <span class='ocrx_word' id='word_1_94' title='bbox 592 2290 635 2357; x_wconf 84' lang='lat' dir='ltr'><em>ad</em></span> <span class='ocrx_word' id='word_1_95' title='bbox 666 2310 762 2376; x_wconf 82' lang='lat' dir='ltr'><em>quam</em></span> <span class='ocrx_word' id='word_1_96' title='bbox 785 2291 938 2376; x_wconf 88' lang='lat' dir='ltr'><em>indignus</em></span> <span class='ocrx_word' id='word_1_97' title='bbox 959 2293 1028 2378; x_wconf 86' lang='lat' dir='ltr'><em>jam</em></span> <span class='ocrx_word' id='word_1_98' title='bbox 1055 2293 1157 2359; x_wconf 84' lang='lat' dir='ltr'><em>fuerit</em></span> <span class='ocrx_word' id='word_1_99' title='bbox 1180 2288 1314 2374; x_wconf 78' lang='lat' dir='ltr'><em>electus)</em></span> <span class='ocrx_word' id='word_1_100' title='bbox 1330 2309 1377 2352; x_wconf 83' lang='lat' dir='ltr'><em>csse</em></span> <span class='ocrx_word' id='word_1_101' title='bbox 1430 2363 1431 2374; x_wconf 9' lang='grc' dir='ltr'>ἵ</span> 
     </span>
     <span class='ocr_line' id='line_1_15' title="bbox 277 2407 1376 2490; baseline -0.007 -17"><span class='ocrx_word' id='word_1_102' title='bbox 277 2411 453 2474; x_wconf 84' lang='lat' dir='ltr'><em>cassandam</em></span> <span class='ocrx_word' id='word_1_103' title='bbox 476 2416 505 2470; x_wconf 87' lang='lat' dir='ltr'><em>et</em></span> <span class='ocrx_word' id='word_1_104' title='bbox 520 2410 738 2472; x_wconf 79' lang='lat' dir='ltr'><em>annullandam</em></span> <span class='ocrx_word' id='word_1_105' title='bbox 752 2430 761 2470; x_wconf 94' lang='lat'><em>:</em></span> <span class='ocrx_word' id='word_1_106' title='bbox 774 2429 807 2471; x_wconf 86' lang='lat' dir='ltr'><em>eo</em></span> <span class='ocrx_word' id='word_1_107' title='bbox 821 2415 893 2490; x_wconf 87' lang='lat' dir='ltr'><em>quta</em></span> <span class='ocrx_word' id='word_1_108' title='bbox 919 2411 1065 2474; x_wconf 92' lang='lat' dir='ltr'><em>nonnulla</em></span> <span class='ocrx_word' id='word_1_109' title='bbox 1080 2412 1266 2473; x_wconf 85' lang='lat' dir='ltr'><em>militantia</em></span> <span class='ocrx_word' id='word_1_110' title='bbox 1287 2428 1332 2485; x_wconf 87' lang='lat' dir='ltr'><em>co,</em></span> <span class='ocrx_word' id='word_1_111' title='bbox 1351 2407 1376 2466; x_wconf 86' lang='lat' dir='ltr'><em>al</em></span> 
     </span>
    </p>
   </div>
   <div class='ocr_carea' id='block_1_6' title="bbox 248 2527 1429 4472">
    <p class='ocr_par' dir='ltr' id='par_1_9' title="bbox 270 2527 1429 3890">
     <span class='ocr_line' id='line_1_16' title="bbox 277 2527 1373 2608; baseline -0.006 -19"><span class='ocrx_word' id='word_1_112' title='bbox 277 2546 342 2608; x_wconf 83' lang='lat' dir='ltr'><em>qua</em></span> <span class='ocrx_word' id='word_1_113' title='bbox 367 2547 386 2588; x_wconf 92' lang='lat' dir='ltr'><em>a</em></span> <span class='ocrx_word' id='word_1_114' title='bbox 410 2531 505 2588; x_wconf 87' lang='lat' dir='ltr'><em>sacris</em></span> <span class='ocrx_word' id='word_1_115' title='bbox 527 2527 687 2588; x_wconf 84' lang='lat' dir='ltr'><em>canonibus</em></span> <span class='ocrx_word' id='word_1_116' title='bbox 707 2528 760 2588; x_wconf 88' lang='lat' dir='ltr'><em>illc</em></span> <span class='ocrx_word' id='word_1_117' title='bbox 782 2533 826 2588; x_wconf 88' lang='lat' dir='ltr'><em>est</em></span> <span class='ocrx_word' id='word_1_118' title='bbox 845 2529 1022 2608; x_wconf 82' lang='lat' dir='ltr'><em>inclipilrilis</em></span> <span class='ocrx_word' id='word_1_119' title='bbox 1045 2530 1086 2590; x_wconf 84' lang='lat' dir='ltr'><em>acl</em></span> <span class='ocrx_word' id='word_1_120' title='bbox 1114 2547 1179 2589; x_wconf 87' lang='lat' dir='ltr'><em>aam</em></span> <span class='ocrx_word' id='word_1_121' title='bbox 1202 2529 1373 2607; x_wconf 76' lang='lat' dir='ltr'><em>dianitoten.</em></span> 
     </span>
     <span class='ocr_line' id='line_1_17' title="bbox 278 2641 1372 2725; baseline -0.005 -19"><span class='ocrx_word' id='word_1_122' title='bbox 278 2648 476 2725; x_wconf 79' lang='lat' dir='ltr'><em>(tcmpropter,</em></span> <span class='ocrx_word' id='word_1_123' title='bbox 496 2662 556 2705; x_wconf 92' lang='lat' dir='ltr'><em>non</em></span> <span class='ocrx_word' id='word_1_124' title='bbox 571 2641 639 2704; x_wconf 81' lang='lat' dir='ltr'><em>clato</em></span> <span class='ocrx_word' id='word_1_125' title='bbox 655 2644 745 2722; x_wconf 83' lang='lat' dir='ltr'><em>malo,</em></span> <span class='ocrx_word' id='word_1_126' title='bbox 761 2649 815 2705; x_wconf 91' lang='lat' dir='ltr'><em>aut</em></span> <span class='ocrx_word' id='word_1_127' title='bbox 836 2663 875 2705; x_wconf 84' lang='lat' dir='ltr'><em>coc</em></span> <span class='ocrx_word' id='word_1_128' title='bbox 892 2645 958 2706; x_wconf 90' lang='lat' dir='ltr'><em>nlla</em></span> <span class='ocrx_word' id='word_1_129' title='bbox 979 2650 1172 2707; x_wconf 89' lang='lat' dir='ltr'><em>animositate</em></span> <span class='ocrx_word' id='word_1_130' title='bbox 1191 2649 1295 2707; x_wconf 92' lang='lat' dir='ltr'><em>contra</em></span> <span class='ocrx_word' id='word_1_131' title='bbox 1312 2660 1372 2716; x_wconf 78' lang='lat' dir='ltr'><em>niu,</em></span> 
     </span>
     <span class='ocr_line' id='line_1_18' title="bbox 278 2759 1429 2842; baseline 0.002 -20"><span class='ocrx_word' id='word_1_132' title='bbox 278 2762 330 2822; x_wconf 81' lang='lat' dir='ltr'><em>scol</em></span> <span class='ocrx_word' id='word_1_133' title='bbox 350 2779 482 2840; x_wconf 84' lang='lat' dir='ltr'><em>corporo</em></span> <span class='ocrx_word' id='word_1_134' title='bbox 500 2761 564 2820; x_wconf 82' lang='lat' dir='ltr'><em>zelo</em></span> <span class='ocrx_word' id='word_1_135' title='bbox 577 2759 694 2840; x_wconf 81' lang='lat' dir='ltr'><em>publici</em></span> <span class='ocrx_word' id='word_1_136' title='bbox 716 2762 794 2838; x_wconf 84' lang='lat' dir='ltr'><em>loni,</em></span> <span class='ocrx_word' id='word_1_137' title='bbox 814 2767 843 2822; x_wconf 88' lang='lat' dir='ltr'><em>ct</em></span> <span class='ocrx_word' id='word_1_138' title='bbox 866 2767 901 2824; x_wconf 90' lang='lat' dir='ltr'><em>ut</em></span> <span class='ocrx_word' id='word_1_139' title='bbox 916 2763 993 2842; x_wconf 83' lang='lat' dir='ltr'><em>lopas</em></span> <span class='ocrx_word' id='word_1_140' title='bbox 1010 2767 1179 2840; x_wconf 84' lang='lat' dir='ltr'><em>seruentur,</em></span> <span class='ocrx_word' id='word_1_141' title='bbox 1199 2765 1310 2842; x_wconf 85' lang='lat' dir='ltr'><em>cacipit</em></span> <span class='ocrx_word' id='word_1_142' title='bbox 1327 2775 1376 2818; x_wconf 87' lang='lat' dir='ltr'><em>con·</em></span> <span class='ocrx_word' id='word_1_143' title='bbox 1428 2821 1429 2824; x_wconf 74' lang='grc'>,</span> 
     </span>
     <span class='ocr_line' id='line_1_19' title="bbox 280 2867 1374 2957; baseline -0.004 -21"><span class='ocrx_word' id='word_1_144' title='bbox 280 2881 328 2937; x_wconf 93' lang='lat' dir='ltr'><em>tra</em></span> <span class='ocrx_word' id='word_1_145' title='bbox 338 2895 403 2938; x_wconf 87' lang='lat' dir='ltr'><em>cnm</em></span> <span class='ocrx_word' id='word_1_146' title='bbox 418 2878 455 2938; x_wconf 74' lang='lat' dir='ltr'><em>(Ic</em></span> <span class='ocrx_word' id='word_1_147' title='bbox 466 2877 670 2956; x_wconf 75' lang='lat' dir='ltr'><em>infrascriptis</em></span> <span class='ocrx_word' id='word_1_148' title='bbox 684 2878 833 2952; x_wconf 85' lang='lat' dir='ltr'><em>articulis,</em></span> <span class='ocrx_word' id='word_1_149' title='bbox 846 2896 917 2956; x_wconf 85' lang='lat' dir='ltr'><em>quos</em></span> <span class='ocrx_word' id='word_1_150' title='bbox 924 2878 1054 2957; x_wconf 82' lang='lat' dir='ltr'><em>probare</em></span> <span class='ocrx_word' id='word_1_151' title='bbox 1064 2867 1197 2940; x_wconf 74' lang='lat' dir='ltr'><em>intendit</em></span> <span class='ocrx_word' id='word_1_152' title='bbox 1211 2881 1245 2938; x_wconf 90' lang='lat' dir='ltr'><em>in</em></span> <span class='ocrx_word' id='word_1_153' title='bbox 1262 2879 1374 2956; x_wconf 77' lang='lat' dir='ltr'><em>lepitimo</em></span> 
     </span>
     <span class='ocr_line' id='line_1_20' title="bbox 277 2987 1428 3073; baseline -0.011 -19"><span class='ocrx_word' id='word_1_154' title='bbox 277 2995 392 3072; x_wconf 68' lang='lat' dir='ltr'><em>forma·</em></span> <span class='ocrx_word' id='word_1_155' title='bbox 406 3012 465 3054; x_wconf 90' lang='lat' dir='ltr'><em>non</em></span> <span class='ocrx_word' id='word_1_156' title='bbox 487 2998 521 3053; x_wconf 90' lang='lat' dir='ltr'><em>ut</em></span> <span class='ocrx_word' id='word_1_157' title='bbox 547 2993 582 3053; x_wconf 86' lang='lat' dir='ltr'><em>ob</em></span> <span class='ocrx_word' id='word_1_158' title='bbox 604 3012 648 3067; x_wconf 79' lang='lat' dir='ltr'><em>aa,</em></span> <span class='ocrx_word' id='word_1_159' title='bbox 670 3011 734 3073; x_wconf 80' lang='lat' dir='ltr'><em>quta</em></span> <span class='ocrx_word' id='word_1_160' title='bbox 755 2998 787 3054; x_wconf 89' lang='lat' dir='ltr'><em>in</em></span> <span class='ocrx_word' id='word_1_161' title='bbox 806 2994 870 3054; x_wconf 84' lang='lat' dir='ltr'><em>illis</em></span> <span class='ocrx_word' id='word_1_162' title='bbox 888 2999 1077 3055; x_wconf 87' lang='lat' dir='ltr'><em>continentur</em></span> <span class='ocrx_word' id='word_1_163' title='bbox 1096 2995 1200 3072; x_wconf 85' lang='lat' dir='ltr'><em>aliqua</em></span> <span class='ocrx_word' id='word_1_164' title='bbox 1222 2987 1375 3070; x_wconf 77' lang='lat' dir='ltr'><em>confusibili</em></span> <span class='ocrx_word' id='word_1_165' title='bbox 1427 3037 1428 3042; x_wconf 74' lang='grc'>,</span> 
     </span>
     <span class='ocr_line' id='line_1_21' title="bbox 276 3109 1375 3190; baseline -0.005 -20"><span class='ocrx_word' id='word_1_166' title='bbox 276 3125 363 3188; x_wconf 81' lang='lat' dir='ltr'><em>poena</em></span> <span class='ocrx_word' id='word_1_167' title='bbox 378 3113 537 3187; x_wconf 79' lang='lat' dir='ltr'><em>puniatur,</em></span> <span class='ocrx_word' id='word_1_168' title='bbox 558 3110 609 3171; x_wconf 84' lang='lat' dir='ltr'><em>sea</em></span> <span class='ocrx_word' id='word_1_169' title='bbox 625 3115 742 3170; x_wconf 92' lang='lat' dir='ltr'><em>tontum</em></span> <span class='ocrx_word' id='word_1_170' title='bbox 759 3109 996 3187; x_wconf 74' lang='lat' dir='ltr'><em>ncconfirmetur</em></span> <span class='ocrx_word' id='word_1_171' title='bbox 1010 3115 1043 3171; x_wconf 88' lang='lat' dir='ltr'><em>ln</em></span> <span class='ocrx_word' id='word_1_172' title='bbox 1059 3111 1239 3190; x_wconf 79' lang='lat' dir='ltr'><em>clipnitatem</em></span> <span class='ocrx_word' id='word_1_173' title='bbox 1253 3109 1294 3169; x_wconf 82' lang='lat' dir='ltr'><em>acl</em></span> <span class='ocrx_word' id='word_1_174' title='bbox 1305 3121 1375 3185; x_wconf 82' lang='lat' dir='ltr'><em>quaro</em></span> 
     </span>
     <span class='ocr_line' id='line_1_22' title="bbox 278 3219 1373 3308; baseline -0.008 -23"><span class='ocrx_word' id='word_1_175' title='bbox 278 3225 387 3286; x_wconf 87' lang='lat' dir='ltr'><em>electus</em></span> <span class='ocrx_word' id='word_1_176' title='bbox 411 3229 465 3286; x_wconf 89' lang='lat' dir='ltr'><em>cst.</em></span> <span class='ocrx_word' id='word_1_177' title='bbox 492 3226 591 3286; x_wconf 84' lang='lat' dir='ltr'><em>Instat</em></span> <span class='ocrx_word' id='word_1_178' title='bbox 611 3227 739 3303; x_wconf 82' lang='lat' dir='ltr'><em>proinde</em></span> <span class='ocrx_word' id='word_1_179' title='bbox 754 3232 932 3306; x_wconf 88' lang='lat' dir='ltr'><em>prasontcm</em></span> <span class='ocrx_word' id='word_1_180' title='bbox 956 3228 1157 3306; x_wconf 80' lang='lat' dir='ltr'><em>exceptionem</em></span> <span class='ocrx_word' id='word_1_181' title='bbox 1178 3223 1285 3308; x_wconf 81' lang='lat' dir='ltr'><em>(quam</em></span> <span class='ocrx_word' id='word_1_182' title='bbox 1299 3227 1327 3281; x_wconf 86' lang='lat' dir='ltr'><em>tn</em></span> <span class='ocrx_word' id='word_1_183' title='bbox 1339 3219 1373 3278; x_wconf 85' lang='lat' dir='ltr'><em>lis</em></span> 
     </span>
     <span class='ocr_line' id='line_1_23' title="bbox 278 3333 1373 3423; baseline -0.005 -23"><span class='ocrx_word' id='word_1_184' title='bbox 278 3343 502 3420; x_wconf 80' lang='lat' dir='ltr'><em>scm&#39;ptisjurat,</em></span> <span class='ocrx_word' id='word_1_185' title='bbox 518 3358 577 3401; x_wconf 91' lang='lat' dir='ltr'><em>non</em></span> <span class='ocrx_word' id='word_1_186' title='bbox 592 3337 899 3423; x_wconf 86' lang='lat' dir='ltr'><em>cssecalumnlosam),</em></span> <span class='ocrx_word' id='word_1_187' title='bbox 913 3343 1048 3418; x_wconf 83' lang='lat' dir='ltr'><em>admitti,</em></span> <span class='ocrx_word' id='word_1_188' title='bbox 1067 3346 1096 3401; x_wconf 87' lang='lat' dir='ltr'><em>et</em></span> <span class='ocrx_word' id='word_1_189' title='bbox 1106 3342 1296 3420; x_wconf 84' lang='lat' dir='ltr'><em>probationes</em></span> <span class='ocrx_word' id='word_1_190' title='bbox 1308 3333 1373 3396; x_wconf 79' lang='lat' dir='ltr'><em>call·</em></span> 
     </span>
     <span class='ocr_line' id='line_1_24' title="bbox 278 3449 1373 3535; baseline -0.006 -19"><span class='ocrx_word' id='word_1_191' title='bbox 278 3457 356 3517; x_wconf 85' lang='lat' dir='ltr'><em>tritos</em></span> <span class='ocrx_word' id='word_1_192' title='bbox 374 3459 541 3535; x_wconf 84' lang='lat' dir='ltr'><em>acceptari,</em></span> <span class='ocrx_word' id='word_1_193' title='bbox 571 3462 601 3516; x_wconf 91' lang='lat' dir='ltr'><em>ct</em></span> <span class='ocrx_word' id='word_1_194' title='bbox 623 3460 736 3517; x_wconf 87' lang='lat' dir='ltr'><em>interca</em></span> <span class='ocrx_word' id='word_1_195' title='bbox 758 3460 839 3518; x_wconf 88' lang='lat' dir='ltr'><em>circa</em></span> <span class='ocrx_word' id='word_1_196' title='bbox 859 3455 1116 3533; x_wconf 69' lang='lat' dir='ltr'><em>confirmationem</em></span> <span class='ocrx_word' id='word_1_197' title='bbox 1143 3457 1221 3518; x_wconf 81' lang='lat' dir='ltr'><em>nllcll</em></span> <span class='ocrx_word' id='word_1_198' title='bbox 1239 3449 1373 3521; x_wconf 57' lang='lat' dir='ltr'><em>innocui·</em></span> 
     </span>
     <span class='ocr_line' id='line_1_25' title="bbox 276 3564 1370 3652; baseline -0.001 -19"><span class='ocrx_word' id='word_1_199' title='bbox 276 3572 368 3633; x_wconf 87' lang='lat' dir='ltr'><em>aliter</em></span> <span class='ocrx_word' id='word_1_200' title='bbox 376 3575 564 3651; x_wconf 85' lang='lat' dir='ltr'><em>protestatur</em></span> <span class='ocrx_word' id='word_1_201' title='bbox 578 3573 615 3632; x_wconf 81' lang='lat' dir='ltr'><em>cla</em></span> <span class='ocrx_word' id='word_1_202' title='bbox 630 3572 771 3634; x_wconf 88' lang='lat' dir='ltr'><em>nullitate</em></span> <span class='ocrx_word' id='word_1_203' title='bbox 782 3571 1029 3649; x_wconf 75' lang='lat' dir='ltr'><em>confirmationis,</em></span> <span class='ocrx_word' id='word_1_204' title='bbox 1050 3578 1195 3652; x_wconf 87' lang='lat' dir='ltr'><em>prouocat</em></span> <span class='ocrx_word' id='word_1_205' title='bbox 1209 3573 1250 3634; x_wconf 85' lang='lat' dir='ltr'><em>acl</em></span> <span class='ocrx_word' id='word_1_206' title='bbox 1262 3586 1327 3650; x_wconf 79' lang='lat' dir='ltr'><em>quos</em></span> <span class='ocrx_word' id='word_1_207' title='bbox 1344 3564 1370 3624; x_wconf 76' lang='lat' dir='ltr'><em>ic</em></span> 
     </span>
     <span class='ocr_line' id='line_1_26' title="bbox 270 3687 1425 3777; baseline -0.005 -23"><span class='ocrx_word' id='word_1_208' title='bbox 270 3701 353 3777; x_wconf 81' lang='lat' dir='ltr'><em>jure,</em></span> <span class='ocrx_word' id='word_1_209' title='bbox 369 3695 398 3750; x_wconf 91' lang='lat' dir='ltr'><em>ct</em></span> <span class='ocrx_word' id='word_1_210' title='bbox 409 3692 488 3769; x_wconf 88' lang='lat' dir='ltr'><em>petit</em></span> <span class='ocrx_word' id='word_1_211' title='bbox 504 3705 653 3750; x_wconf 86' lang='lat' dir='ltr'><em>recursum</em></span> <span class='ocrx_word' id='word_1_212' title='bbox 668 3691 709 3751; x_wconf 87' lang='lat' dir='ltr'><em>acl</em></span> <span class='ocrx_word' id='word_1_213' title='bbox 724 3693 915 3771; x_wconf 86' lang='lat' dir='ltr'><em>superiorem.</em></span> <span class='ocrx_word' id='word_1_214' title='bbox 939 3693 1034 3752; x_wconf 88' lang='lat' dir='ltr'><em>Porro</em></span> <span class='ocrx_word' id='word_1_215' title='bbox 1060 3691 1184 3752; x_wconf 81' lang='lat' dir='ltr'><em>articuli</em></span> <span class='ocrx_word' id='word_1_216' title='bbox 1206 3695 1275 3752; x_wconf 89' lang='lat' dir='ltr'><em>sunt</em></span> <span class='ocrx_word' id='word_1_217' title='bbox 1296 3687 1371 3765; x_wconf 73' lang='lat' dir='ltr'><em>intro·</em></span> <span class='ocrx_word' id='word_1_218' title='bbox 1424 3709 1425 3748; x_wconf 63' lang='lat' dir='ltr'><em>r</em></span> 
     </span>
     <span class='ocr_line' id='line_1_27' title="bbox 280 3811 407 3890; baseline -0.024 -19"><span class='ocrx_word' id='word_1_219' title='bbox 280 3811 386 3890; x_wconf 80' lang='lat' dir='ltr'><em>&#39;scripti</em></span> <span class='ocrx_word' id='word_1_220' title='bbox 398 3825 407 3867; x_wconf 93' lang='lat'><em>:</em></span> 
     </span>
    </p>

    <p class='ocr_par' dir='ltr' id='par_1_10' title="bbox 278 3921 1424 4140">
     <span class='ocr_line' id='line_1_28' title="bbox 323 3921 1369 4006; baseline -0.003 -20"><span class='ocrx_word' id='word_1_221' title='bbox 323 3927 388 3989; x_wconf 80' lang='grc' dir='ltr'><em>«1ο</em></span> <span class='ocrx_word' id='word_1_222' title='bbox 405 3927 491 4005; x_wconf 79' lang='lat' dir='ltr'><em>Quoad</em></span> <span class='ocrx_word' id='word_1_223' title='bbox 510 3926 647 3987; x_wconf 82' lang='lat' dir='ltr'><em>dominns</em></span> <span class='ocrx_word' id='word_1_224' title='bbox 668 3927 708 3988; x_wconf 91' lang='lat' dir='ltr'><em>N.</em></span> <span class='ocrx_word' id='word_1_225' title='bbox 726 3943 785 4005; x_wconf 89' lang='lat' dir='ltr'><em>pra</em></span> <span class='ocrx_word' id='word_1_226' title='bbox 803 3928 914 4005; x_wconf 85' lang='lat' dir='ltr'><em>majore</em></span> <span class='ocrx_word' id='word_1_227' title='bbox 934 3930 1025 4006; x_wconf 87' lang='lat' dir='ltr'><em>parta</em></span> <span class='ocrx_word' id='word_1_228' title='bbox 1045 3925 1107 3986; x_wconf 77' lang='lat' dir='ltr'><em>eliel</em></span> <span class='ocrx_word' id='word_1_229' title='bbox 1128 3925 1203 3986; x_wconf 86' lang='lat' dir='ltr'><em>solet</em></span> <span class='ocrx_word' id='word_1_230' title='bbox 1220 3921 1369 3984; x_wconf 65' lang='lat' dir='ltr'><em>essecutus</em></span> 
     </span>
     <span class='ocr_line' id='line_1_29' title="bbox 278 4041 851 4104; baseline -0.002 -1"><span class='ocrx_word' id='word_1_231' title='bbox 278 4059 345 4104; x_wconf 83' lang='lat' dir='ltr'><em>cum</em></span> <span class='ocrx_word' id='word_1_232' title='bbox 360 4042 503 4104; x_wconf 84' lang='lat' dir='ltr'><em>scandalo</em></span> <span class='ocrx_word' id='word_1_233' title='bbox 517 4043 716 4104; x_wconf 74' lang='lat' dir='ltr'><em>secularium.</em></span> <span class='ocrx_word' id='word_1_234' title='bbox 737 4041 771 4104; x_wconf 76' lang='lat'><em>2⁰</em></span> <span class='ocrx_word' id='word_1_235' title='bbox 783 4044 851 4104; x_wconf 87' lang='lat' dir='ltr'><em>Etc.</em></span> 
     </span>
    </p>

    <p class='ocr_par' dir='ltr' id='par_1_11' title="bbox 322 4147 1423 4240">
     <span class='ocr_line' id='line_1_30' title="bbox 322 4147 1423 4240; baseline -0.002 -22"><span class='ocrx_word' id='word_1_236' title='bbox 322 4176 340 4218; x_wconf 82' lang='lat' dir='ltr'><em>a</em></span> <span class='ocrx_word' id='word_1_237' title='bbox 360 4161 458 4219; x_wconf 85' lang='lat' dir='ltr'><em>Testes</em></span> <span class='ocrx_word' id='word_1_238' title='bbox 472 4159 615 4238; x_wconf 85' lang='lat' dir='ltr'><em>producit</em></span> <span class='ocrx_word' id='word_1_239' title='bbox 630 4176 718 4240; x_wconf 90' lang='lat' dir='ltr'><em>super</em></span> <span class='ocrx_word' id='word_1_240' title='bbox 731 4161 830 4240; x_wconf 90' lang='lat' dir='ltr'><em>primo</em></span> <span class='ocrx_word' id='word_1_241' title='bbox 846 4158 981 4220; x_wconf 84' lang='lat' dir='ltr'><em>dominos</em></span> <span class='ocrx_word' id='word_1_242' title='bbox 999 4160 1030 4221; x_wconf 94' lang='lat' dir='ltr'><strong><em>N</em></strong></span> <span class='ocrx_word' id='word_1_243' title='bbox 1032 4203 1039 4218; x_wconf 91' lang='lat'><strong><em>.</em></strong></span> <span class='ocrx_word' id='word_1_244' title='bbox 1057 4163 1086 4220; x_wconf 89' lang='lat' dir='ltr'><em>et</em></span> <span class='ocrx_word' id='word_1_245' title='bbox 1100 4160 1139 4220; x_wconf 92' lang='lat' dir='ltr'><em>N.</em></span> <span class='ocrx_word' id='word_1_246' title='bbox 1154 4159 1248 4237; x_wconf 88' lang='lat' dir='ltr'><em>Super</em></span> <span class='ocrx_word' id='word_1_247' title='bbox 1265 4147 1367 4217; x_wconf 65' lang='lat' dir='ltr'><em>scurolo</em></span> <span class='ocrx_word' id='word_1_248' title='bbox 1422 4167 1423 4174; x_wconf 73' lang='grc'>’</span> 
     </span>
    </p>

    <p class='ocr_par' dir='ltr' id='par_1_12' title="bbox 248 4259 1257 4472">
     <span class='ocr_line' id='line_1_31' title="bbox 248 4259 566 4336; baseline 0 -2"><span class='ocrx_word' id='word_1_249' title='bbox 248 4259 250 4265; x_wconf 55' lang='grc'><strong>’</strong></span> <span class='ocrx_word' id='word_1_250' title='bbox 276 4273 410 4335; x_wconf 82' lang='lat' dir='ltr'><em>dominos</em></span> <span class='ocrx_word' id='word_1_251' title='bbox 424 4275 464 4335; x_wconf 94' lang='lat' dir='ltr'><em>N.</em></span> <span class='ocrx_word' id='word_1_252' title='bbox 481 4278 510 4334; x_wconf 89' lang='lat' dir='ltr'><em>et</em></span> <span class='ocrx_word' id='word_1_253' title='bbox 526 4276 566 4336; x_wconf 93' lang='lat' dir='ltr'><em>N.</em></span> 
     </span>
     <span class='ocr_line' id='line_1_32' title="bbox 321 4389 1257 4472; baseline 0 -26"><span class='ocrx_word' id='word_1_254' title='bbox 321 4407 338 4446; x_wconf 74' lang='lat' dir='ltr'><em>a</em></span> <span class='ocrx_word' id='word_1_255' title='bbox 357 4389 418 4465; x_wconf 81' lang='lat' dir='ltr'><em>Epo</em></span> <span class='ocrx_word' id='word_1_256' title='bbox 431 4391 470 4449; x_wconf 93' lang='lat' dir='ltr'><em>N.</em></span> <span class='ocrx_word' id='word_1_257' title='bbox 485 4393 611 4468; x_wconf 77' lang='lat' dir='ltr'><em>accipio,</em></span> <span class='ocrx_word' id='word_1_258' title='bbox 628 4395 716 4463; x_wconf 83' lang='lat' dir='ltr'><em>insto,</em></span> <span class='ocrx_word' id='word_1_259' title='bbox 736 4398 884 4470; x_wconf 87' lang='lat' dir='ltr'><em>protestor</em></span> <span class='ocrx_word' id='word_1_260' title='bbox 898 4398 927 4451; x_wconf 88' lang='lat' dir='ltr'><em>ct</em></span> <span class='ocrx_word' id='word_1_261' title='bbox 939 4393 1056 4472; x_wconf 89' lang='lat' dir='ltr'><em>appollo</em></span> <span class='ocrx_word' id='word_1_262' title='bbox 1069 4398 1103 4453; x_wconf 89' lang='lat' dir='ltr'><em>ut</em></span> <span class='ocrx_word' id='word_1_263' title='bbox 1121 4409 1220 4469; x_wconf 85' lang='lat' dir='ltr'><em>supra.</em></span> <span class='ocrx_word' id='word_1_264' title='bbox 1242 4410 1257 4446; x_wconf 77' lang='lat' dir='ltr'><em>s</em></span> 
     </span>
    </p>
   </div>
   <div class='ocr_carea' id='block_1_7' title="bbox 0 0 1455 5114">
    <p class='ocr_par' dir='ltr' id='par_1_13' title="bbox 0 0 1455 5114">
     <span class='ocr_line' id='line_1_33' title="bbox 0 0 1455 5114; baseline 0 0"><span class='ocrx_word' id='word_1_265' title='bbox 0 0 1455 5114; x_wconf 95' lang='lat' dir='ltr'><em> </em></span> 
     </span>
    </p>
   </div>
  </div>
 </body>
</html>
