2838 5114
506 347 585 396 rans
607 349 767 396 secunus.
1128 335 1190 398 363

99 485 258 536 emensum
274 478 340 548 est,
359 471 588 557 episcopalium
602 491 644 539 er
657 473 832 538 informata
851 471 1045 538 conscientie
1063 482 1194 540 senten

94 589 198 652 liarnm
214 585 435 670 disciplinam,
454 608 473 654 a
491 588 680 655 Tridentino
698 588 822 674 synodo
838 587 1027 666 inductam,
1041 587 1193 673 injustam

93 710 142 766 aut
155 721 300 785 pravam,
318 711 375 769 aut
389 703 486 770 saluti
500 705 682 771 animarum
701 707 829 770 nomam
842 703 1075 788 pronuntiare3
1095 723 1190 790 mque

91 835 224 900 prorsus,
251 825 349 903 atque
364 837 406 884 cx
422 819 537 886 endem
551 821 681 887 omnino
706 822 846 897 ratione,
864 820 1073 885 temerarium
1090 827 1125 885 ct
1140 839 1193 886 er-

90 935 210 999 mneum
229 941 290 1013 est,
307 933 342 1000 id
361 933 403 1001 de
419 936 588 1003 obtinente
610 939 702 1021 prins
722 938 825 1003 altera
844 936 1012 1020 disciplina
1032 953 1189 1002 asserere.
1246 965 1250 976 ·

88 1049 122 1112 lit
134 1049 288 1134 numquid
303 1051 389 1116 enim
405 1069 466 1135 per
481 1053 591 1135 priora
605 1052 855 1138 quatuordecim
876 1052 992 1117 secula
1015 1051 1192 1118 Ecclesiam

86 1164 267 1230 catholicam
286 1164 371 1249 fugit
389 1167 469 1252 quid
486 1165 544 1232 fini
562 1187 621 1235 suo
640 1169 833 1254 expediret?
853 1174 910 1234 aut
932 1169 1040 1250 potuit
1056 1187 1096 1232 ex
1118 1187 1193 1252 pra·

86 1281 176 1345 vitate
191 1281 244 1346 vel
269 1282 462 1364 ignorantia,
481 1282 572 1368 quod
597 1301 733 1367 pravum
756 1285 789 1348 in
812 1303 848 1350 se
872 1291 940 1360 cst,
959 1291 1016 1350 ant
1037 1283 1189 1362 stultum,

83 1397 330 1461 antoninorum
356 1395 454 1462 saluti
481 1400 629 1477 noxium,
657 1399 812 1482 amplecti
839 1405 874 1464 et
899 1399 1104 1482 praecipere?
1127 1397 1193 1482 Op·

81 1519 241 1594 portunam
259 1531 339 1597 ergo
357 1513 456 1580 fuisse
473 1515 693 1582 Tridentinam
720 1517 809 1582 illam
832 1514 1069 1580 ordinationem
1103 1514 1193 1598 quis·

80 1647 134 1712 que
148 1629 325 1696 catholicus
342 1639 377 1696 et
395 1639 503 1714 potest
528 1640 563 1698 et
588 1631 689 1698 debet
707 1633 892 1698 existimare
908 1639 1006 1716 atqua
1027 1629 1188 1714 profiteri.

79 1746 190 1812 livero
226 1748 255 1811 si
292 1765 424 1831 pravam
454 1748 553 1814 finisse
589 1749 785 1814 anteriorem
820 1746 1020 1830 disciplinam
1055 1753 1189 1826 asserat,

78 1862 289 1945 proculdubio
301 1881 320 1928 a
333 1881 409 1930 sana
425 1863 571 1929 doctrina
587 1864 712 1942 devius,
732 1863 853 1930 erroris
864 1863 1047 1946 praecipitio
1062 1863 1193 1928 immer-

80 1979 168 2061 gitur.

114 2095 217 2180 dquo
233 2113 349 2166 errore
365 2115 430 2160 non
450 2095 526 2160 satis
546 2095 717 2160 recessisse
732 2094 867 2164 ridetur
887 2093 1192 2162 Reverendissimus

75 2212 276 2278 Lucionensis
298 2213 494 2296 Episcopus,
520 2213 552 2277 in
570 2230 628 2277 suo
652 2212 778 2277 recenti
793 2211 878 2277 libro
898 2211 952 2276 cui
972 2211 1103 2288 titulus,
1132 2215 1192 2279 Des

75 2331 223 2392 taraces
238 2330 421 2410 episcopales
440 2332 478 2392 dc
491 2334 656 2392 conscience
671 2331 816 2409 informis
834 2326 925 2414 (adit.
948 2327 1058 2409 anon
1091 2328 1188 2403 1852,

75 2461 140 2527 pag.
157 2441 251 2528 225).
273 2445 377 2528 Atque
391 2443 443 2519 id,
468 2463 527 2528 pro
542 2463 615 2510 meo
630 2444 917 2528 quantulicumque
939 2443 1109 2526 scriptoris
1129 2439 1190 2506 de-

73 2559 153 2639 bito,
169 2582 188 2627 a
203 2581 259 2628 me
274 2561 327 2626 hic
336 2559 495 2637 adnotari,
508 2579 573 2626 non
588 2579 674 2644 aegre
688 2560 774 2626 ferat
785 2560 1021 2626 illustrissimus
1034 2555 1186 2624 Antiste's.
1300 2591 1304 2598 ·

74 2675 106 2741 ln
136 2677 239 2743 citato
273 2695 391 2760 nempe
419 2678 547 2760 praefati
575 2677 652 2742 libri
679 2678 772 2754 loco,
801 2684 971 2760 postquam
1001 2675 1190 2740 luculenter

73 2792 219 2873 probavit
233 2790 388 2857 laudatus
399 2792 537 2871 Praesul,
557 2800 633 2858 ante
644 2791 865 2858 Tridentinam
880 2789 1042 2876 synodum
1052 2789 1103 2856 ias
1117 2789 1191 2873 Epi-

72 2927 165 2993 scopo
182 2927 251 2975 non
266 2907 366 2974 fnisse
378 2909 422 2974 ob
438 2908 562 2974 delicta
574 2908 703 2974 occulta
719 2907 815 2994 (idest
829 2908 915 2974 fama
929 2905 1075 2974 nondum
1087 2905 1192 2972 ‹livu-

72 3029 156 3108 gata,
170 3033 230 3095 aut
245 3025 280 3089 in
290 3025 433 3108 regulari
441 3022 565 3110 judicio
576 3043 643 3090 non
654 3021 803 3110 probata)
827 3023 1064 3091 ordinationem
1089 3022 1191 3089 dene·

72 3159 160 3224 gare,
180 3142 272 3208 circa
287 3141 370 3206 hano
384 3140 634 3225 quatuordecim
648 3141 841 3206 seculorum
856 3139 1060 3223 disciplinam
1071 3139 1116 3210 iia
1128 3139 1189 3204 sibi

71 3254 159 3341 fingit
172 3255 274 3342 objici
292 3275 299 3321 :
318 3258 377 3320 Sed
389 3259 423 3319 ici
440 3275 582 3338 mapsam
598 3258 712 3320 ciclum
725 3259 787 3336 fcit
804 3255 892 3342 (moia
906 3256 1013 3318 c'itoii
1034 3275 1078 3318 os
1091 3257 1202 3336 proad-

71 3370 152 3456 moi).
168 3373 276 3454 Quam
292 3369 506 3455 objectionem
522 3370 644 3436 nedum
666 3369 835 3447 confutet,
855 3387 926 3436 eam
952 3387 1013 3454 pro
1033 3369 1197 3453 ipsissima

71 3489 208 3558 veritate
221 3485 402 3570 accipiens,
429 3486 609 3570 respondet
626 3509 633 3552 :
653 3491 778 3569 Utique,
805 3493 838 3552 ic
853 3489 1008 3552 amicitis
1021 3493 1191 3568 pruscam

69 3607 183 3668 casibus
200 3622 211 3666 :
227 3603 335 3666 acarna
347 3609 391 3664 cst
406 3605 484 3684 quod
502 3605 634 3666 Ecclesia
656 3610 804 3667 coniciam
823 3605 910 3666 illum
927 3604 1120 3683 disciplinam
1142 3621 1191 3665 co·

70 3720 157 3782 lucrii
179 3717 278 3804 (ocos
292 3719 398 3796 coice,
422 3725 540 3780 cunoni
553 3738 589 3780 cc
602 3723 748 3782 cerioirscs
765 3725 933 3782 rescontres
946 3738 957 3780 .·
983 3723 1013 3780 ci
1027 3719 1109 3780 cciid
1119 3718 1190 3798 pri·

69 3837 368 3917 oisimcutpccrqooi
380 3820 508 3915 l'liplisc
525 3854 544 3898 c
559 3835 682 3914 moissi
699 3842 774 3899 cette
792 3831 975 3917 discipline).

110 3952 171 4017 llla
186 3969 250 4034 ego
271 3947 373 4015 verba
387 3949 545 4016 incassum
558 3951 683 4016 tentavi
697 3948 740 4014 ad
755 3950 927 4033 benignam
942 3948 1187 4033 interpretatio·

69 4085 140 4132 nem
158 4066 353 4148 inflectere3
372 4084 434 4130 nec
448 4065 539 4147 potui
550 4065 627 4149 quin
640 4063 956 4131 minusconsidarate
974 4063 1101 4147 prolata
1124 4065 1190 4129 exi·

68 4184 245 4248 stimarem.
264 4180 442 4246 nissum
457 4180 601 4246 MdlUM
616 4181 715 4245 fuisse
734 4180 933 4263 disciplinam
949 4187 1000 4245 tot
1018 4179 1143 4245 seculis
1154 4179 1189 4246 in

69 4298 215 4364 Ecclesia
230 4297 385 4364 catholica
397 4298 560 4380 vigentem
578 4314 783 4382 nequaquam
795 4313 941 4362 asserere
956 4295 1005 4359 ios
1018 4301 1070 4360 est
1090 4314 1097 4359 :
1127 4293 1189 4360 hoo
1283 4291 1285 4294 ⁴

69 4435 164 4484 aures
186 4413 352 4482 catholicae
378 4394 493 4484 audire
519 4414 699 4498 refugiunt.
719 4415 833 4504 Neque
859 4413 944 4510 onim
968 4412 1016 4478 ias
1044 4429 1187 4506 unquam
