2848 5118
72 383 75 390 =
137 397 140 402 ·
256 355 315 420 194
597 366 785 416 maranus
806 367 851 414 os
872 365 1021 413 runicus

252 494 331 562 dum
352 512 429 558 reus
445 492 656 574 exceptiones
674 508 747 558 suas
760 491 911 574 opponit;
929 508 992 554 nee
1015 490 1114 554 etiam
1136 487 1216 554 dum
1232 507 1351 570 respun-

250 607 310 679 det
330 607 478 692 petitioni
504 606 641 685 actoris,
662 606 690 672 si
703 623 859 689 expresso
889 610 1092 689 protestetur
1111 622 1145 668 se
1169 601 1352 687 respondere
1416 579 1417 668 i

250 727 318 792 sine
332 724 511 792 intentione
524 721 728 790 contestandi
748 723 852 801 litem,
870 721 948 788 vide
964 718 1054 804 apud
1070 719 1238 788 laudatum
1256 727 1353 786 nuato

249 860 321 908 rem
337 841 449 927 (oitato
461 840 545 918 loco,
558 859 591 904 n.
604 835 650 924 6).

705 1121 840 1188 CAPUT
871 1123 912 1187 ΙΙ.

249 1393 293 1439 DE
316 1386 511 1439 summittere
534 1389 732 1449 CALUMIAE,
761 1388 816 1435 UBI
845 1389 886 1435 ET
909 1390 952 1435 DE
975 1389 1172 1437 Junumnnro
1196 1389 1352 1437 vnninums

694 1504 735 1550 ET
757 1502 910 1551 MALITIAE.

294 1771 447 1836 Dicemus
476 1775 507 1835 1⁰
534 1768 613 1854 quid
631 1771 695 1834 sint
718 1768 878 1854 ejusmodi
894 1768 1101 1854 juramenta3
1123 1773 1157 1834 2⁰
1189 1769 1350 1854 quomodo,

249 1903 351 1969 usque
367 1881 411 1950 ad
425 1886 608 1950 recentiora
622 1893 791 1966 tempora,
811 1884 1013 1950 intellectum
1030 1885 1131 1950 inerit
1151 1905 1170 1949 a
1195 1885 1355 1950 canonistis

246 1998 301 2084 jus
317 2019 487 2066 commune
502 2002 691 2065 eiroausum
705 1998 864 2084 ejusmodi
887 1999 1147 2084 juramentorum
1158 2001 1192 2064 in
1203 2001 1305 2066 causis
1320 2001 1355 2064 oi·

250 2116 386 2200 vilibus3
402 2121 480 2182 3⁰et
496 2115 659 2202 quomodo
678 2117 712 2180 in
725 2117 828 2182 causis
840 2117 1078 2202 criminalibus;
1097 2119 1131 2182 4⁰
1148 2136 1295 2203 quaenam
1309 2115 1355 2180 ho

248 2229 372 2298 diernis
388 2232 591 2315 temporibus
602 2232 762 2317 generalis
776 2233 885 2316 praxis
900 2233 1081 2299 invaluerit
1099 2241 1133 2300 et
1150 2231 1310 2300 servanda
1322 2231 1356 2296 sit

250 2365 269 2410 a
286 2344 451 2432 judicibus
462 2348 697 2415 ecelesiasticis.

767 2602 790 2676 .§
808 2599 834 2662 Ι.

423 2816 486 2876 ortu
508 2816 540 2865 sit
565 2819 723 2880 juramentum
749 2817 891 2880 mlumniae,
917 2818 1024 2868 veritatis
1047 2827 1070 2866 et
1097 2819 1200 2868 malitias.

296 3046 447 3128 Qumsmo
479 3050 519 3110 1¹.
543 3083 589 3094 -
614 3051 695 3128 Quid
710 3055 751 3112 sit
758 3053 965 3130 juramentum
979 3048 1161 3111 calumnia?
1188 3085 1233 3098 -
1244 3048 1356 3113 Colum·

253 3163 314 3227 niae
331 3160 489 3228 voeabula
504 3161 593 3245 apud
616 3161 823 3248 jurisperitos
837 3183 902 3228 non
920 3170 1048 3228 tantum
1063 3164 1259 3246 exprimitur
1274 3164 1356 3228 falso

254 3295 328 3343 rum
343 3276 512 3341 criminum
528 3278 712 3357 intentatio,
726 3277 787 3344 sed
808 3279 905 3344 etiam
924 3278 1080 3364 qualibet
1100 3279 1191 3344 frans
1209 3281 1242 3344 in
1258 3278 1356 3344 litibus

252 3391 412 3458 adhibita.
426 3393 510 3458 'Hine
531 3391 752 3476 juramentum
771 3395 949 3472 calumnie,
969 3414 1028 3460 seu
1047 3394 1236 3460 devitanda
1251 3396 1357 3460 nalum·

254 3509 317 3584 nin,
334 3505 417 3572 iilud
429 3497 559 3591 est'quo
572 3516 712 3593 uterque
728 3511 856 3592 litigans
872 3509 971 3594 jurat,
993 3529 1027 3576 se
1049 3511 1133 3576 bona
1157 3509 1223 3577 fide
1243 3525 1356 3576 eausam
1380 3511 1384 3519 '

254 3623 430 3706 suscepisse
446 3630 482 3688 et
496 3623 581 3688 velle
598 3626 767 3710 prosequi,
787 3626 913 3692 nullum
928 3627 1046 3692 falsum
1059 3628 1195 3692 sumen
1211 3628 1357 3692 intentan-

254 3736 309 3816 do,
323 3737 401 3802 nihil
429 3734 551 3802 fraudis
578 3735 776 3806 adhihenda.
799 3741 895 3806 Binns
912 3739 954 3806 de
972 3742 1028 3806 ilio
1044 3740 1233 3825 juramento
1259 3737 1357 3806 defini·

254 3853 360 3918 tiones
376 3851 508 3918 exhibet
519 3852 811 3938 Sohmalzgrueber
825 3856 886 3922 hoe
897 3857 994 3924 modo
1009 3879 1017 3923 ι
1035 3862 1091 3922 Est
1098 3864 1357 3940 juramentoriam

250 3974 357 4050 partes
376 3953 660 4052 ittiqootesjurunt,
676 3975 756 4051 quart
770 3977 804 4036 io
814 3976 945 4054 judicia,
963 3981 1025 4038 tom
1041 3976 1167 4054 apendm
1189 3989 1278 4055 mmm
1293 3973 1357 4034 euti·

245 4086 363 4167 ,proauo
377 4087 616 4165 etdefemienda
630 4089 738 4168 absque
748 4091 857 4169 froude
872 4097 901 4154 et
916 4091 1067 4154 calumnie
1077 4096 1206 4169 uersari,
1219 4094 1358 4166 ananau

256 4202 331 4262 bono
342 4198 405 4278 fide
413 4219 559 4282 manuue
576 4204 683 4266 velint.
697 4203 767 4280 Vel,
783 4211 820 4269 ut
836 4204 900 4280 alii,
918 4204 1074 4270 brevius:
1102 4209 1357 4288 nujammasau

255 4333 275 4377 a
289 4316 480 4396 tirraaauaa
494 4336 582 4398 super
592 4336 684 4382 rouro
697 4316 994 4402 bertarido-stateem
1005 4328 1035 4384 et
1049 4321 1186 4403 deinceps
1197 4334 1358 4403 prosequor

239 4431 650 4516 ·ua.proestanuam.(1nttt.
670 4441 699 4510 7,
716 4434 792 4502 litari
807 4434 986 4515 inseret,
999 4458 1031 4502 n.
1048 4434 1094 4520 ἰ)
1107 4439 1229 4522 Exque
1242 4435 1355 4502 notione
