2836 5118
485 287 563 332 mas
586 286 743 334 sncunnn.
1108 274 1165 336 311

82 411 161 476 «ciiii
175 412 315 488 censuit,
337 418 435 494 caput
457 410 598 494 primum
606 412 760 477 sessionis
785 413 821 476 ll
852 411 899 498 (da
923 411 1171 497 Reformatimre),

82 525 216 592 «habere
231 527 338 592 locum
355 527 389 590 in
404 525 666 609 suspensionibus
678 532 712 591 et
728 526 997 610 prohibitionibus
1009 536 1077 594 tam
1092 537 1177 594 tem·

80 643 246 726 «porariis,
275 660 370 727 quam
387 643 572 726 perpetuis;
589 651 623 706 et
636 642 849 726 temporalem
871 643 1120 727 prohibitionem
1142 653 1177 711 et

80 759 338 844 «suspensionem
357 759 423 824 dici
442 779 529 837 eam,
551 759 608 824 ubi
627 778 668 823 ex
695 751 817 824 delicto
835 760 963 826 occulto
990 760 1179 845 extra-judi·

80 875 222 939 «cialiter
248 875 396 958 procedit
413 875 599 959 Episcopus,
622 871 665 939 ad
686 893 780 940 suum
803 875 1046 958 beneplacitum
1074 876 1180 960 probi·

80 989 204 1056 «bendo
220 990 274 1056 vel
291 990 465 1074 suspendo.
485 1012 501 1052 u

115 1107 356 1173 «Bononiensis
378 1107 524 1172 vicarius
550 1108 712 1192 supplicat
735 1105 910 1185 declarari,
938 1127 979 1172 an
1004 1105 1183 1174 Ordinariis

79 1222 264 1301 «locorum,
290 1223 400 1306 vigore
427 1223 591 1292 facultatis
616 1223 676 1289 sibi
703 1243 861 1290 concesse
887 1244 905 1288 a
928 1242 1021 1289 sacro
1048 1224 1183 1292 concilio

4 1329 6 1353 ³
79 1337 305 1415 «Tridentino,
331 1339 477 1406 sessionis
500 1339 665 1421 cacapite
688 1340 810 1422 primo,
833 1343 871 1404 cle
890 1343 1128 1419 deformatione,
1151 1340 1186 1405 li·

4 1431 7 1466 ³
80 1461 171 1518 «oeat
191 1454 236 1520 ob
255 1454 414 1536 legitimas
433 1473 544 1518 causas
563 1454 779 1537 suspendere,
802 1455 899 1518 etiam
921 1452 1186 1538 extra-judiciali-

78 1577 172 1648 «ter,
200 1570 339 1634 clericos
361 1577 395 1634 et
422 1569 634 1654 presbyteros
658 1570 851 1647 saeculares,
883 1572 980 1634 etiam
1007 1570 1184 1652 parochos,

4 1671 7 1704 ⁵
78 1687 158 1750 «sibi
187 1685 356 1763 subditos,
390 1685 517 1750 sublata
540 1686 585 1750 eis
613 1692 775 1768 potestate
799 1683 995 1769 appellandi.
1022 1723 1066 1734 --
1092 1687 1188 1753 Sacra

4 1815 6 1825 ⁴
78 1802 316 1886 «Congregatio
340 1802 522 1886 respondit,
546 1801 725 1868 Ordinariis
742 1809 780 1867 ut
801 1821 898 1886 supra
916 1802 1055 1867 licere.»
1081 1803 1189 1890 (Libro

4 1934 8 1943 ¹
73 1915 279 1984 decretorum
307 1921 368 1996 19,
391 1918 470 1982 10110
499 1919 565 1982 416
589 1937 608 1982 a
629 1925 739 2001 tergo,
766 1916 827 1983 sub
853 1917 907 1982 die
935 1919 971 1982 ll
1004 1918 1189 1985 novembris
1233 1906 1236 1911 ¹
1300 1979 1305 1989 .

4 2021 8 2062 ³
77 2032 181 2118 1654.)

4 2140 5 2178 ³
117 2183 127 2202 «
146 2151 329 2235 Episcopus
342 2171 381 2216 ex
398 2152 502 2216 causis
515 2150 576 2216 sibi
594 2150 679 2216 notis
694 2147 737 2236 (1)
753 2148 922 2234 suspendit
938 2151 1190 2218 acelebratione

79 2275 136 2332 «et
163 2266 318 2333 ordinum
360 2268 514 2332 exercitio
545 2265 776 2351 presbyterum
815 2268 1018 2332 Dominicum
1050 2269 1194 2352 Gugliel-

4 2409 5 2412 ¹
79 2415 87 2434 «
103 2405 215 2466 mum;
236 2403 333 2470 quem
354 2381 493 2448 subinde
510 2383 723 2466 irregularem
745 2381 937 2460 declaravit,
963 2404 1004 2448 ex
1028 2403 1092 2468 quo
1111 2386 1187 2464 iste,

78 2502 257 2586 «neglecta
272 2501 481 2584 suspensione
506 2499 678 2582 praedicta,
703 2498 894 2564 celebravit.
919 2499 1037 2565 Habito
1055 2500 1192 2584 proinde

4 2611 5 2614 '
79 2638 165 2702 «per
185 2619 396 2686 Dominicum
419 2637 555 2682 recursu
573 2616 614 2681 ad
633 2617 935 2701 Metropolitanum,
963 2623 998 2682 et
1017 2626 1130 2700 postea
1150 2616 1193 2683 ad

4 2727 5 2732 ’
79 2734 322 2819 -Apostolicam
341 2734 525 2808 Camenam,
549 2731 682 2798 tandem
707 2751 748 2798 ex
774 2731 909 2797 decreto
932 2730 1094 2798 Auditoris
1116 2733 1194 2798 San·

4 2865 5 2868 ’
80 2851 245 2918 «ctissimi
267 2851 398 2916 remissa
414 2849 477 2914 fait
495 2851 646 2915 instantia
661 2848 704 2914 ad
721 2849 804 2914 hanc
821 2850 949 2914 Sacram
971 2850 1197 2936 Congregatic·

79 2991 198 3053 «nem,
222 2987 293 3054 quae
319 2965 380 3031 sub
399 2965 452 3030 die
475 2969 514 3030 15
532 2965 717 3030 novembris
736 2966 882 3049 proxime
900 2966 1059 3048 praeteriti
1078 2969 1195 3035 rescri-

79 3120 90 3140 «
105 3089 184 3172 psit,
199 3093 249 3166 ut,
265 3084 358 3148 firma
370 3090 559 3148 remanente
569 3083 789 3167 suspensione,
800 3101 894 3148 causa
904 3082 938 3145 in
950 3081 1107 3149 hodierno
1118 3085 1196 3153 folio

4 3199 6 3204 ’
81 3201 366 3268 «describeretur.
400 3197 491 3263 Unde
509 3204 647 3282 utraque
666 3206 759 3280 parte
782 3198 994 3275 informante,
1016 3199 1196 3266 decernen-

82 3320 191 3385 «dum
214 3315 433 3400 proponitur:
458 3317 490 3378 1⁰
506 3334 545 3378 an
569 3311 654 3378 diota
671 3313 836 3396 suspensio
858 3333 899 3378 ex
918 3315 1021 3379 causis
1039 3316 1196 3400 Episcopo

82 3466 92 3484 «
108 3435 198 3498 notis
211 3431 314 3496 fuerit
328 3427 444 3494 valida.
461 3428 552 3492 2⁰An
563 3427 607 3492 ita
624 3445 797 3511 suspensus
813 3427 1009 3494 celebrando
1024 3431 1198 3496 incurrerit

81 3552 143 3615 «iu
163 3546 448 3630 irregularitatem.
465 3543 583 3610 -Dic
599 3543 696 3620 dicta,
715 3544 811 3608 Sacra
830 3544 1043 3628 Congregaiio
1064 3566 1199 3630 respon·

82 3665 162 3732 «dit
181 3663 256 3730 :Ad
275 3670 420 3746 primam,
445 3659 647 3725 affirmative.
666 3659 715 3724 nd
737 3665 907 3741 secuudum,
927 3659 1052 3728 distulit
1076 3665 1199 3731 resolu-

84 3783 239 3846 «tionem
256 3781 297 3842 acl
315 3761 440 3840 meatem
455 3797 466 3838 .·
491 3795 581 3840 mens
596 3783 646 3840 est
666 3783 703 3840 ut
727 3775 760 3838 in
781 3780 927 3858 proxima
950 3780 1198 3862 congregatione

84 3931 95 3950 «
112 3897 293 3972 referatur,
313 3913 353 3958 an
376 3893 577 3975 Gaglielmus
596 3891 813 3957 celebraverit
836 3900 911 3958 unte
933 3895 1197 3977 appellationem,

86 4013 175 4079 «vel
193 4017 268 4097 post
288 4010 457 4092 expletum
478 4015 608 4092 tempus
632 4007 859 4087 absolutionis,
892 4029 967 4088 cum
990 4012 1202 4080 reincideutia

86 4159 97 4182 «
115 4128 262 4194 obtentae
279 4147 297 4191 a
314 4123 573 4210 Metropolitano.
593 4152 606 4177 »
628 4123 736 4208 (Libro
750 4127 790 4190 37
810 4122 1031 4205 decretorum,
1045 4127 1122 4226 folio
1139 4131 1202 4195 714

121 4378 160 4440 (l)
181 4378 220 4426 110
234 4389 302 4425 voces
317 4389 349 4424 aa
363 4375 449 4423 courir
462 4373 511 4424 ribi
522 4375 590 4422 notis
603 4374 627 4422 in
638 4375 796 4436 manuscripto
807 4375 956 4434 reportamur
970 4375 1112 4424 sublinetur.

202 4467 232 4524 ll.
1024 4463 1055 4520 rt
