2948 5126
536 347 616 398 rsus
638 335 795 398 secunus.

666 567 692 628 1.

342 761 558 814 omuauuauouus
569 758 732 823 otttqetortu
746 771 777 810 eu
783 758 846 822 iuro
859 763 988 814 uoturott.

157 951 424 1020 Praemittendum
435 953 591 1038 imprimis
603 959 653 1019 est
664 951 859 1037 principium
867 948 1018 1038 generale
1032 953 1073 1020 ub
1084 955 1231 1023 omnibus

124 1069 315 1137 admissum:
336 1075 442 1136 Teucri
456 1073 568 1133 scilicet
556 1075 721 1150 tquemque
735 1071 776 1132 od
789 1073 982 1134 auertendum
1003 1094 1094 1154 preve
1108 1095 1233 1138 ιοιιιιιιιι-

122 1192 205 1250 uitet·
180 1195 220 1250 tus
235 1187 389 1266 domuum,
411 1191 502 1250 ettam
522 1206 588 1248 oum
602 1191 728 1268 proprio
743 1205 796 1248 suo
821 1191 1031 1252 incommodo:
1051 1195 1122 1252 item
1139 1195 1234 1255 teucri

121 1324 251 1386 quemque
265 1302 308 1366 ecl
319 1309 405 1365 overt
393 1304 513 1365 tendum
523 1321 615 1383 orave
627 1303 921 1385 domuumproximt,
937 1324 962 1366 su
958 1308 1107 1386 idposstt
1126 1310 1234 1390 absque

119 1425 233 1504 proprio
248 1439 300 1482 suo
314 1419 503 1495 detrimento,
520 1437 602 1480 secus
618 1424 645 1480 si
659 1438 719 1480 uon
732 1423 827 1498 possit
847 1419 955 1500 absque
968 1427 1093 1502 proprio
1107 1425 1239 1486 notabile

122 1537 307 1600 incommodo.
326 1533 397 1616 Quo
411 1533 609 1617 praelucente
625 1533 770 1617 generali
782 1533 911 1618 regula,
930 1535 1063 1602 videtur
1076 1533 1128 1622 ju's
1142 1547 1237 1603 natu-

124 1651 183 1718 rale
199 1651 287 1716 circa
297 1644 511 1714 denuntiandi
524 1647 751 1732 obligationem
768 1649 813 1712 sic
824 1664 917 1732 posse
935 1649 1155 1718 determinari.

161 1767 185 1834 1.
208 1757 240 1832 Si
256 1767 414 1834 delictum
431 1768 583 1832 nocivum
606 1765 648 1831 sit
671 1765 915 1846 communitati,
933 1769 1040 1854 etqui
1062 1772 1153 1836 novit
1171 1788 1246 1836 non

123 1881 216 1970 possit
232 1883 295 1949 ulio
310 1881 409 1948 modo
425 1878 659 1954 detrimentum
681 1902 807 1959 arcere,
825 1890 958 1948 tenetur
970 1881 1169 1968 judicialiter
1180 1885 1238 1952 de-

122 2002 275 2077 nuntiare,
297 1999 394 2065 etium
411 2005 484 2063 cum
501 1999 634 2083 proprio
654 1995 872 2067 incommodo.
891 1984 1011 2082 dperte
1030 2004 1178 2088 sequitur
1196 2024 1238 2068 ex

123 2132 279 2200 praemusso
291 2115 437 2198 generali
451 2113 626 2198 principie,
646 2121 752 2179 tenen
743 2101 891 2180 scilicet
877 2123 1067 2202 tquemque
1092 2138 1236 2185 eommu-

122 2231 215 2298 ιιιιιιι·Ι
197 2253 224 2298 us
183 2231 295 2297 ttde
296 2231 471 2296 ritnentum
486 2225 700 2312 praevertere,
728 2231 755 2294 si
773 2225 883 2314 possit
900 2234 997 2298 etiam
1015 2253 1089 2298 cum
1089 2237 1237 2328 proprio

124 2325 337 2412 incommodo.
360 2341 491 2410 liict
435 2348 491 2409 eut
493 2364 544 2409 em
556 2347 767 2426 supponimus
784 2344 1049 2413 denuntiatorem
1063 2369 1156 2434 posse
1170 2351 1237 2416 suf-

124 2450 264 2528 ficientes
277 2459 487 2547 probationes
503 2449 605 2545 judici
620 2459 849 2544 suppediturc3
870 2459 958 2528 unde
987 2463 1029 2528 ud
1044 2464 1236 2531 denuntien-

127 2572 198 2644 dum
209 2577 316 2644 teneri
330 2575 512 2642 censendus
525 2572 585 2641 est.
603 2571 708 2662 Atque
720 2575 755 2641 id
767 2565 1017 2662 intelligendum
1033 2589 1093 2658 est,
1111 2581 1235 2646 etiamsi

128 2689 274 2762 delictum
289 2696 330 2760 sit
347 2683 528 2784 occultum
544 2697 578 2759 et
592 2681 658 2759 sive
679 2695 719 2761 sit
735 2698 911 2780 patratum,
937 2685 1004 2764 siue
1019 2698 1232 2784 patrandum,

127 2801 204 2896 quia,
226 2833 267 2878 ex
283 2807 467 2898 hypothesi,
485 2807 614 2892 semper
642 2814 792 2875 remanet
815 2801 897 2878 ratio
918 2796 959 2877 ud
976 2799 1234 2880 denuntiandum

125 2938 248 3012 urgens,
270 2924 505 2994 detrimentum
529 2924 645 3008 nempe
671 2927 892 2992 communitati
914 2911 1150 3008 obventurum,
1174 2916 1234 2996 nisi

127 3042 345 3109 denuntietur.

167 3163 198 3225 t.
215 3161 246 3225 Si
257 3159 414 3225 delictum
427 3156 578 3223 nocivum
596 3157 637 3220 sit
652 3156 747 3221 alicui
760 3159 865 3223 tertiae
881 3177 1037 3241 personae,
1057 3167 1091 3226 et
1109 3163 1164 3246 qui
1175 3181 1233 3227 no·

128 3276 173 3340 uit
187 3296 249 3341 non
262 3276 364 3360 possit
376 3274 439 3339 ulio
450 3272 548 3338 modo
564 3271 799 3337 detrimentum
812 3273 893 3338 illud
905 3294 1028 3354 arcere,
1039 3285 1172 3344 tenetur
1184 3279 1233 3364 ju·

126 3378 279 3458 dicieliter
292 3390 488 3456 denuntiare
500 3410 508 3474 3
522 3407 588 3452 non
599 3395 707 3453 tamen
718 3407 791 3453 cum
802 3391 933 3472 proprio
944 3410 1002 3456 suo
1012 3391 1228 3462 incommodo.

127 3542 169 3555 —
185 3508 335 3594 Sequitur
349 3495 474 3590 puriter
493 3525 534 3569 ex
549 3503 713 3586 praem'isso
730 3522 827 3586 supra
845 3506 988 3587 generali
1000 3508 1168 3591 principie,
1183 3517 1233 3576 te-

126 3624 194 3687 neri
207 3623 329 3688 scilieet
345 3639 507 3707 quemque
523 3637 622 3704 graue
640 3617 793 3683 domnum
813 3621 951 3702 proximi
974 3629 1138 3701 avertere,
1154 3625 1181 3690 si
1198 3626 1233 3692 id

127 3729 221 3821 posstt
236 3731 357 3822 ubsque
372 3735 504 3818 proprio
519 3721 727 3799 detrimento.

171 3849 201 3919 3.
218 3841 420 3918 Sidciicturn
436 3841 496 3916 soii
509 3849 712 3934 delinquenti
729 3850 883 3915 noc'iv'um
903 3852 954 3930 sit,
980 3853 1036 3937 qui
1060 3838 1152 3921 novit
1169 3833 1233 3923 non

127 3973 259 4034 tenetur
268 3964 352 4034 iilud
368 3955 566 4051 iudicialiter
580 3963 772 4030 denuntiate
789 3973 864 4030 cnm
878 3968 1010 4051 proprio
1028 3989 1087 4034 suo
1113 3971 1237 4038 incom-

129 4075 243 4143 modo:
263 4077 333 4142 imo·
342 4069 469 4141 etiamsi
484 4072 584 4156 possit
600 4069 720 4156 absque
735 4061 867 4156 proprio
885 4074 1099 4154 incommodo,
1116 4087 1181 4145 non
1191 4078 1239 4145 vi·

130 4188 353 4258 detertenern
369 4211 416 4239 *-·
431 4184 528 4270 cuod
540 4196 609 4252 nou
619 4192 772 4252 teneatur
783 4195 857 4252 cum
874 4191 1008 4275 proprio
1020 4179 1235 4275 incommodo,

131 4303 274 4393 seqnitur
289 4302 504 4392 estprincipio
517 4293 835 4387 generannemi'nem
849 4303 957 4371 teneti
970 4307 1012 4373 ud
1026 4309 1241 4377 avertendum

133 4421 401 4512 mutumpronmi
414 4399 494 4489 uum*
504 4416 639 4508 proprio
650 4424 716 4485 sno*
725 4416 934 4487 detrimento.
952 4407 1048 4506 Quod
1057 4427 1126 4492 non‘
1131 4425 1248 4494 tenet*

1150 4543 1165 4571 Κ
