2878 5114
259 299 320 360 514
602 314 789 364 reserares
812 317 855 362 no
878 315 1028 376 sumens.

256 435 404 522 deberet)
430 457 557 520 nempe:
578 441 609 501 1⁰
627 443 688 520 ipsi
704 442 842 520 frequens
859 459 920 502 esse
943 459 1010 502 cum
1028 441 1160 520 quadarn
1172 442 1294 520 sumina,
1306 459 1344 502 no

255 559 336 616 mine
346 555 442 634 lello,
460 557 680 618 matrimoniali
691 557 809 618 uinculo
823 557 922 618 soluto
937 563 966 617 ct
976 561 1342 636 suspeelaeconaersnlimis‚

253 674 481 747 commercium,-
506 671 539 732 2⁰
557 674 686 752 scriptas
701 672 738 732 ab
753 689 786 732 eo
796 673 890 750 fuisse
909 671 1029 734 litteras
1048 677 1213 734 amatorios
1231 678 1257 734 et
1276 677 1303 734 in
1316 691 1346 732 se·

256 787 424 848 duellorum
437 789 529 848 nimis
542 793 644 866 operte
667 767 829 866 tendentes,
847 787 888 848 ad
900 787 1033 868 puellam
1051 791 1172 850 nomine
1193 788 1347 864 Biliamn;

255 918 319 978 pure
334 902 445 962 litterae
460 919 525 982 pra
538 902 675 964 manibus
690 906 856 982 penitorum
875 903 965 963 dictor
985 902 1122 964 Bibianu
1142 909 1245 964 entare
1267 903 1349 964 dicun

256 1023 322 1094 tur‚·
335 1019 369 1081 3⁰
387 1035 485 1080 mense
497 1019 644 1080 decembri
652 1021 907 1098 proesentisanni,
927 1020 999 1081 dnm
1012 1023 1046 1080 in
1064 1019 1186 1080 ecclesia
1199 1021 1229 1084 Ν
1231 1064 1252 1096 .,
1271 1020 1350 1098 adpo-

252 1136 359 1212 pnlum
376 1138 549 1226 concionem
565 1133 695 1209 liaberet,
717 1140 865 1199 assertum
876 1135 914 1200 alr
934 1138 998 1216 ipso
1012 1137 1118 1214 fuisse,
1143 1136 1217 1198 dorm
1234 1152 1288 1197 non
1305 1151 1350 1194 esse

254 1253 354 1311 onenio
371 1267 437 1329 quoe
455 1251 672 1329 posterioribus
687 1251 805 1312 suculis
827 1255 861 1311 in
879 1268 965 1311 suom
994 1252 1189 1332 disciplinam
1202 1251 1345 1332 panareton

253 1371 371 1430 inuenit
384 1368 516 1430 Ecclesia
524 1367 682 1446 catholico,
697 1373 726 1428 et
744 1372 889 1447 optimum
900 1385 1041 1449 quemque
1055 1369 1246 1449 catholicum,
1265 1370 1297 1430 de
1309 1367 1345 1428 lis

252 1501 312 1544 non
327 1484 470 1561 curando,
493 1486 554 1545 niti
567 1483 680 1559 debere,
703 1489 737 1543 nt
761 1485 802 1545 ad
819 1488 958 1566 priorum
977 1484 1153 1546 seminum
1165 1501 1293 1546 normam
1312 1501 1345 1542 re·

251 1599 374 1677 dectur;
389 1599 424 1662 4⁰
439 1601 572 1662 eumdem
589 1600 742 1661 Andreom
758 1618 833 1680 soepe
853 1604 886 1661 in
900 1601 1072 1662 ebrietatem
1090 1601 1232 1662 incidere.
1249 1600 1344 1661 Idcirco

249 1717 352 1778 colens
361 1719 512 1797 prefatus
526 1718 704 1778 reuerendus
720 1719 858 1780 Vicorius
879 1719 1028 1798 penerolis
1047 1717 1144 1796 officio
1171 1737 1225 1780 suo
1242 1717 1344 1794 satissa-

250 1851 324 1912 cere,
343 1835 476 1896 decreuit
491 1839 582 1914 prout
602 1837 687 1914 juris
710 1853 799 1914 snper
810 1835 970 1915 predictis
992 1839 1155 1914 inquirere.
1179 1839 1343 1916 Quapropter

249 1947 296 2012 me
312 1952 541 2030 infrascriptum
559 1953 713 2010 notarium
721 1949 875 2029 pullicum
897 1951 939 2012 ad
961 1969 1109 2012 cameram
1125 1969 1221 2028 suam,
1239 1951 1286 2011 uli
1299 1952 1343 2010 tri-

250 2067 342 2128 bunal
354 2071 451 2128 crocu
463 2065 527 2150 (vel
545 2070 578 2126 in
590 2068 671 2127 atrio
690 2069 844 2146 episcopii,
860 2067 911 2127 uli
922 2068 1045 2147 judicia
1063 2065 1133 2142 fieri
1152 2061 1254 2148 solent)
1273 2082 1341 2126 uoco·

248 2187 304 2260 uit,
332 2189 362 2244 ct
383 2187 416 2244 in
438 2185 609 2243 actuarinm
630 2182 799 2262 deputavit.
816 2183 891 2262 Acta
907 2187 978 2244 sunt
993 2183 1055 2242 lraec
1067 2183 1174 2261 die...,
1193 2185 1337 2254 mensis...,

248 2301 362 2360 anni...
380 2331 426 2348 ψ
441 2299 471 2374 Ν
474 2343 495 2374 .,
521 2298 659 2359 Vicorius
677 2298 943 2377 peneralispnderc.
963 2331 1008 2344 --
1023 2301 1063 2361 N.
1067 2345 1078 2376 ‚
1094 2302 1287 2360 actuarius.»

759 2581 775 2652 5
801 2577 843 2639 Il.

248 2801 357 2852 Formuln
368 2799 460 2862 quando
473 2797 599 2860 inquiritur
608 2797 638 2846 ob
652 2797 731 2846 habito
740 2795 883 2858 jurlioialiter
894 2797 1039 2846 rehesnentie
1050 2795 1146 2858 indicis,
1153 2797 1189 2846 uel
1199 2797 1339 2858 semi-plenum

724 2890 894 2954 probationem.

296 3129 385 3188 «Hic
397 3130 443 3187 est
456 3141 608 3203 processus
631 3123 839 3185 criminalis...
861 3121 906 3207 (et
921 3120 1046 3205 reliquo
1065 3122 1152 3187 utin
1166 3116 1343 3206 praecedenti

247 3238 412 3325 formula).
432 3244 507 3304 Cum
523 3244 601 3302 enim
617 3245 650 3301 in
660 3241 773 3301 ultimo
785 3257 839 3300 sun
853 3242 1029 3302 uisitatione
1042 3242 1214 3318 ordinario,
1236 3240 1344 3321 inpulsi·

247 3365 356 3423 tionem
383 3359 550 3440 penerclem
577 3361 760 3418 instituisset
774 3357 1040 3419 reverendissimus
1055 3359 1263 3422 Ambianensis
1282 3357 1345 3433 Epi-

246 3479 391 3555 scopusin
407 3475 515 3554 oppido
524 3475 564 3536 Ν.
568 3519 580 3551 ,
592 3477 711 3534 emersit
727 3473 960 3536 contradictum
978 3474 1131 3538 Andreom
1140 3477 1180 3538 N.
1185 3521 1197 3553 ,
1212 3473 1346 3536 cennens

245 3593 403 3671 indicium,
420 3590 457 3653 al
480 3608 513 3651 co
530 3591 682 3652 seductam
701 3589 794 3667 fnisse
813 3589 948 3668 proellum
965 3590 1138 3670 Rauranum,
1157 3608 1223 3670 quoe
1246 3588 1345 3670 prolem

245 3713 396 3792 peperisse
408 3710 557 3785 noscitnr‚·
573 3723 605 3770 eo
627 3707 706 3784 qnod
719 3723 823 3784 nempe
845 3711 948 3768 entant
973 3711 1002 3768 et
1024 3707 1066 3768 ad
1082 3707 1345 3768 reverendissimam

246 3830 423 3908 Episcopum
437 3825 541 3886 altore
553 3825 616 3884 sint
630 3825 785 3884 amatoriae
800 3823 921 3900 litterce,
944 3823 982 3910 ab
996 3824 1097 3885 eodem
1110 3824 1233 3886 Andreu
1245 3823 1282 3886 Ν.
1285 3867 1296 3898 ,
1313 3815 1346 3878 ul

244 3944 357 4019 dictam
371 3941 506 4020 punitam
519 3939 651 4009 directa.
671 3935 714 4021 (si
732 3933 934 4018 procedatur
950 3955 1015 4001 non
1037 3936 1079 4002 oh
1096 3935 1225 4016 indicia,
1242 3932 1296 4002 sed
1312 3929 1345 3998 ob

243 4054 466 4139 semi-plenam
493 4051 728 4134 probationem,¹
752 4059 894 4134 ponatur
907 4049 940 4136 z)
966 4056 1096 4116 Emersit
1120 4061 1226 4118 contra
1247 4055 1346 4116 dictur

244 4177 393 4250 Andrium
406 4175 447 4238 N.
451 4219 462 4250 ‚
480 4171 653 4251 semiplena
665 4171 805 4252 probatio
823 4172 860 4232 de
875 4171 1048 4233 munduloso
1073 4175 1169 4252 ipsius
1193 4168 1345 4233 commuue

182 4371 184 4374 Ι
244 4310 310 4364 cnm
320 4291 433 4371 puellis
455 4289 596 4369 perditis,
619 4305 684 4368 qnae
700 4291 733 4348 in
747 4287 878 4367 quadam
901 4288 988 4350 donia
1013 4288 1089 4350 dr'cti
1109 4289 1213 4368 oppidi
1226 4285 1345 4348 taline

243 4412 416 4483 noscuntur,
442 4423 475 4466 eo
500 4405 579 4484 quod
601 4421 705 4483 nempe
724 4405 853 4466 loannes
882 4407 936 4480 Ν.,
974 4408 1058 4466 testis
1083 4408 1165 4466 unni
1193 4403 1344 4482 earepliom
