2836 5118
517 295 597 344 rans
619 293 777 346 secunus.
1131 277 1196 342 345

92 419 292 506 requiruntur
302 420 336 486 in
350 419 495 488 ferendis
506 426 619 488 contra
638 419 773 487 clericos
790 439 833 488 ex
847 418 1021 486 informata
1034 419 1199 486 conscien-

93 537 131 604 tia
144 537 321 604 sententiis.

128 645 194 708 lam
216 663 297 709 vero
318 642 407 728 quod
419 642 586 730 Episcopi,
603 645 724 732 absque
739 646 805 712 ulla
821 645 1012 710 necessitate
1027 609 1084 711 aut
1102 663 1197 711 causa

90 759 272 838 rationabili,
296 759 446 826 subditos
464 779 538 827 snos
554 759 703 845 judicent
724 780 798 826 eum
817 760 940 846 rigore,
960 778 1024 845 qno
1046 759 1149 844 major
1162 761 1196 825 in

90 872 209 960 judiciis
224 877 401 960 excogitari
415 895 479 942 non
495 885 615 962 potest,
631 885 680 943 est
694 875 772 962 quid
783 895 844 960 per
860 897 895 943 se
909 875 1040 961 publico
1054 873 1196 941 ecclesie
1272 923 1279 936 .

89 990 166 1057 bono
179 1009 303 1058 summe
318 992 468 1070 noxium,
488 994 681 1078 evangelicis
700 994 827 1059 monitis
846 993 1064 1071 contrarium,
1080 1011 1197 1075 perpe·

88 1109 206 1193 tuisque
238 1127 406 1176 sacrorum
438 1129 598 1176 canonum
624 1117 659 1175 et
683 1117 878 1176 sanctorum·
899 1111 1032 1175 Petrum
1068 1107 1197 1173 monitis

88 1222 268 1291 adversum.
286 1225 390 1311 Atque
405 1226 560 1309 imprimis
578 1225 638 1292 hoo
656 1226 762 1310 ipsum
780 1233 892 1310 aperte
914 1224 1046 1309 repellit
1063 1221 1197 1289 Triden-

86 1339 145 1404 tino
168 1340 329 1426 synodus,
350 1339 428 1406 dum
453 1341 600 1406 sessionis
625 1342 663 1406 13
690 1342 795 1424 eapite
819 1340 936 1424 primo,
957 1339 1127 1422 Episcopos
1142 1337 1196 1403 ad-

86 1463 205 1535 monet,
224 1465 262 1522 nt
276 1476 310 1523 se
326 1465 472 1540 pastores
490 1477 560 1523 esse
579 1457 801 1540 meminerint;
819 1464 857 1521 ut
873 1455 1008 1539 proinde
1023 1462 1195 1540 antequam

83 1570 205 1656 justitiae
224 1571 371 1658 gladium
392 1580 537 1650 exerant,
561 1580 677 1638 cetera
699 1571 889 1638 exhauriant
908 1570 1071 1636 charitatis
1090 1577 1124 1636 et
1139 1588 1196 1653 pa·

84 1695 176 1754 ternae
191 1688 467 1756 sollicitudinisad
483 1687 693 1774 corrigendos
705 1687 932 1774 delinquentes
944 1687 1048 1753 media
1058 1707 1065 1770 3
1076 1692 1110 1752 et
1123 1693 1195 1752 tan·

83 1799 149 1866 dem
159 1809 284 1886 sivirpn
300 1825 373 1888 optas
383 1807 486 1886 suerit,
500 1813 571 1868 tnnc
579 1823 644 1866 cnm
654 1805 882 1866 rnnnsnetndine
894 1807 988 1884 ripen,
1002 1821 1068 1863 enm
1082 1807 1196 1864 miseri·

84 1921 177 1982 cordio
183 1923 352 2003 judicium,
366 1940 431 1984 cnm
444 1923 566 1984 lenitate
575 1924 718 1984 seneritas
731 1915 936 1982 adhibeatur.
948 1915 1012 1982 Ubi
1021 1934 1130 2004 quaeso
1145 1923 1195 1981 est

83 2035 293 2103 mansuetudo
317 2042 351 2102 et
364 2036 491 2114 lenitas,
510 2033 640 2121 quando
659 2033 846 2118 Episcopus,
863 2036 971 2117 obsqne
989 2035 1054 2097 ntto
1075 2040 1196 2098 moossi-

84 2160 214 2218 lateant
240 2156 418 2218 rationabili
444 2174 554 2232 conso,
582 2161 620 2219 ut
643 2151 847 2236 supponitur,
877 2170 935 2216 reo
960 2150 1101 2236 denegat
1124 2170 1195 2218 sese

83 2267 278 2335 defendendi
293 2268 501 2347 facultatem,
519 2287 658 2355 eumque
674 2269 884 2352 suspensione
899 2267 1068 2351 percellit,
1092 2287 1133 2332 ne
1152 2268 1196 2331 in·

82 2381 181 2450 dicata
196 2383 333 2471 quidem
350 2383 626 2450 condemnationis
641 2383 761 2449 causa?

120 2500 199 2566 Hinc
214 2502 337 2568 merito
360 2499 558 2568 Benedictus
573 2501 646 2566 XIV
669 2501 717 2586 (cte
736 2503 855 2584 synodo
877 2503 1052 2576 dioecesano,
1066 2499 1123 2565 lib.
1142 2502 1192 2577 12,

83 2635 146 2700 cap.
165 2622 196 2696 8,
214 2639 249 2682 n.
269 2615 301 2702 6)
320 2615 474 2693 advertit,
500 2617 792 2701 reprehensibilem
817 2615 887 2682 fore
910 2617 1103 2701 Episcopum
1111 2627 1121 2694 ',
1140 2617 1196 2703 qui

82 2733 111 2796 in
125 2733 251 2819 synodo
270 2733 466 2812 declararet,
482 2752 516 2797 se
534 2731 690 2816 deinceps
703 2753 744 2800 ea
758 2733 886 2816 privata
904 2738 1031 2798 tantum
1048 2733 1192 2809 scientia,

83 2866 170 2932 prena
181 2850 402 2934 suspensionis
414 2848 717 2916 animadversurum
726 2850 759 2914 in
768 2850 914 2934 clericos3
927 2870 967 2916 eo
977 2847 1063 2934 quod
1078 2867 1195 2932 nempe

82 2966 148 3032 talis
171 2967 350 3033 declaratio
370 2964 535 3031 redoleret
558 2965 776 3050 tyrannidem.
798 2964 862 3032 Sed
882 2967 909 3030 si
929 2965 1135 3050 tyrannicum
1155 2963 1197 3029 sit

83 3079 135 3148 hoe
151 3081 336 3159 declarare,
353 3081 561 3166 tyrannicum
578 3080 690 3167 utique
705 3081 768 3147 erit
782 3081 863 3148 illud
879 3079 967 3147 idem
983 3079 1103 3146 iacere.

121 3195 260 3264 Videtur
272 3214 352 3280 ergo
364 3194 626 3261 concludendum
648 3195 814 3280 Episcopis
834 3215 1017 3262 concessam
1041 3195 1139 3261 fuisse
1155 3216 1195 3262 ex

82 3312 249 3378 informata
266 3313 461 3380 conscientia
478 3281 680 3398 procedendi
701 3321 909 3396 potestatem,
929 3318 1082 3398 tanquam
1104 3335 1196 3378 remc-

83 3429 159 3492 dinn
178 3432 478 3508 entraordtnortnnn;
497 3427 539 3493 ad
564 3426 653 3512 quod
678 3428 814 3511 proinde
844 3449 1018 3496 recurrere
1047 3451 1112 3498 non
1141 3429 1197 3497 de·

85 3542 188 3626 beant,
200 3548 234 3610 in
250 3565 327 3610 casu
339 3544 464 3629 publici
478 3545 629 3623 criminiS,
642 3544 701 3610 nisi
712 3542 799 3628 justa
815 3547 976 3630 exigente,
993 3564 1052 3630 pro
1068 3546 1195 3613 ratione

85 3660 406 3740 circumstantiarum,
428 3680 535 3726 causa.

122 3778 202 3843 Hine
218 3777 357 3844 ulterius
371 3776 635 3844 concludendum
651 3776 792 3855 videtur,
807 3797 900 3864 posse
913 3798 931 3843 a
942 3779 1037 3844 Sacra
1054 3779 1195 3864 Congre-

83 3893 203 3974 gatione
221 3893 354 3959 Concilii
376 3891 518 3958 rescindi
542 3893 756 3976 episcopalem
779 3894 991 3972 sententiam,
1018 3914 1059 3959 ex
1075 3914 1114 3962 eo
1128 3895 1197 3962 solo

85 4012 195 4092 eapite,
217 4009 308 4097 quod
327 4012 516 4094 Episcopus,
535 4011 602 4074 sine
619 4009 788 4076 sufficienti
800 4012 933 4089 motivo,
950 4031 968 4076 a
984 4011 1090 4078 forma
1110 4011 1197 4098 judi-

86 4124 200 4192 ciorum
215 4126 381 4193 ordinaria
396 4128 577 4192 recesserit.
599 4128 717 4214 Fateor
732 4134 841 4192 tamen
856 4127 977 4193 nullam
992 4129 1069 4194 mihi
1083 4149 1197 4196 occur·

87 4238 159 4306 risse
184 4241 280 4308 dictae
306 4241 562 4326 congregationis
589 4240 784 4309 decisionem
802 4242 835 4306 in
857 4263 921 4328 qua
940 4244 1193 4327 exprimeretur,

86 4352 154 4422 ideo
165 4377 229 4426 aon
248 4357 399 4428 sustineri
419 4358 611 4426 sententiam
634 4357 801 4444 Episcopi,
823 4358 912 4444 quod
935 4359 1057 4446 absque
1076 4362 1195 4429 motivo
