2914 5122
244 347 306 412 118
588 369 774 416 rnrcrurus
797 370 841 416 nr
863 370 1011 419 Junrcns.

243 488 400 574 «judices
429 492 565 574 electos,
584 502 791 561 accusatores
808 496 950 575 electos,
968 495 1159 564 defensores
1177 516 1353 584 congruos,

243 613 373 692 «atque
393 615 495 676 testes
519 609 728 696 legitimos.»
750 612 870 700 (Causae
886 614 917 692 4,
937 632 969 698 q.
986 614 1018 692 4,
1041 634 1111 680 can.
1129 611 1175 700 1.)

287 749 302 784 a
323 724 536 794 Accusatores
552 746 631 792 vero
653 732 687 792 et
705 727 832 814 judices
846 749 911 796 non
925 730 1025 797 iidem
1051 731 1133 816 sint;
1161 731 1221 801 sed
1239 751 1303 816 per
1322 752 1356 800 se

233 863 259 942 ¹a
276 847 490 919 accusatores,
512 860 573 926 per
591 861 625 908 se
642 841 781 926 judices,
798 863 861 928 per
883 863 918 912 se
932 851 1043 923 testes,
1060 865 1121 930 per
1145 865 1181 912 se
1197 851 1351 926 accusati,

242 981 259 1020 a
274 958 494 1042 unusquisque
508 958 541 1023 iu
558 977 616 1024 suo
631 959 859 1026 ordinabiliter
867 961 992 1026 ordine.
1011 963 1091 1027 Nam
1106 963 1275 1047 inscriptio
1290 964 1359 1050 pri-

231 1095 258 1142 ,a
275 1090 329 1134 mo
343 1089 473 1156 semper
490 1070 558 1148 fiat,
571 1078 609 1136 ut
620 1072 774 1138 talionem
790 1072 1005 1140 calumniator
1016 1075 1168 1160 recipiat;
1191 1076 1267 1161 quia
1281 1081 1358 1143 ante

242 1212 257 1248 a
274 1188 517 1272 inscriptionem
531 1205 628 1254 nemo
643 1187 744 1254 debet
762 1187 903 1272 judicari
918 1191 972 1256 uel
986 1189 1143 1269 damnari,
1162 1210 1237 1256 cum
1251 1200 1287 1259 ct
1300 1185 1359 1258 s'ae-

227 1329 257 1384 .“
275 1305 339 1370 culi
355 1306 444 1389 leges
462 1305 530 1371 haec
546 1304 661 1372 eadem
680 1306 854 1372 retineant.
878 1331 894 1367 u
918 1307 1045 1394 (Causas
1063 1308 1095 1384 4,
1113 1326 1144 1393 q.
1164 1309 1196 1384 4,
1217 1327 1290 1372 can.
1309 1307 1356 1392 2.)

285 1425 318 1485 5⁰
333 1424 405 1486 Atto
422 1424 568 1486 nonnulla
588 1425 774 1501 documenta,
793 1443 832 1486 eac
850 1427 987 1504 Epttome
996 1428 1080 1506 juris
1100 1429 1209 1486 ueteris
1231 1427 1359 1490 Antonii

238 1542 402 1620 Auqnsttot
414 1542 581 1622 desumpto.
599 1574 642 1585 -
662 1562 678 1600 a
698 1539 850 1604 Relatum
867 1538 973 1606 estad
988 1539 1105 1605 Sedem
1124 1539 1368 1624 Apostolicem„

241 1677 257 1715 a
276 1676 332 1721 vos
351 1655 590 1720 accusationem
604 1653 746 1720 fratrum
761 1657 954 1740 perscripta
972 1657 1136 1742 suscipere
1149 1655 1272 1742 absque
1283 1658 1361 1744 legi-

243 1798 258 1834 a
275 1775 355 1838 timo
371 1778 569 1849 accusatore,
589 1770 679 1857 quod
691 1770 846 1856 deinceps
860 1774 895 1837 iu
909 1772 996 1838 omni
1010 1772 1091 1838 orbe
1105 1780 1272 1844 terrarum
1284 1773 1359 1840 fieri

243 1890 453 1975 «Apostolica
468 1887 663 1954 auctoritate
690 1887 942 1971 prohibemus...
964 1890 1077 1974 Neque
1102 1889 1189 1954 ullus
1212 1908 1357 1976 unquam

243 2032 258 2068 a
274 2005 441 2094 judicetur
452 2013 626 2091 antequam
640 2006 802 2090 legitimos
813 2013 1020 2075 accusatores
1034 2015 1211 2090 praesentes
1225 2007 1357 2074 habeat.

244 2125 468 2211 afflamasus,
494 2124 588 2208 epist.
607 2126 640 2188 6.
666 2161 711 2172 -
735 2123 914 2202 Auselmus,
943 2123 1002 2188 lib.
1028 2126 1060 2202 4,
1081 2143 1110 2188 c.
1132 2125 1188 2190 47.
1215 2162 1260 2172 -
1286 2126 1357 2200 lvo,

243 2265 260 2302 a
277 2248 370 2326 parte
387 2244 419 2318 6,
437 2260 466 2306 4.
494 2238 584 2326 348.)
606 2263 621 2301 u
642 2238 740 2323 Apud
758 2241 933 2306 Antonium
949 2239 1182 2326 Augusteum,
1201 2248 1297 2324 parte
1325 2243 1357 2318 3,
1445 2273 1446 2330 q

242 2357 517 2435 thrasones,
539 2360 619 2422 43.

289 2472 446 2538 «Placuit
465 2478 501 2537 ut
516 2471 625 2537 nullus
654 2473 832 2556 Episcopus
857 2490 1052 2560 quemquam
1067 2473 1261 2538 clericorum
1274 2471 1362 2560 judi-

245 2615 260 2650 a
282 2597 427 2656 careant
442 2587 595 2654 damnare
619 2595 805 2672 praesumat,
825 2589 885 2654 nisi
899 2594 1070 2654 accusatus
1084 2589 1249 2672 legitimos
1267 2607 1362 2655 accu-

245 2717 265 2769 r
280 2716 405 2774 satores
419 2713 596 2789 praeseutes
611 2704 743 2782 habeat,
762 2705 935 2792 locumque
951 2705 1156 2774 defendendi
1169 2709 1308 2792 accipiat
1318 2706 1362 2773 ad

245 2819 442 2889 «abluenda
467 2821 611 2886 crimina.
638 2818 809 2906 (Adrianus
835 2819 878 2886 ad
896 2822 1008 2905 Episc.
1036 2821 1184 2900 Mediol,
1201 2843 1231 2887 c.
1251 2820 1321 2906 20.)
1342 2846 1359 2884 u

242 2938 338 3024 Apud
352 2937 527 3005 Antonium
541 2937 765 3020 Augustinum,
783 2937 856 3003 loco
873 2938 983 3015 citata,
1004 2938 1056 3002 tit.
1080 2941 1131 3017 13,
1147 2958 1176 3002 4.
1200 2942 1253 3006 18.

288 3059 322 3122 6⁰
337 3060 389 3119 Ec
404 3058 579 3132 thrnmro,
594 3055 754 3118 thcoacuse
761 3057 916 3136 Episcopo.
931 3091 976 3102 -
989 3055 1053 3138 Qui
1068 3056 1264 3140 opusculum
1284 3057 1364 3122 fitn-

230 3171 345 3238 cmari
362 3170 403 3237 de
418 3172 615 3260 Prccsbpleris
622 3176 790 3236 criminosis
797 3170 887 3256 (tom.
903 3172 1164 3256 loperum,pog.
1181 3175 1257 3250 783,
1275 3172 1360 3239 edit.

244 3287 374 3353 Parisiis
390 3283 485 3372 1645)
502 3292 628 3352 attente
649 3286 776 3370 legerit,
799 3306 859 3370 pro
880 3295 1049 3371 comperto
1064 3288 1217 3369 habebit,
1238 3309 1364 3376 nequa·

231 3421 341 3490 ‚quam
367 3411 446 3468 tunc
467 3403 622 3486 temporis
647 3404 680 3468 in
698 3423 760 3468 usu
781 3403 879 3470 fuisse
903 3405 1140 3490 inquisitorium
1156 3423 1359 3488 processum.

245 3525 331 3592 Dum
343 3520 429 3586 enim
441 3519 487 3586 ibi
498 3520 678 3586 minutatim
695 3521 871 3606 exponitur
888 3520 1052 3606 quomodo
1067 3523 1100 3590 iu
1115 3520 1278 3607 ejusmodi
1287 3541 1365 3588 reos

246 3638 383 3704 clericos
402 3638 443 3703 sit
457 3635 714 3721 procedendum,
736 3657 778 3702 ne
792 3637 895 3703 verbo
913 3613 1047 3723 quidem
1061 3639 1210 3704 innuitur
1226 3640 1276 3706 fas
1289 3657 1365 3706 esse

246 3757 404 3842 Episcopo
419 3775 460 3821 ex
478 3756 544 3822 sola
557 3761 726 3840 praeeunte
738 3756 882 3822 criminis
900 3757 987 3822 fama
1002 3757 1189 3842 inquirere,
1209 3765 1245 3824 et
1271 3757 1365 3823 nullo

244 3875 384 3942 instante
402 3881 589 3939 accusatore
604 3871 764 3957 judicium
778 3872 946 3956 expedire.
964 3875 1066 3941 Immo
1088 3875 1289 3940 contrarium
1304 3893 1367 3940 ex-

245 4007 357 4072 presse
371 3995 524 4073 tanquam
535 3987 756 4057 indubitatum
771 3990 1012 4072 pronuntiatur.
1036 3992 1116 4056 Nam
1125 3997 1297 4075 postquam
1307 3988 1367 4054 ad-

230 4107 371 4172 ·'notarit
385 4107 578 4172 Hincmurus
590 4106 750 4188 Episcopo
762 4103 976 4172 laborandum
987 4124 1053 4172 nou
1064 4083 1146 4182 esse,
1163 4114 1202 4172 ut
1219 4106 1367 4192 inquirat

246 4223 289 4290 de
304 4224 443 4307 ipsomet
466 4221 735 4305 presbyterorum
751 4221 925 4289 concubitu
943 4242 1017 4290 curn
1034 4222 1173 4291 feminis
1187 4221 1274 4307 (cum
1289 4221 1368 4288 hor-

246 4338 386 4404 rendum
402 4338 463 4404 hoc
482 4336 616 4414 facinus,
634 4336 803 4420 siquando
824 4337 911 4404 forte
929 4347 1087 4422 patretur,
1102 4337 1242 4404 testibus
1253 4344 1368 4404 careat

248 4462 281 4518 st
299 4457 429 4520 secreto
446 4449 664 4536 obvolvatur),
686 4453 732 4518 ita
754 4451 943 4536 subjungit:
963 4451 1228 4520 «Tantummodo
1250 4459 1367 4518 autem
