2836 5118
475 355 553 406 raas
576 355 735 406 sacuam.
1093 341 1155 404 327

69 493 133 548 casn
142 473 246 539 delicti
251 478 369 558 protae·
387 476 689 562 extra-judicialiter
704 480 949 564 suspendendi,
971 477 1092 556 deduci
1105 499 1161 546 oe·

69 591 125 674 quit
138 609 174 657 ex
192 591 314 656 ratione
331 593 608 676 impossibilitatis,
627 614 686 662 seu
700 614 741 660 ex
757 615 800 664 eo
808 595 898 682 quod
914 595 1103 664 Tridentino
1110 615 1161 682 sy-

68 703 153 770 nodus
165 705 241 772 hanc
255 707 302 772 eis
315 714 514 792 potestatem
531 711 684 776 conferre
698 732 757 776 aaa
767 719 915 794 potuerit.
933 714 1017 780 Nam·
1029 712 1161 784 minime

67 829 205 904 repugnat
227 819 263 886 id
282 823 449 906 Episcopis
469 825 663 892 concessisse
686 825 891 893 Tridentinus
910 829 1045 904 Patres,
1072 825 1161 912 quod

67 933 167 1000 nedum
185 955 320 1019 pravum
339 939 373 1002 in
395 959 429 1004 sc
450 946 484 1004 et
502 942 665 1018 nocivum,
689 943 754 1008 imo
778 942 875 1008 raldo
901 943 983 1008 utile
1001 942 1111 1008 multis
1127 943 1161 1006 in

67 1051 173 1140 casibus
192 1055 383 1138 concipitur.
413 1056 509 1142 Atqui
536 1076 653 1122 revera
672 1058 838 1124 multoties
862 1057 959 1125 valde
984 1059 1064 1124 utile
1090 1077 1164 1124 esso

66 1175 167 1250 potest,
185 1171 268 1234 utin
279 1173 436 1252 patticam
449 1172 547 1236 etiam
563 1172 673 1237 clerici
688 1171 845 1238 delictum
862 1171 1162 1257 extra-judicialiter

65 1285 259 1352 animadverti
273 1296 383 1372 queat.
403 1289 560 1370 Quamvis
579 1290 663 1355 enim
687 1289 846 1357 delictum
863 1290 929 1376 jam
944 1290 986 1354 sit
1000 1289 1164 1356 lamavul-

65 1408 166 1482 gutum,
183 1403 372 1486 contingere
387 1411 495 1486 potest
509 1404 618 1470 multis
636 1405 669 1468 in
685 1405 767 1470 locis
783 1412 820 1469 ut
836 1403 1023 1470 necessariae
1044 1402 1087 1470 ad
1110 1422 1163 1470 or·

65 1511 204 1581 dinarium
231 1536 421 1600 processum
452 1518 665 1586 formalitutes
697 1520 821 1586 servari
851 1523 1017 1602 nequeant
1040 1516 1164 1602 absque

63 1635 176 1699 summis
192 1633 453 1712 difficultatibus,
476 1641 511 1699 et
525 1634 655 1718 majoris
676 1636 710 1699 in
729 1635 862 1718 regione
888 1633 1110 1699 commotionis
1129 1641 1164 1700 et

61 1748 183 1814 scandali
200 1749 361 1834 periculo.
382 1750 460 1829 Ubi,
479 1750 573 1815 verbi
601 1751 719 1834 gratia,
747 1755 862 1834 sponte
878 1767 913 1812 se
932 1749 1048 1814 sistere
1062 1757 1164 1815 testes

60 1874 204 1948 recusant,
229 1887 292 1931 nec
320 1868 416 1933 auriae
436 1866 611 1950 episcopali
632 1875 751 1950 praesto
778 1870 827 1929 ost
852 1865 1013 1930 saecularis
1039 1864 1163 1930 brachii

59 1983 210 2068 auxilium3
229 1982 285 2048 uel
309 1983 406 2047 etiam
427 1981 484 2047 ubi
508 1981 690 2065 parochiani
714 1981 756 2048 de
783 1980 904 2046 clerico
929 1978 1163 2064 suspendendo

59 2095 260 2163 diversimode
277 2099 432 2175 sentiunt,
456 2106 491 2163 et
504 2098 653 2164 imminet
670 2098 851 2181 periculum
870 2116 912 2163 ne
925 2098 1079 2181 oppositae
1094 2115 1164 2180 par-

58 2219 98 2278 tes
117 2213 195 2278 odiis
222 2214 259 2278 in
281 2214 423 2279 invicem
450 2214 550 2296 magis
571 2215 604 2277 in
626 2213 696 2280 dies
722 2213 957 2290 accendantur,
981 2229 1077 2278 nemo
1098 2232 1164 2280 non

58 2326 132 2395 ridet
158 2349 255 2415 quam
284 2329 372 2394 utilis
399 2347 469 2394 csse
496 2329 597 2414 possit
629 2327 932 2413 extra-judicialiter
960 2325 1162 2410 procedendi

56 2441 184 2510 facultas.

88 2559 175 2642 Quod
189 2561 375 2644 praesertim
392 2560 487 2625 facile
508 2556 669 2626 concedet
685 2559 828 2644 quisquis
844 2566 1036 2642 praesentem
1056 2560 1163 2628 eccle·

54 2675 156 2742 siarum
192 2677 322 2754 Galliac,
356 2676 555 2760 aliarumque
585 2674 811 2740 nonnullarum
842 2673 1011 2756 regionum
1042 2681 1161 2740 statum

55 2799 163 2859 attente
191 2789 420 2877 perpenderit.
452 2791 563 2857 Potuit
588 2809 666 2874 ergo
690 2789 878 2856 Tridentino
911 2788 1070 2874 synodus,
1103 2788 1163 2856 hat

54 2915 80 2972 et
95 2907 207 2974 similes
229 2905 439 2972 difficultates
457 2906 702 2990 introspiciens,
725 2904 810 2970 vello
831 2903 916 2970 dicta
933 2904 1088 2971 facultate
1109 2905 1159 2970 in-

52 3031 176 3092 structos
199 3027 393 3110 Episcopus.
421 3023 515 3090 Unde
537 3021 757 3106 expendenda
780 3018 915 3108 quaestio
937 3039 1003 3086 noa
1029 3029 1094 3098 est,
1119 3040 1160 3086 an

53 3143 226 3210 tridentina
247 3140 395 3228 synodus
417 3139 451 3206 id
478 3140 587 3206 facere
611 3139 771 3224 patuerim
795 3136 853 3202 sed
871 3135 1040 3203 dumtaxat
1061 3157 1101 3204 an
1123 3138 1160 3206 id

51 3275 150 3325 revera
171 3260 303 3326 lecerit.
334 3258 379 3323 Ac
401 3254 541 3341 proinde
565 3255 620 3340 qui
641 3253 762 3320 dictam
782 3252 972 3318 facultatem
994 3253 1163 3338 Episcopis¹

50 3373 209 3461 denegant,
235 3395 303 3440 non
324 3373 448 3440 debent
472 3373 613 3438 rationes
631 3390 704 3438 suas
726 3368 896 3435 deducere
914 3389 956 3434 ex
976 3369 1159 3461 impossibi-

49 3491 138 3571 litate,
165 3492 226 3560 sed
246 3499 374 3556 tantum
398 3469 439 3555 ex
458 3496 553 3556 textu
579 3489 650 3572 ipso
676 3484 876 3566 Tridentino,
898 3493 933 3551 et
949 3505 991 3550 ox
1014 3485 1158 3570 legitima

49 3603 108 3689 ejus
121 3606 405 3692 interpretatione.

83 3723 202 3803 Quibus
221 3723 421 3807 praenotatis,
441 3720 483 3786 ad
502 3721 648 3804 ipsorum
666 3723 868 3802 argumenta,
886 3723 986 3799 prout
1005 3735 1045 3784 ea
1060 3717 1157 3814 intel·

47 3838 135 3924 ligere
149 3841 260 3932 potui,
281 3836 413 3904 accedo.

82 3957 121 4020 ll.
138 3960 282 4020 Rationes
293 3973 405 4032 eoram,
423 3958 474 4036 qui
491 3956 646 4034 Episcopus
657 3951 991 4032 (amttatemctencpant
1005 3955 1157 4034 extra-ju·
1194 3977 1197 3986 Α

47 4073 187 4136 dictaiiter
204 4075 330 4135 clericos
348 4069 558 4150 suspendeant,
580 4068 699 4148 quondo
714 4067 855 4128 delictum
871 4071 915 4126 est
927 4067 1091 4146 perditorem.
1110 4102 1156 4116 -

50 4188 76 4248 1ο
100 4191 379 4274 argumentantur
404 4203 446 4248 ex
473 4183 543 4266 ipsa
568 4185 738 4262 informatae
767 4184 952 4244 consacratae
977 4179 1152 4251 locutione.

46 4303 125 4368 Tunc
139 4303 327 4382 dumtaxat,
344 4301 510 4386 inquiunt,
528 4298 593 4368 dici
609 4304 718 4383 potest
732 4295 1163 4382 Episcopuscxiuiormata.

47 4422 231 4487 conscientia
249 4418 449 4504 procedere,
469 4413 599 4500 quando
618 4415 741 4480 crimen
760 4421 809 4478 est
822 4413 997 4478 occultum.
1022 4411 1053 4476 si
1076 4429 1155 4479 vcro
