2930 5114
254 281 316 352 614
760 282 887 346 monus

993 421 996 428 ⁴
1317 393 1366 448 ooo.

352 471 499 534 Proposito
513 472 550 518 2¹.
572 471 644 518 Prout
657 474 734 518 autem
748 469 773 517 in
791 469 890 519 ecclesia
904 475 997 531 recepta
1017 467 1070 529 tuit,
1088 481 1131 518 nec
1149 469 1237 532 injusta
1250 468 1303 531 tuit,

388 569 489 604 neceam
503 555 586 604 habuit
599 553 810 619 imperfectionem,
823 554 1226 618 quaiijmaromanotanoranat‚
1252 587 1259 602 .
1285 589 1292 602 .
1337 554 1365 600 at

292 641 362 709 iffi·
378 642 429 699 Qua
442 655 471 688 ex
482 647 548 702 parta
565 641 605 701 jus
624 653 745 690 commune
761 641 897 692 canonicum
915 640 984 692 hodie
998 640 1145 688 immutatum
1163 637 1305 687 censendum

322 728 352 776 sit
362 725 439 789 quoad
456 725 554 774 formam
569 725 710 787 procedendi
721 739 762 788 pcr
774 727 930 775 accusationis
943 727 1003 774 riam
1018 757 1292 774 .........
1337 725 1366 770 28

321 812 341 860 1.
354 812 390 860 dn
404 810 473 859 ctiam
481 809 551 858 hodic
564 811 659 871 procedi
673 812 748 873 possit
760 825 803 873 per
815 812 969 860 accusationis
980 811 1041 860 riam
1053 839 1293 860 ........
1338 810 1367 855 28

321 897 353 945 11.
368 896 403 944 no
413 894 554 943 obsoleverit
564 895 625 955 jnris
638 877 910 958 oonnuoioanooono
922 896 952 945 oo
965 895 1136 957 subscriptione
1149 893 1223 942 tisoni
1234 900 1257 941 oo
1269 901 1305 940 oo-

355 982 425 1030 lionis
446 994 513 1043 paena
522 1013 1294 1032 ........................
1338 979 1365 1025 3¹
1436 955 1437 1044 l

254 1071 322 1120 cni).
336 1068 368 1116 il.
385 1068 473 1119 dorna
489 1065 629 1130 procedendi
641 1079 684 1128 per
698 1065 879 1118 denuntiationis
892 1066 954 1116 riam
959 1097 1298 1116 ...........
1342 1064 1370 1109 33
1436 1055 1437 1072 ³

285 1153 331 1217 51.
347 1151 408 1210 Quid
421 1152 581 1213 etquataplex
594 1151 625 1199 sit
646 1151 808 1201 denuntiatio?
819 1174 1299 1204 ...............
1341 1147 1370 1194 33
1436 1201 1437 1224 ,

286 1238 343 1300 fill.
359 1236 502 1297 Evangelicee
516 1235 698 1284 denuntiationis
710 1250 793 1285 norma
818 1269 1297 1287 ...............
1344 1235 1371 1284 tt
1436 1225 1437 1302 l

287 1315 355 1384 fiili.
374 1318 453 1380 Aqua
467 1316 517 1364 fieri
530 1321 606 1384 possit
621 1321 740 1383 judicialis
754 1321 914 1372 denuntiatio?
924 1355 1297 1373 ............
1343 1323 1372 1369 40

287 1400 300 1469 ξ
314 1405 355 1452 tt.
368 1405 454 1454 Contra
462 1419 530 1468 quos,
541 1420 583 1455 seu
592 1405 621 1455 da
632 1408 717 1469 quibus
726 1407 818 1457 delictis
831 1405 882 1456 ficri
893 1406 1094 1470 possitjudicialis
1114 1406 1280 1456 denuntiatio?
1293 1440 1300 1454 .
1343 1408 1372 1454 tt
1436 1449 1437 1474 ,

288 1488 341 1551 §t
361 1489 482 1547 Quomodo
493 1489 598 1540 iacienda
612 1492 643 1540 sit
661 1492 782 1554 judicialis
800 1491 954 1554 denuntiatio,
969 1505 1010 1540 scu
1024 1491 1111 1553 quibus
1125 1491 1312 1541 solemnitatibus
1436 1497 1437 1530 l

321 1573 514 1625 resuridebeatt
524 1609 1299 1630 ........................
1344 1575 1372 1620 48

289 1655 353 1725 ΠΙ.
365 1659 401 1708 An
413 1673 509 1709 necesse
520 1660 551 1709 sit
559 1661 665 1722 judiciali
675 1660 843 1711 denuntiationi
853 1662 961 1724 premitti
981 1661 1133 1711 monitionem
1152 1661 1312 1710 charimtiram
1436 1677 1437 1682 ¹

324 1758 366 1793 seu
380 1745 557 1806 evangelicam?
559 1780 1301 1798 .......................
1344 1741 1372 1791 ⁴⁴0
1436 1735 1437 1804 l

292 1825 369 1895 ΠΗ.
386 1830 478 1887 Quibus
491 1830 515 1878 in
529 1831 622 1879 casilim
635 1843 682 1879 non
692 1837 781 1880 tantum
798 1831 883 1896 possit,
898 1832 939 1882 sed
955 1838 977 1882 et
991 1837 1096 1882 teneatur
1110 1831 1164 1896 quis
1173 1829 1314 1896 judicialiter
1436 1887 1437 1902 χ

324 1912 480 1963 denuntiaret
489 1949 660 1968 ......
682 1903 684 1906 ’
686 1952 1301 1969 ...................
1342 1915 1371 1963 5⁰
1436 1907 1437 1918 ἶ

262 2007 265 2014 ’
293 1997 382 2061 §vili
398 1998 500 2048 Eilectus
517 2000 697 2052 denuntiationis
709 2002 829 2065 judicialis
839 2002 913 2066 quoad
924 2001 1025 2066 judicem
1038 2010 1061 2051 et
1070 2001 1268 2052 denuntiantem.
1292 2038 1300 2054 .
1343 2003 1370 2049 aa

292 2083 304 2146 5
320 2083 362 2132 lli.
378 2081 480 2133 Effectus
494 2084 674 2135 denuntiationis
684 2085 804 2149 judicialis
820 2087 896 2150 quoad
909 2087 1069 2137 denuntiatum
1088 2121 1301 2138 .......
1342 2086 1370 2134 56
1436 2143 1437 2146 ¹

259 2167 325 2216 cdl).
337 2168 381 2216 111.
397 2169 484 2218 ttorme
495 2170 636 2232 procedendi
646 2183 689 2233 par
703 2172 862 2234 inquisitionis
876 2174 937 2221 riam
951 2207 1297 2225 ...........
1342 2169 1370 2218 59
1436 2207 1437 2210 =

274 2251 338 2314 il.
351 2252 414 2310 Quid
426 2259 449 2301 ct
461 2256 587 2316 quotuplex
600 2255 631 2304 sit
644 2253 793 2318 inquisitio.
821 2247 843 2306 .’
852 2290 1296 2308 ..............
1342 2254 1369 2304 60
1436 2257 1437 2268 ³

293 2337 350 2401 §IL
365 2335 553 2388 Fundamentalis
570 2341 665 2402 questio
680 2355 686 2388 τ
699 2348 776 2390 utrum
789 2341 877 2404 absque
889 2342 975 2405 praeuia
991 2341 1087 2390 infamia
1096 2341 1173 2404 possit
1191 2341 1215 2389 in
1233 2353 1313 2404 quem

327 2435 396 2487 quam
409 2425 557 2486 inquisitoris
567 2424 663 2488 procedi
667 2460 1303 2478 .....................
1343 2425 1368 2472 61

328 2509 348 2557 1.
360 2511 434 2558 Casum
447 2510 606 2572 inquisitionis
618 2505 737 2572 judicialis
751 2511 860 2573 specialis
878 2517 901 2560 et
915 2525 943 2560 ex
956 2525 1020 2560 mero
1035 2508 1110 2560 officio
1123 2545 1297 2562 ......
1342 2511 1368 2558 62
1436 2521 1437 2544 i

335 2612 338 2617 ·
362 2592 508 2656 Propaattto
528 2597 564 2643 1¹.
580 2593 623 2644 list
634 2601 698 2644 cera
709 2595 769 2659 juris
788 2597 891 2646 mnonici
907 2598 997 2659 regala,
1013 2609 1061 2646 non
1077 2611 1150 2659 posse
1170 2589 1312 2659 superiorem

392 2679 626 2741 judicialitercantra
637 2693 786 2744 quemqnam,
795 2681 897 2731 nondum
911 2681 1064 2743 diffamatum,
1078 2681 1193 2744 petriam
1208 2681 1313 2744 specialis

396 2765 701 2829 inquisitionisprocederc.
725 2801 731 2816 .
792 2801 1302 2818 ................
1344 2765 1369 2810 69
1436 2779 1437 2822 l

365 2849 555 2912 mopoicioaa.
569 2851 692 2900 Praemisso
704 2852 822 2913 mactatis
830 2853 910 2914 regida
918 2853 1008 2914 aliquot
1020 2849 1123 2901 admittit
1133 2851 1282 2900 limitationes
1294 2887 1301 2900 .
1343 2848 1369 2894 69

364 2936 511 2998 Proposita'o
529 2938 566 2984 δ’.
586 2938 698 2998 Exposita
705 2937 753 2998 iuri
766 2937 886 2997 canonico,
901 2937 930 2984 dc
943 2933 1034 2998 prasina
1048 2937 1150 2986 infamia
1168 2935 1312 2994 necessitate,

398 3021 534 3081 derogatum
548 3034 594 3070 non
612 3021 671 3084 tirit;
686 3035 767 3084 neque
782 3028 808 3070 ut
826 3021 946 3083 derogatio
959 3020 1067 3070 habenda
1081 3029 1118 3073 cst
1137 3027 1242 3084 potestas
1261 3020 1312 3082 Epi-

397 3106 475 3166 scopis
496 3105 656 3155 a'iri'dentina
676 3103 764 3170 synodo
779 3119 899 3168 concessa,
915 3120 943 3155 ex
963 3107 1087 3155 informata
1099 3106 1242 3157 conscientia
1257 3119 1310 3168 pro-

398 3189 494 3239 cedendi
498 3226 1302 3244 .........................
1342 3189 1364 3234 Ἠ

333 3275 365 3322 n.
376 3277 451 3324 cosio
460 3275 618 3338 inquisitionis
633 3257 751 3338 speciano,
767 3274 796 3324 aa
807 3275 943 3324 insaniori
956 3276 1055 3338 ottoniae
1069 3277 1241 3326 ioooooocoiio
1251 3274 1313 3337 judi-

366 3360 455 3408 cialiter
463 3360 572 3410 insamae
596 3395 1303 3415 ......................
1343 3355 1368 3404 '15

368 3443 513 3504 Propositia
527 3447 564 3493 lt.
580 3447 671 3507 injure
685 3446 795 3495 canonico
809 3445 902 3494 omnino
917 3443 1086 3508 distinguenda
1100 3453 1158 3496 sunt
1170 3445 1308 3496 denuntiatio

400 3529 429 3577 ad
440 3529 607 3591 poenitentiamss
618 3531 641 3578 tt
651 3528 795 3580 denuntiatio
808 3531 948 3594 adponam
962 3531 996 3580 ita
1009 3537 1036 3580 ut
1046 3515 1166 3594 posterior
1176 3531 1313 3592 intelligatur

400 3616 739 3678 aperiretisminquisitionis,
754 3629 800 3665 non
813 3617 1083 3667 autemdcnuntiationis
1099 3651 1303 3668 .......
1340 3611 1366 3660 75
1436 3617 1437 3656 l

368 3699 513 3762 Propositt‘o
527 3703 563 3749 tt.
577 3685 653 3749 liliata
662 3701 686 3748 in
698 3711 753 3750 casu
763 3701 941 3763 denuntiatoris,
956 3689 1134 3766 inquisitionem
1145 3701 1176 3750 ad
1190 3701 1311 3750 uindictam

360 3805 363 3812 .
401 3785 518 3846 publicam
533 3785 683 3847 postulantis,
697 3785 793 3836 infantia
806 3787 945 3848 regulariter
959 3795 986 3836 ex
997 3789 1051 3849 jure
1065 3785 1178 3838 mnonico
1192 3773 1312 3851 prar'eqlii-
1436 3811 1437 3844 i

401 3869 473 3918 nitar:
495 3905 1301 3926 ,,,,,,,,,,,,,,,,,,,,,,,,,
1339 3870 1365 3917 'iil
1436 3875 1437 3880 ’

361 3955 518 4016 Ῥνοροεϋίο
536 3957 571 4004 5·.
594 3958 682 4007 Prema
700 3957 800 4007 intamiae
821 3959 956 4019 necessitas,
969 3959 993 4006 in
1006 3957 1147 4020 praecedenti
1160 3959 1312 4022 propositione

301 4059 304 4064 ·
401 4046 499 4100 asserta,
518 4039 611 4090 videtur
631 4043 703 4091 etiam
716 4042 868 4104 admittenda,
882 4043 974 4106 quondo
989 4027 1142 4093 denuntiator
1160 4053 1198 4094 est
1213 4031 1310 4094 officialis

366 4148 369 4156 v
400 4124 520 4188 publicus,
532 4127 601 4175 uerbi
613 4128 696 4189 gratia
707 4124 794 4177 fiscalis
804 4135 938 4192 promotor.
963 4166 969 4179 .
996 4164 1003 4178 .
1030 4166 1036 4178 .
1065 4165 1071 4178 .
1097 4165 1105 4179 .
1133 4167 1138 4178 .
1167 4163 1174 4178 .
1202 4170 1205 4180 .
1235 4166 1241 4179 .
1265 4165 1271 4179 .
1295 4165 1300 4177 .
1338 4125 1361 4173 ⁸¹

294 4210 298 4222 “
337 4210 381 4258 ΙΙΙ.
397 4213 471 4260 Casus
479 4207 637 4274 inquisitionis
651 4211 728 4263 iiiiine
731 4248 1300 4268 ..................
1338 4211 1363 4258 8⁴
1436 4209 1437 4220 ³

372 4282 472 4358 iidptt'la
484 4293 518 4346 lt.
529 4294 661 4360 inquisitio,
674 4298 791 4360 generalis
798 4295 879 4363 quoad
891 4297 1023 4363 personam,
1034 4291 1145 4364 specialls
1159 4307 1235 4351 autent
1244 4297 1311 4364 quoad

404 4379 522 4442 delictum,
535 4388 611 4444 pateat
628 4391 651 4432 ct
668 4383 737 4433 debet
750 4384 809 4448 fieri,
821 4387 889 4434 ctiam
899 4382 963 4434 nulla
972 4385 1116 4449 precedente
1130 4395 1212 4437 cantra
1221 4387 1310 4450 aliquem
