2948 5126
545 401 624 451 rins
648 371 818 452 saeuum(
1193 379 1234 450 55

132 547 148 591 u
164 512 276 598 contla
292 522 538 614 dellntprentent
552 503 722 615 suggesta3
741 521 824 595 adeo
845 531 901 610 ut,
919 529 945 595 si
959 529 1102 607 omittat,
1120 525 1237 613 peccel

126 647 192 714 aab
206 647 405 731 denegatam
424 663 482 712 seu
494 643 677 731 neglectam
691 645 865 732 justitiam.
879 653 1096 732 teneaturque
1111 643 1154 711 ad
1164 666 1237 735 syn·

126 764 319 842 «dicatum,
342 769 377 829 et
395 760 521 829 amittat
545 755 801 848 jurisdictionem
826 756 935 849 quoad
956 761 1042 829 illam
1060 767 1234 828 causam.»

125 878 358 966 (Reiffenstuel,
374 879 407 942 in
420 879 471 943 tit.
490 879 519 958 l,
538 877 611 944 libri
630 881 649 943 5
665 877 806 956 decret,
825 895 859 942 n.
881 875 969 962 125),
984 887 1081 964 atque
1099 878 1238 946 commu·
1278 935 1281 940 .

123 991 561 1078 niteritotenentdoetorem
581 993 1079 1080 etprobantennounullisjuris
1089 993 1235 1074 Romani,

122 1111 236 1178 ufaro
246 1096 466 1178 ecclesiastico
483 1113 549 1178 vim
564 1108 770 1191 habentibus,
780 1106 946 1177 textibus.
959 1109 1055 1194 Quod
1070 1119 1179 1178 tamen
1190 1113 1240 1177 iu-

122 1219 241 1312 telli'ge,
261 1227 352 1293 salva
363 1223 476 1312 regula
489 1225 863 1312 generalicontroversa,
880 1225 998 1294 deuon
1009 1223 1240 1294 denuntiandis'

124 1338 258 1409 occultis
277 1339 427 1436 delictis.¹
850 1419 854 1428 ⁵

164 1459 196 1522 2.
221 1455 286 1521 ast
298 1455 386 1521 facta
398 1432 644 1523 denuntiatione
662 1461 739 1522 reus
755 1459 805 1523 est
820 1464 989 1544 suspectus
1006 1453 1047 1525 de
1067 1454 1161 1544 luga,
1187 1455 1241 1527 vel

126 1593 195 1640 «ne
209 1578 314 1639 testes
329 1572 502 1653 subomet,
518 1569 687 1658 impediat,
704 1578 841 1653 terreat,
858 1581 937 1656 eta,
951 1581 1061 1658 potest
1077 1573 1192 1661 conjici
1207 1577 1241 1642 iu

126 1701 319 1757 «carcerem
342 1689 497 1756 custodia
515 1707 620 1769 causa,
636 1688 734 1755 etiam
749 1694 824 1756 ante
841 1691 1045 1776 citationem;
1064 1689 1242 1759 dummodo

128 1807 316 1873 «delictum
339 1806 380 1872 sit
400 1820 519 1890 grave,
549 1811 583 1872 et
610 1805 715 1872 adsint
734 1794 924 1873 sufficientia
947 1808 1064 1873 indicia
1090 1805 1203 1874 delicti
1224 1829 1243 1874 a

128 1918 359 1988 «carcerando
376 1915 555 2000 commissi,
571 1930 628 1987 aut
644 1919 823 2006 semiplene
841 1918 1002 2007 probatio,
1020 1924 1112 1990 verbi
1127 1915 1239 2009 gratia,

128 2049 331 2124 «perunum
346 2043 465 2105 testem
486 2035 573 2103 omui
588 2031 778 2122 exceptlone
795 2037 952 2123 majorem
970 2062 986 2102 a
1004 2037 1238 2128 (Reiffenstuel,

126 2155 221 2222 citato
234 2155 319 2234 loco,
338 2172 371 2220 n.
389 2152 475 2240 127).
494 2147 660 2220 Probatur
674 2174 715 2221 ex
733 2155 839 2238 capite
852 2160 888 2221 st
915 2159 1036 2221 clericos
1054 2157 1096 2244 (8,
1115 2159 1167 2223 tit.
1186 2161 1239 2235 ll,

125 2271 196 2340 lthri
214 2272 244 2351 5,
262 2269 296 2338 ln
312 2271 357 2357 6),
375 2273 483 2358 inquo
493 2274 538 2338 sic
557 2271 741 2337 Bonifatius
756 2263 835 2337 titt
855 2293 862 2337 :
884 2295 900 2333 u
919 2261 950 2337 Si
964 2271 1099 2341 clericos
1113 2280 1178 2340 ture
1192 2270 1243 2360 ju-

129 2387 341 2456 arisdictioni
351 2386 527 2475 subjectos,
543 2390 681 2474 propter
693 2386 876 2456 commissos
892 2408 1053 2470 excessus
1073 2391 1170 2458 etiam
1183 2410 1245 2477 per

129 2501 257 2572 «laicos
273 2505 344 2590 capi
361 2503 470 2583 facias,
490 2511 524 2570 et
544 2519 600 2570 eos
619 2503 670 2591 (ne
695 2501 832 2589 fugiant)
860 2505 895 2569 in
913 2525 1046 2571 carcere
1067 2525 1164 2592 poena
1186 2502 1244 2573 de·

129 2619 226 2688 «bita
244 2627 362 2706 postea
384 2616 594 2703 castigandos
617 2605 780 2699 includas,
794 2627 846 2699 te,
865 2620 919 2686 vel
934 2621 1098 2705 capientes
1112 2619 1245 2688 eosdem

84 2735 86 2739 ’
130 2759 145 2798 u
163 2734 251 2824 (licet
267 2731 412 2802 nondum
428 2744 585 2820 appareat
602 2735 837 2820 incorrigibiles
858 2757 914 2803 eos
929 2734 1023 2821 esse),
1041 2735 1130 2804 nulla
1145 2737 1246 2804 credi-

131 2867 224 2920 umns
247 2853 580 2920 excommunicatione
604 2844 755 2918 innodari
775 2872 871 2919 :cum
900 2856 933 2918 in
954 2851 1003 2918 his
1020 2853 1091 2940 (nisi
1113 2852 1189 2921 alios
1203 2877 1244 2922 ex

130 2971 328 3056 «proposito
345 2965 525 3048 excedatur
538 2971 572 3032 in
594 2965 682 3054 ipsis)
700 2970 869 3036 temeritas
888 2969 941 3035 vel
964 2955 1081 3054 injuria
1099 2981 1241 3057 nequeat

130 3082 370 3171 «deprehendi.
385 3083 525 3151 Eosdem
538 3104 666 3171 quoquc
683 3085 829 3162 clericos,
850 3085 877 3149 si
891 3083 932 3152 de
945 3083 1092 3171 parendo
1102 3085 1168 3171 juri
1183 3087 1246 3153 tibi

129 3225 146 3264 a
160 3198 397 3288 fidejussoriam
412 3196 565 3266 dederint
581 3200 784 3279 cautionem,
802 3199 951 3267 detinere
967 3222 1031 3267 nou
1047 3197 1170 3287 debes,
1184 3203 1246 3268 nisi

130 3334 311 3386 «excessus
336 3315 520 3395 enormitas,
541 3317 596 3383 vel
614 3315 676 3382 alia
700 3329 796 3383 causa
815 3295 1013 3383 rationabilis
1038 3337 1093 3384 eos
1110 3319 1247 3384 suaserit

128 3431 361 3526 «detinendos.
381 3453 398 3496 a
420 3429 543 3500 Eadem
569 3434 736 3518 reperitur
744 3433 778 3498 in
790 3425 865 3521 jure
880 3433 1025 3500 Romano
1051 3434 1242 3520 dispositio:

129 3553 256 3619 «Facta
269 3549 522 3636 praesmnptionc
546 3557 699 3635 tauquam
718 3563 795 3614 reus
814 3549 866 3629 sit,
884 3549 917 3614 in
931 3549 1078 3617 custodia
1102 3552 1243 3630 maneat,

128 3663 265 3734 «donec
279 3682 376 3732 cansa
396 3651 597 3732 terminetur
614 3671 625 3725 t
646 3665 728 3753 (lege
744 3667 775 3746 3,
792 3675 820 3730 c.
840 3669 877 3730 de
899 3667 1044 3730 Custodia
1060 3663 1165 3751 recol.
1181 3652 1246 3734 Hoss

126 3783 177 3851 die
194 3793 307 3850 antem
324 3775 434 3848 multis
448 3784 483 3849 iu
504 3778 691 3868 regionibus
705 3794 771 3849 non
782 3787 918 3867 possunt
933 3781 1084 3868 Episcopi
1098 3781 1159 3849 hoc
1171 3783 1245 3870 jure
1316 3848 1318 3853 .

125 3919 183 3966 suo
198 3901 259 3979 uti,
278 3898 367 3984 quod
383 3899 429 3965 eis
444 3918 505 3964 nec
528 3899 681 3966 familiam
693 3905 848 3965 armatam
863 3898 911 3985 (ut
929 3894 1053 3985 dicunt)
1067 3891 1188 3966 babere
1204 3903 1242 3967 si-

127 4024 203 4082 naut
222 4015 381 4082 moderna
407 4015 580 4099 gubernio,
597 4035 659 4083 neo
686 4014 809 4082 eisdem
827 4013 954 4081 brachii
973 4017 1135 4084 saecularis
1152 4016 1195 4084 ad
1210 4017 1245 4086 id

129 4133 281 4200 auxilium
292 4138 460 4216 praestent.

173 4252 205 4314 3.
224 4249 571 4315 Denunttanstenetur
579 4251 687 4315 testes
696 4247 906 4316 denominare
920 4256 956 4315 et
967 4245 1165 4334 probationis
1177 4268 1246 4316 me-

134 4361 185 4428 dia
198 4381 385 4448 suggerere,
403 4372 440 4429 ut
449 4364 516 4450 jam
530 4384 629 4449 supra
645 4365 769 4431 dictum
789 4373 849 4432 est.
1074 4453 1076 4462 ,

179 4475 209 4542 t.
227 4473 371 4560 Quilibet
388 4475 638 4560 denunmtom
653 4476 917 4551 denuntiantem
934 4481 1029 4562 apoto
1045 4480 1202 4563 diversus,
1217 4484 1245 4547 si
