2914 5122
17 99 20 156 l

17 273 20 398 Ι
254 343 313 424 154
585 371 773 422 mersans
797 377 841 423 oc
863 370 1012 430 sonions.

246 515 323 566 casu
341 497 522 584 procedere
534 499 594 564 nisi
610 476 700 582 prius
718 508 844 566 constet
856 502 898 568 de
914 503 1001 570 fumo
1016 503 1148 588 publico
1156 515 1252 572 reum
1267 517 1363 572 rocus
1437 559 1440 570 ,t

248 623 339 682 sante
351 639 359 699 ;
373 615 430 681 scd
444 617 522 681 sotis
541 622 595 680 cst
609 623 646 680 ut
667 615 702 680 id
725 625 851 683 constet
863 618 967 703 judici
983 621 1057 705 ipsi.
1076 620 1171 688 Unde
1189 617 1360 708 postquam

249 725 427 817 ipsejudex
442 748 648 817 quocumque
665 733 762 798 modo
776 733 819 800 de
836 734 895 800 hae
919 736 1004 806 fama
1030 739 1154 803 certior
1176 737 1285 804 iaetus
1297 743 1357 816 est,
1439 727 1440 762 ³

249 867 406 934 opusnon
424 855 473 914 cst
487 854 524 914 ut
537 847 683 914 eamdem
700 851 845 916 notitiam
863 851 1002 936 juridice
1027 854 1187 938 acquirat.
1201 855 1307 940 Atque
1330 854 1361 920 id

249 965 364 1052 passim
376 964 513 1032 tradunt
525 965 678 1032 doctores
695 967 902 1034 arianimitcr.

293 1087 324 1148 2.
347 1085 384 1148 In
400 1083 493 1166 praxi
505 1091 614 1148 tamen
626 1081 760 1166 expedit
775 1085 931 1167 praemitti
948 1103 1080 1169 semper
1088 1085 1210 1153 dictem
1221 1087 1265 1154 de
1278 1067 1362 1154 famo
1439 1081 1440 1110 ¹

247 1195 505 1268 informationem
519 1198 702 1284 juridicam.
724 1201 804 1264 Nam
820 1203 927 1266 sicam
943 1201 1047 1287 judex
1060 1204 1216 1281 omiserit,
1241 1182 1361 1288 poterit

248 1335 322 1382 reos
340 1313 539 1402 adjudicem
562 1317 765 1399 superiorem
784 1317 965 1402 appellare;
996 1317 1179 1404 objiciendo
1192 1339 1311 1404 nempe
1329 1338 1360 1386 se

246 1431 369 1519 absque
384 1434 504 1517 previa
515 1433 655 1510 infamia,
673 1453 708 1498 ac
728 1432 991 1519 proindeinjostc
1005 1443 1039 1501 ct
1053 1435 1189 1502 nulliter
1201 1437 1301 1502 fnisse
1318 1437 1361 1502 in·

247 1551 412 1636 quisitum.
428 1550 498 1615 Imo
513 1549 678 1632 postulare
692 1550 811 1632 poterit
826 1558 862 1614 ut
871 1549 972 1635 judex
982 1551 1127 1632 inferior,
1143 1571 1205 1635 pro
1217 1551 1278 1617 lruc
1287 1565 1361 1638 praei

246 1675 337 1733 tensa
355 1665 521 1752 injustitia,
535 1667 640 1749 poenis
656 1686 673 1730 a
689 1663 764 1751 jure
781 1667 910 1732 statutis
924 1665 1125 1752 subjiciatur.
1144 1669 1233 1732 Tunc
1246 1671 1359 1736 veroli

245 1781 413 1850 tenebitur
426 1781 633 1866 probationes
644 1779 690 1846 de
705 1781 824 1864 proevfa
842 1781 989 1860 infamia,
1015 1802 1095 1868 quas
1113 1783 1360 1868 ertrajudieiali·

245 1908 298 1965 ter
313 1898 437 1976 habuit,
456 1899 615 1982 superiori
628 1896 731 1983 judici
748 1895 917 1964 exhibere.
939 1898 1034 1964 Unde
1050 1898 1093 1964 od
1115 1899 1359 1983 precavendam

246 2035 318 2083 eam
328 2011 559 2092 difficultatem,
577 2015 754 2080 consultius
767 2021 828 2092 est,
846 2015 973 2099 quoties
987 2034 1048 2099 per
1060 2017 1142 2080 viam
1154 2033 1254 2082 merce
1264 2017 1360 2102 inqui*

222 2127 368 2198 ¹sitionis
386 2131 586 2216 proceditur,
608 2139 645 2196 ut
663 2151 795 2215 semper
820 2127 964 2217 juridica
994 2131 1035 2198 de
1065 2133 1150 2200 fumo
1178 2134 1358 2202 informatio

245 2249 485 2333 praemittatur:
503 2248 538 2313 id
558 2257 608 2314 est
628 2254 664 2313 ut
685 2249 912 2314 examinentur
929 2257 1031 2315 testes
1051 2250 1135 2315 eirea
1149 2250 1211 2316 hec
1227 2250 1355 2324 factum,

163 2367 165 2371 ’
244 2385 284 2430 aa
302 2385 420 2432 revera
433 2366 460 2431 is
473 2366 515 2431 de
530 2385 594 2452 quo
616 2364 794 2451 judicando
809 2366 927 2450 agitur,
943 2366 1058 2432 asama
1075 2367 1205 2450 publico
1218 2366 1357 2451 designe-

242 2490 299 2548 tur
313 2490 468 2568 tanquam
481 2483 552 2548 tolis
567 2481 678 2548 delicti
690 2502 778 2547 reus
856 2475 861 2486 '

287 2605 319 2667 3.
335 2598 473 2682 Quando
489 2598 591 2685 judex
602 2599 864 2664 informationem
874 2598 1047 2683 juridicam
1058 2602 1196 2686 sumpsit
1213 2600 1255 2667 de
1271 2602 1350 2666 foma

243 2703 384 2804 publica,
402 2735 469 2780 non
494 2722 628 2782 tenetur
642 2715 778 2781 alteram
799 2714 843 2781 de
861 2717 1149 2800 semi-probatione
1175 2719 1350 2784 instituere.

243 2830 324 2900 Nom
337 2833 512 2918 ipsummet
529 2832 651 2898 factum
674 2832 767 2898 famae
787 2832 937 2917 publicu,
960 2851 1054 2898 reum
1073 2833 1271 2918 designantis
1290 2842 1354 2899 ton·

243 2966 340 3035 quom
351 2949 462 3016 delicti
477 2957 656 3026 auctorem,
672 2955 722 3014 est
743 2948 787 3013 de
800 2947 873 3034 jure
891 2949 1079 3034 semi-pleno
1095 2951 1258 3034 probatio.
1275 2953 1352 3034 Ergo

242 3072 350 3151 potest
359 3056 460 3151 judex
473 3064 516 3131 ad
534 3065 592 3132 itei
601 3065 787 3132 citationem
801 3063 994 3150 procedere,
1026 3067 1133 3132 statim
1151 3087 1190 3132 ac
1206 3067 1250 3134 de
1273 3067 1351 3132 fame

243 3181 373 3268 publiea
384 3183 521 3269 juridice
538 3183 694 3249 constitit.

251 3286 255 3296 ’
286 3297 317 3366 d.
343 3293 382 3367 ln
398 3303 490 3386 praxi
504 3308 613 3367 tamen
627 3300 780 3384 expedit,
795 3309 833 3366 ut
847 3310 1020 3388 orrtequam
1032 3301 1074 3366 ad
1089 3300 1349 3368 citandumreum

242 3409 446 3494 deveniotur,
465 3417 522 3482 iiot
540 3415 765 3483 informatione
782 3434 953 3500 processus
968 3415 1011 3482 de
1032 3417 1133 3499 ipsius
1148 3417 1261 3484 delicti
1274 3417 1350 3484 veri·

241 3539 325 3618 tatc3
343 3552 383 3600 ne
399 3535 557 3606 inutiliter
576 3532 782 3600 vexationem
796 3533 913 3600 subeat
922 3554 1010 3612 reus,
1038 3535 1064 3600 si
1082 3535 1168 3600 forte
1189 3537 1344 3611 innocens,

240 3652 466 3719 nonobstante
483 3653 643 3717 contraria
658 3651 755 3728 fama,
772 3652 966 3735 reperiatur.
985 3651 1025 3716 Et
1042 3651 1174 3737 quidem
1195 3653 1241 3718 ito¹
1257 3665 1348 3734 expe·

241 3769 290 3836 dit
303 3769 376 3836 fieri
389 3788 575 3852 processum
589 3771 679 3834 illem
694 3768 948 3845 informantem,
962 3769 1109 3852 utplenae
1119 3779 1274 3854 quantum
1283 3767 1346 3839 fieri

240 3889 339 3972 possit
350 3886 557 3971 probationes
576 3886 769 3952 habeantur.
793 3885 874 3952 Inde
895 3887 981 3951 enim
993 3887 1098 3951 multo
1113 3886 1239 3952 facilius
1254 3905 1342 3970 expc-

240 4002 352 4071 dietur
366 4005 496 4088 proprie
512 4003 619 4070 dietus
634 4022 815 4088 processus,
835 4004 933 4070 citato
945 4023 1003 4069 reo
1019 4001 1234 4088 incipiendus,
