2914 5122
238 343 298 408 128
581 362 769 412 rnncrnrus
793 365 835 410 nn
859 363 1007 410 contens.

278 488 311 552 3.
335 486 524 551 Innocentio
543 493 652 552 tamon
668 488 716 554 111
731 489 893 573 ipsiusque
912 489 1075 571 responsis
1090 495 1124 556 et
1138 488 1348 562 decisionibus

235 601 463 688 tribuendum,
482 601 570 688 quod
594 603 815 688 inquisitorius
834 623 1002 688 processus
1016 624 1106 672 suam
1128 607 1224 690 plone
1244 606 1349 674 deter-

232 719 386 784 minatam
402 718 538 784 formam
558 717 720 799 induerit,
737 728 834 806 atque
851 722 938 786 inter
954 719 1135 788 ordinarios
1153 722 1349 806 procedendi

233 832 347 901 modos
364 833 472 900 locum
495 834 663 901 definitive
680 839 866 920 sumpserit.
890 835 989 922 Cujus
1007 837 1238 904 immutationis
1254 839 1348 906 bene-

231 949 352 1030 ficium,
367 950 410 1016 ad
423 952 563 1016 omnium
578 950 711 1018 tandem
726 952 958 1020 modernorum
973 955 1169 1038 populorum
1183 956 1348 1022 saeculares

230 1068 318 1151 leges
338 1078 373 1133 et
385 1067 569 1144 tribunalia,
594 1086 720 1134 summo
740 1089 815 1134 cnm
837 1069 884 1134 rei
903 1069 1039 1152 publicae
1055 1071 1288 1150 emolumento,
1305 1071 1348 1136 di-

236 1185 388 1250 manavit.

240 1369 243 1378 ,
280 1302 437 1368 Remanet
460 1311 497 1368 ut
517 1304 648 1388 propria
672 1303 841 1389 utriusque
868 1301 992 1381 formae,
1010 1305 1215 1370 accusatorias
1231 1306 1348 1370 scilicet

235 1427 269 1485 et
291 1421 516 1504 inquisitoriae,
543 1421 665 1486 utilitas
689 1429 787 1505 atquc
806 1421 980 1486 intrinseca
1002 1420 1128 1486 bonitas
1150 1419 1348 1486 adinvicem

235 1536 456 1614 conferantur,
478 1535 612 1622 etquid
634 1535 677 1601 de
702 1555 894 1622 unaquaque
920 1535 1126 1602 sentiendum
1157 1538 1198 1602 sit
1230 1556 1348 1620 expen-

235 1649 344 1718 datur.
382 1647 385 1651 ’

279 1771 477 1838 Paomsmo
492 1771 564 1836 111¹.
581 1807 626 1818 —-
641 1774 834 1836 Accusatores
850 1774 948 1852 [ornan
965 1777 998 1833 tu
1013 1791 1043 1832 sc
1064 1778 1206 1854 spectatu,
1229 1779 1260 1834 et
1277 1792 1347 1854 qua·

233 1896 318 1962 lcnus
327 1893 550 1970 inquisiturum
566 1906 735 1970 processum
749 1889 920 1965 excludens,
935 1889 1089 1950 nonnullis
1105 1889 1260 1950 laborabat
1270 1891 1348 1968 dese»

232 2007 338 2068 atinus.
354 2041 398 2051 —
413 2003 588 2068 Acntholici
613 2004 788 2086 scriptores
806 2002 911 2080 multi,
928 2022 1002 2068 cum
1026 2021 1123 2088 supra
1140 2003 1246 2068 citatis
1268 2003 1348 2069 Tho-
1439 2063 1440 2066 ,

234 2120 332 2186 masio
347 2126 382 2186 et
395 2117 590 2199 Euhemero,
608 2119 758 2184 Ecclesiae
775 2117 899 2184 crimini
918 2125 1105 2196 verterunt,
1127 2116 1217 2202 quod
1234 2137 1348 2202 puram

231 2235 422 2302 accusatorii
433 2252 602 2317 processus
614 2233 868 2311 institutionem,
885 2233 1064 2318 antiquitus
1082 2232 1246 2298 exclusive
1267 2232 1348 2299 obti-
1440 2253 1441 2282 ³

233 2358 378 2430 nentem,
397 2369 460 2419 non
472 2351 668 2433 servaverim
682 2350 777 2434 eique
792 2347 951 2416 adnexam
966 2354 1000 2414 et
1017 2367 1036 2414 a
1051 2348 1179 2414 fortiori
1193 2348 1348 2415 substitu-

232 2473 299 2535 tam
310 2467 517 2552 inquisitoriae
533 2464 643 2532 forma
656 2465 834 2530 nouitatem
853 2463 1063 2547 exprobrant.
1079 2465 1121 2528 lis
1136 2482 1254 2548 nempe
1272 2465 1346 2532 viris

230 2601 354 2652 summa
367 2582 545 2650 reddendae
558 2581 688 2668 justitiae
702 2581 861 2664 perfectio
875 2583 942 2646 visa
957 2588 1018 2658 est,
1033 2581 1103 2647 siin
1115 2582 1241 2648 nullum
1255 2601 1346 2648 reum

229 2699 351 2784 absque
367 2701 507 2766 instante
522 2707 713 2765 accusatore
732 2696 868 2781 procedi
886 2698 987 2782 possit
1005 2720 1013 2762 :
1029 2717 1153 2764 summa
1171 2697 1344 2782 disciplinae

226 2818 367 2902 antiquae
391 2815 592 2898 corruptela,
619 2812 709 2899 quod
733 2813 837 2898 judici
861 2814 974 2894 liceat,
998 2834 1039 2880 cx
1062 2815 1129 2880 sola
1152 2814 1194 2880 de
1218 2823 1345 2900 patrato

227 2930 349 2998 delicto
362 2931 449 2996 fama
468 2939 501 2996 et
520 2929 657 3010 indiciis,
671 2931 849 3015 inquirere,
865 2937 898 2996 et
914 2931 1118 3018 (accusatoris
1131 2932 1219 2997 vices
1230 2939 1345 3015 agente

227 3048 407 3116 monterio
431 3047 573 3130 publico,
590 3045 706 3125 idest,
725 3043 827 3112 fiscali
847 3066 907 3112 seu
930 3045 1143 3130 promotore),
1160 3048 1344 3114 convictum
1438 3045 1439 3080 ³

226 3182 321 3232 reum
339 3163 452 3235 debita
470 3184 567 3248 poeno
584 3184 750 3232 coercere.

237 3341 240 3347 .
270 3281 393 3348 Atvero
412 3280 517 3347 hacce
534 3283 690 3365 opinatio,
706 3301 778 3366 quae
793 3280 904 3348 odium
920 3282 952 3346 in
969 3283 1138 3348 ecclesiam
1153 3281 1343 3348 catholicam

226 3399 320 3463 nimis
336 3405 451 3483 aperte
467 3402 561 3482 sapit,
578 3398 771 3484 jamdudum
795 3400 957 3465 communi
978 3398 1240 3484 jurisperitorum
1263 3419 1341 3465 voce
1437 3435 1438 3491 ι

225 3515 357 3598 exploso
372 3522 434 3582 est.
452 3517 525 3582 Tati
544 3518 620 3580 sunt
645 3515 847 3582 recentiores
863 3517 897 3578 in
917 3513 1127 3582 ostendendis
1152 3516 1276 3600 antiqui
1289 3534 1342 3599 sy·
1437 3501 1438 3515 ¹

224 3631 367 3696 stematis
392 3631 584 3698 accusatorii
610 3631 707 3709 vitiis,
732 3632 764 3694 in
790 3629 976 3697 extollenda
997 3630 1205 3715 inquisitoriae
1229 3631 1340 3696 forma

222 3745 436 3830 perfectione.
451 3748 501 3812 De
514 3765 578 3831 quo
592 3747 638 3811 sic
651 3747 738 3812 inter
752 3747 840 3826 alios,
855 3744 1032 3810 modernus
1049 3745 1157 3812 Galliae
1174 3746 1337 3830 scriptor:

225 3887 241 3930 n
255 3863 351 3930 Nolle
366 3865 533 3946 ponrsuite
547 3882 588 3927 ne
604 3864 737 3946 pouvait
748 3866 819 3928 etro
836 3865 973 3928 exerceo
987 3881 1059 3928 sans
1069 3881 1114 3926 un
1127 3869 1337 3929 accusateur:

225 3954 384 4046 al'action
412 3977 588 4063 publiqne,
614 3977 751 4045 attribut
778 3976 819 4042 de
845 3979 876 4044 la
902 3978 1128 4044 souveraincte
1155 3978 1336 4056 nationale,
1436 3959 1437 3978 ³

225 4119 241 4156 ι
255 4097 397 4179 reposuit
410 4103 505 4162 enim
519 4095 569 4160 les
582 4095 683 4162 mains
698 4095 758 4160 des
774 4096 920 4180 citoyens
934 4114 1079 4160 :aucune
1094 4095 1188 4178 peine
1204 4113 1339 4178 nepon·

224 4237 243 4282 ιι,
255 4214 323 4280 vnit
334 4218 404 4280 etro
420 4212 591 4296 appliquee
608 4231 667 4295 par
679 4210 864 4298 jugements
878 4211 1015 4296 publius,
1033 4212 1059 4275 si
1074 4211 1136 4280 elle
1151 4210 1271 4286 n’avoit,
1283 4212 1338 4276 ete

224 4328 449 4412 «immanem
467 4328 596 4411 ,requise
618 4345 679 4409 par
692 4327 724 4393 lc
741 4327 921 4416 plnignant.⁴
940 4327 969 4392 Ii
984 4335 1034 4392 est
1050 4325 1183 4392 evident
1197 4324 1255 4392 des
1267 4323 1337 4389 lors
1435 4369 1436 4388 ι

222 4443 351 4529 aqu'un
374 4442 478 4527 grand
499 4441 635 4508 nombre
654 4440 697 4508 de
718 4443 848 4522 crimes,
868 4443 949 4510 dont
970 4462 1076 4508 aucun
1097 4443 1218 4509 interut
1236 4443 1337 4526 parti-
