2838 5114
542 361 621 410 rsus
644 361 803 409 secunus.
1155 345 1220 410 439

105 488 344 558 «validitatem
361 494 395 556 et
412 487 630 572 integritatem
652 491 845 570 censeatur;
870 503 1061 572 semperque
1084 483 1168 554 adsit
1189 487 1224 551 in

104 629 119 666 «
133 603 298 690 judicio...
319 603 538 686 Quacumque
555 620 646 679 vero,
665 617 705 666 eo
720 619 786 665 non
801 601 944 686 legitime
962 600 1061 666 citato
1078 607 1136 668 aut
1149 599 1222 667 inti-

100 744 117 782 «
136 727 236 797 moto,
254 717 421 803 injudicio
435 724 568 803 peracta
584 707 718 794 fuerint,
737 716 836 792 nulla,
855 716 960 795 irrita,
980 735 1069 781 cassa
1082 715 1224 782 declara·

101 859 117 898 a
136 852 220 912 mus,
232 853 272 900 ao
283 852 344 918 pro
358 833 456 898 nullis
470 832 566 898 cassis
580 840 614 898 et
628 831 727 898 irritis
739 831 852 896 haberi
862 831 1021 910 volumus,
1036 831 1173 916 perinde
1187 850 1225 898 ao

100 975 117 1012 n
135 951 163 1018 si
180 951 280 1016 citata
294 954 327 1013 et
339 949 485 1035 intimata
504 963 569 1010 non
582 953 667 1010 esset
680 964 718 1010 ea
730 964 816 1029 pars,
837 943 931 1030 eujus
946 945 1220 1024 citariintererat‚

100 1091 116 1130 a
135 1075 169 1134 et
181 1085 279 1152 quam
286 1065 379 1152 Juxta
390 1065 500 1150 legum
511 1069 544 1128 et
555 1080 715 1139 canonum
727 1063 927 1146 praescripta,
939 1061 980 1129 ad
990 1061 1163 1145 legitimam
1175 1059 1223 1146 ju·

99 1205 115 1242 a
133 1180 211 1246 dicii
219 1179 417 1246 validitatem
428 1180 519 1244 citari
528 1185 583 1243 aut
594 1179 737 1244 intimari
747 1178 876 1244 omnino
886 1178 1104 1244 necessarium
1115 1185 1219 1242 erat.»

141 1299 308 1364 Puucuum
323 1297 379 1360 Vl.
399 1333 442 1345 -
455 1300 538 1376 thot
553 1301 746 1376 requirantur
761 1299 915 1358 sententie
929 1297 1093 1376 conformes
1106 1296 1143 1358 cle
1153 1297 1222 1358 rial-

93 1420 186 1482 litoto
201 1419 398 1492 matrimonii,
417 1420 451 1476 ct
467 1414 593 1475 liberum
609 1417 650 1474 sit
669 1413 842 1494 conjopibas
858 1413 900 1474 od
914 1430 1006 1474 occos
1017 1416 1140 1492 euplius
1155 1429 1220 1474 coo-

95 1535 201 1598 voiure
214 1535 280 1594 ?—
293 1532 323 1596 1⁰
333 1531 504 1614 Nunquam
519 1526 635 1592 sufficit
649 1528 745 1594 unica
757 1527 936 1609 sententia3
951 1534 1049 1611 atque
1063 1525 1097 1590 id
1108 1545 1223 1590 verum

93 1658 148 1716 est
179 1647 308 1714 etiamsi
328 1668 346 1711 a
367 1645 529 1711 sententia
555 1643 713 1709 nullitatis
731 1661 796 1708 non
821 1642 1019 1726 appelletur,
1047 1643 1101 1706 rel
1127 1643 1227 1708 inter·

92 1765 202 1850 posita
215 1762 388 1848 appellatio
404 1759 586 1828 deseratur.
598 1760 681 1824 Item
695 1755 730 1822 id
746 1776 863 1822 verum
877 1764 1035 1836 remanet,
1049 1759 1116 1826 sive
1133 1757 1225 1823 nulli.
1306 1739 1309 1748 ¹

91 1889 148 1948 tas
161 1879 396 1966 pronuntietur
417 1877 461 1941 ab
482 1874 661 1941 Ordinariis
679 1873 844 1950 locorum,
875 1875 942 1940 sive
964 1873 1072 1940 Roma
1093 1893 1112 1940 a
1130 1875 1225 1942 Sacro

93 1995 356 2082 Congregatione
373 1991 520 2069 Caecilii,
536 1991 590 2056 vel
606 1989 646 2056 ab
662 1989 830 2056 Auditorio
848 1990 969 2074 palatii,
991 1990 1043 2056 rel
1061 1991 1101 2056 ab
1121 1991 1226 2075 aliqua

93 2108 356 2194 Gongregatione
369 2106 414 2172 ad
428 2106 462 2172 id
475 2105 662 2190 specialiter
679 2104 848 2192 deputata.
869 2105 1030 2191 conjuges
1046 2114 1156 2172 autem
1168 2107 1224 2192 qui

93 2229 174 2308 post
186 2224 315 2290 unicam
329 2219 500 2291 dumtaxat
508 2221 703 2288 sententiam
714 2220 756 2286 de
767 2221 916 2288 nullitate
926 2241 1046 2288 novum
1057 2221 1225 2288 celebrare

93 2339 344 2410 matrimonium
364 2335 504 2414 audent,
526 2357 592 2404 non
614 2343 741 2404 tuntum
766 2336 1019 2404 interdictarum
1038 2339 1225 2422 nuptiarum

93 2459 205 2542 poenis
219 2455 392 2541 subjacent
415 2464 449 2521 et
469 2456 655 2524 cohabitare
672 2456 900 2540 prohibentur,
921 2456 979 2521 sed
995 2458 1128 2544 insuper
1146 2457 1226 2524 latas

92 2580 214 2642 contra
247 2572 437 2656 polygamos
464 2590 482 2636 a
510 2572 608 2638 sacris
638 2572 815 2638 canonibus
839 2591 950 2654 poenas
976 2572 1159 2638 incurrunt.
1185 2573 1224 2638 ld

94 2709 219 2774 nempe
236 2688 385 2755 decrevit
404 2685 603 2754 Benedictus
621 2689 694 2752 XIV
713 2688 761 2754 his
782 2688 908 2754 verbis:
935 2689 1184 2774 «Appellatione
1203 2711 1224 2754 a

96 2833 113 2870 a
132 2807 241 2894 prima
258 2805 421 2872 sententia
436 2803 611 2890 pendente,
631 2805 796 2870 ueletiam
813 2805 902 2869 nulla
918 2803 974 2890 (ol)¹
985 2804 1150 2882 malitiam,
1169 2807 1224 2872 vel

94 2948 113 2988 a
129 2923 344 3000 oscitantiam,
361 2923 415 2988 vel
430 2921 641 2986 collusionem
652 2921 833 3013 defensoris
845 2929 879 2988 et
890 2918 1042 3006 partium)
1052 2922 1222 3016 interposi·

87 3065 112 3114 ,a
131 3047 178 3118 ta,
198 3039 224 3104 si
239 3038 335 3105 ambo
353 3037 405 3104 vel
419 3056 503 3101 nnus
523 3057 563 3102 ex
579 3038 773 3124 conringibus
793 3059 894 3104 novas
908 3041 1037 3124 nuptias
1052 3039 1219 3106 celebrare

93 3182 111 3218 a
130 3173 229 3224 ausus
246 3153 359 3230 tuerit,
373 3153 535 3230 volumus
553 3173 590 3218 ac
607 3153 825 3234 decernimus,
843 3161 880 3218 nt
893 3176 958 3221 non
969 3156 1073 3223 solum
1089 3176 1221 3224 serven-

92 3297 111 3336 «
127 3281 198 3349 tur,
210 3289 281 3358 quae
293 3269 338 3339 ad
351 3287 464 3338 versus
479 3290 543 3348 eos,
560 3273 616 3355 qui
627 3271 871 3338 matrimonium
886 3270 1219 3362 eontrainterdictum

93 3388 279 3457 «Ecclesia
309 3385 507 3454 contrahunt
526 3395 647 3454 statuta
668 3394 744 3452 sunt
772 3389 964 3473 (praesertim
984 3397 1022 3455 ut
1039 3389 1179 3456 invicem
1200 3410 1219 3458 a

91 3530 110 3568 a
126 3504 369 3575 cohabitatione
389 3511 595 3590 separentur,
620 3502 730 3588 quoad
744 3522 847 3588 usque
864 3506 967 3572 altera
988 3509 1150 3574 sententia
1169 3526 1220 3572 su·

94 3650 108 3682 n
129 3640 193 3706 per
215 3620 365 3688 nullitate
386 3621 602 3696 emanaverit,
623 3639 641 3686 a
664 3638 726 3704 qua
749 3621 835 3686 intra
863 3619 979 3686 decem
1000 3621 1071 3688 dies
1088 3641 1153 3686 non
1176 3623 1218 3690 sit

91 3763 108 3802 a
125 3737 340 3824 appellatum,
352 3737 406 3800 vel
416 3736 590 3820 appellatio
605 3735 797 3818 interposita
812 3734 942 3802 deserta
954 3735 1073 3803 deiude
1087 3735 1212 3822 fuerit);

92 3879 110 3916 a
128 3852 190 3922 sed
202 3854 339 3921 ulterius
350 3861 389 3918 ut
400 3853 596 3918 contrahens
605 3853 656 3918 vel
668 3851 898 3919 contrahentes
909 3853 1148 3920 matrimonium
1157 3853 1217 3918 hu-

91 3995 110 4032 a
127 3967 565 4056 jusmodi-omnibuspoenis,
576 3976 689 4034 contra
700 3969 1029 4054 polygamosasacris
1040 3969 1215 4038 canonibus
1281 3969 1283 3974 '

94 4113 110 4150 a
121 4095 165 4156 'et
174 4085 461 4152 constitutionibus
472 4086 654 4169 apostolicis
666 4086 861 4163 constitutis,
872 4073 1002 4152 omnino
1012 4085 1212 4171 subiaceanu

93 4229 111 4266 a
128 4221 212 4289 quas
229 4203 263 4266 in
280 4222 348 4280 eos,
364 4209 523 4286 quatenus
542 4221 623 4286 opus
642 4202 693 4282 sit,
715 4209 816 4280 motu,
835 4203 980 4281 seientia,
995 4223 1033 4268 ac
1051 4209 1213 4288 potestate

94 4317 223 4393 annali
240 4335 353 4384 rursus
369 4318 552 4395 statuimus,
575 4317 791 4398 decernimus,
808 4338 847 4386 ac
863 4338 1097 4386 renovamus.»
1119 4318 1145 4406 (5
1163 4317 1210 4402 9.)

139 4441 174 4504 2⁰
188 4437 268 4502 Post
279 4433 454 4502 secundam
474 4437 664 4503 sententiam
681 4435 722 4502 de
741 4436 888 4506 nullitate
903 4438 1107 4516 matrimonii,
1126 4438 1154 4504 si
1169 4436 1209 4502 ab
