2848 5118
423 383 428 394 .
501 352 582 434 ωε
608 352 767 402 secures.
834 361 836 368 ’
1132 339 1195 401 175

98 475 181 540 ciem
197 481 267 560 post
291 474 436 558 elapsum
454 475 631 542 terminum
655 493 674 540 e
696 472 804 560 judice
820 473 1063 556 prescriptum:
1078 481 1191 558 priten

97 593 301 674 exceptionem
319 593 594 675 procuratorium
618 595 755 671 secunde,
776 592 1005 674 exceptionem
1020 592 1196 658 recusatio·

97 707 137 770 nis
149 705 273 790 judicis,
295 705 379 772 side
407 724 493 773 coeo
511 714 658 790 emergat
673 715 730 772 ont
744 709 940 790 innoteseat3
959 714 1058 788 tertie,
1075 725 1195 791 cacep-

95 823 198 888 tx'onem
218 825 571 900 excommunicationis,
598 825 725 890 etiamsi
739 822 842 908 judex
864 843 1018 908 expresse
1038 830 1076 890 et
1095 825 1195 892 nemi·

94 939 178 1002 actim
199 937 239 1003 ad
262 939 344 1003 hanc
365 941 590 1022 exceptionem
611 938 856 1022 proponendam
875 942 1050 1006 terminum
1070 938 1190 1008 fixerit.

128 1055 270 1134 Quesrto
285 1063 328 1120 7·.
344 1089 390 1102 ·-
403 1058 452 1118 Ae
472 1061 564 1118 etiem
587 1058 767 1120 deducendis
788 1059 1009 1138 exceptionibus
1026 1063 1194 1138 perempte·

93 1175 139 1232 riis
152 1177 245 1250 pessit
261 1173 363 1253 judeo
386 1177 545 1234 terminum
558 1171 740 1252 prorepere?
758 1207 803 1220 -···
817 1173 920 1255 Negat
942 1172 1054 1238 etossa
1077 1173 1122 1258 (ie
1138 1191 1193 1236 ca·

93 1291 141 1366 put
156 1285 186 1360 i,
208 1288 246 1348 de
259 1288 503 1366 Eeceptteeibes,
526 1285 629 1352 verbe
647 1283 836 1370 Ditotorioe);
853 1295 925 1354 tum
939 1305 980 1352 ex
998 1306 1037 1352 eo
1051 1283 1192 1370 quodsit

91 1399 187 1480 regulo
198 1399 358 1482 generalis
372 1419 465 1482 pesse
485 1401 694 1483 exceptiones
708 1403 943 1484 peremptorias
953 1402 1074 1484 opponi
1088 1415 1191 1486 usque

91 1511 124 1578 ed
145 1516 353 1598 sententiem3
372 1525 444 1582 tum
463 1536 504 1581 ne
530 1516 671 1599 alioquin
692 1535 866 1600 gravamen
892 1536 949 1584 ree
974 1517 1144 1595 inseratur,
1164 1518 1190 1582 si
1228 1605 1231 1610 ι

88 1640 214 1714 nequent
232 1639 306 1716 post
320 1631 488 1714 prefixum
503 1652 522 1698 e
537 1631 648 1716 judice
666 1634 842 1698 terminum
857 1631 962 1718 dietus
982 1633 1190 1716 exceptiones

10 1823 11 1826 Ἴ
87 1760 255 1830 opponere;
273 1765 329 1812 ees
346 1748 525 1830 presertim
542 1763 613 1832 ques
634 1756 708 1832 post
727 1749 872 1832 elapsum
889 1749 1060 1831 prefatum
1077 1748 1189 1816 termi-

10 1837 12 1866 ⁴
88 1879 152 1925 uum
167 1864 341 1939 orirentur,
362 1871 418 1928 eut
433 1872 512 1927 tune
530 1864 674 1946 primum
688 1865 942 1930 innotescerent.
1066 1931 1069 1938 Δ

121 1979 325 2047 Nihilominus
356 1981 468 2064 piures
507 1981 680 2047 cenenistoe
717 1981 803 2066 (eum
828 1981 989 2065 iepman,
1019 1980 1186 2066 Pirrhieg,

84 2091 416 2176 schmalzgreeber...)
441 2095 486 2159 ita
509 2092 776 2176 distinguendum
797 2095 1003 2161 existiment:
1021 2092 1190 2178 retJ'urtes

85 2209 209 2288 preficit
229 2210 357 2274 dictum
378 2211 556 2286 terminum
577 2229 653 2276 cem
679 2210 861 2292 cognitione
880 2227 995 2287 oense,
1015 2210 1069 2276 tel
1093 2229 1190 2279 reuse

84 2325 215 2390 nondum
230 2327 358 2410 cognite
376 2347 383 2390 :
400 2327 429 2398 ¹si
447 2327 536 2408 prius
551 2326 846 2414 non-pereritpeus
856 2326 967 2409 elapso
979 2325 1041 2394 ime
1055 2327 1194 2396 termino

82 2443 307 2524 peremptorius
331 2442 541 2526 exceptiones
557 2461 770 2528 proponere:
792 2460 885 2508 secus
898 2449 1011 2508 autem
1031 2442 1065 2506 io
1082 2451 1191 2526 poste·

81 2556 247 2622 rioricasu.
738 2647 741 2651 Ι

121 2673 159 2738 In
173 2675 262 2755 praui
276 2679 387 2738 tamen
409 2674 589 2738 consultius
608 2671 751 2749 ridetur,
777 2679 813 2738 ut
831 2671 933 2755 judex
958 2672 1193 2741 ecclesiasticus

85 2788 291 2870 proponendis
310 2763 561 2870 exceptionibus·
573 2787 803 2870 peremptoriis
824 2787 950 2852 nulium
966 2787 1113 2870 prefiget
1125 2794 1192 2854 ter-

83 2903 211 2985 minum;
227 2923 268 2968 nc
284 2904 407 2968 seilicet
424 2902 503 2968 dum
517 2903 592 2968 lites
605 2910 775 2986 amputere
792 2902 851 2968 hoe
869 2901 978 2968 medie
993 2903 1121 2986 sategit,
1133 2922 1192 2970 no·

84 3033 126 3080 vae
147 3017 194 3084 liti
212 3037 253 3084 ex
273 3018 334 3092 hec
358 3017 428 3102 ipso
453 3020 586 3084 etiterte
606 3017 736 3102 joanem
759 3019 896 3102 aperiet.
916 3017 1009 3104 (Vide
1027 3017 1193 3088 'Schmeltt-

82 3119 489 3212 contemneremus,
507 3133 584 3198 nnn
602 3136 621 3198 s
639 3132 865 3210 decreturum,
883 3153 918 3198 n,
936 3130 1004 3216 or.)

121 3249 394 3330 Qu.esr108³.-—
422 3254 574 3332 Quomodo
598 3257 784 3332 exceptiones
814 3257 944 3332 proponi
973 3253 1125 3314 debeant?
1147 3285 1192 3302 --

89 3368 117 3426 1⁰
133 3367 196 3432 Non
210 3367 327 3432 sufficit
345 3368 416 3431 illas
434 3375 525 3432 certo
549 3368 703 3446 existere,
722 3373 756 3430 et
771 3385 842 3432 esse
864 3384 905 3430 ex
927 3367 1007 3430 actis
1027 3367 1189 3450 octonem

83 3479 266 3550 seddcbeut
281 3505 302 3548 o
320 3503 377 3550 reo
389 3484 431 3550 de
445 3485 532 3548 facte
545 3483 678 3566 allegari
691 3489 725 3548 et
740 3483 870 3564 opponi.
889 3483 921 3546 Si
939 3483 1025 3548 enim
1038 3483 1192 3550 reusilles

87 3607 304 3683 eenoppouat‚
323 3600 516 3683 regulariter
536 3617 602 3666 non
628 3596 727 3663 debet
748 3596 851 3681 judex
865 3595 908 3662 ad
924 3618 979 3664 ees
1004 3596 1188 3664 attendere.

86 3712 129 3780 Ita
141 3721 249 3782 tenent
262 3715 415 3793 docteres
427 3717 652 3782 communiter.
675 3742 690 3772 α
708 3715 801 3781 Ratio
817 3723 877 3790 est,
895 3715 939 3778 ait
953 3715 1193 3800 Setrmelegrne-

91 3827 169 3894 «ber
184 3832 226 3918 (in
243 3832 300 3896 tit.
322 3834 375 3908 25,
393 3831 450 3896 lib.
466 3833 485 3896 2
500 3829 643 3906 decret,
660 3851 693 3894 n.
721 3827 788 3912 28),
806 3831 880 3913 qttie
893 3838 1003 3896 tacens
1025 3832 1056 3894 iu
1069 3829 1193 3915 judicio

91 3949 291 4015 «corisctxtire
316 3946 457 4020 videtur,
482 3955 517 4012 et
541 3946 597 4029 qni
619 3946 653 4008 in
675 3944 794 4010 eedem
817 3965 882 4010 xroe
902 3946 1039 4028 opponit
1058 3944 1112 4030 jus
1133 3946 1194 4016 stet

92 4078 105 4118 e
120 4071 316 4144 retinetene,
334 4061 416 4126 iliud
431 4071 584 4127 censetur
598 4061 778 4126 remittere.
795 4083 811 4122 n
826 4059 874 4126 Ab
888 4060 949 4126 lrne
966 4069 1077 4136 tamen
1093 4079 1193 4145 gene·

89 4175 139 4240 nti
154 4179 265 4262 regula
281 4177 439 4242 recedere
462 4177 562 4242 debet
579 4175 683 4260 judex
706 4179 739 4240 iu
762 4175 892 4244 duobus
914 4177 1053 4244 ensibus.
1070 4182 1187 4260 Primo,

89 4293 205 4372 quando
219 4303 313 4362 ector
332 4302 384 4358 est
403 4295 701 4360 eucommunieatus
718 4311 783 4359 een
798 4289 976 4376 toleratus,
994 4301 1073 4359 tunc
1091 4295 1189 4373 enim,

85 4409 227 4489 cisimus
240 4411 468 4494 exceptionem
483 4409 822 4483 excommnuicationis
837 4426 902 4477 eoo
921 4415 1077 4492 opponet,
1091 4407 1195 4495 debet
