2838 5114
467 363 547 412 runs
570 363 728 411 suenum.
983 327 987 335 ¹
1089 349 1154 412 389

56 488 155 552 dmum
164 485 243 571 juris
260 487 418 553 naturalis
431 487 637 571 principium,
654 490 737 550 sulus
743 490 851 569 populi
864 507 1002 568 supremo
1013 489 1064 550 lox
1074 496 1147 566 esto,

54 621 166 687 equum
188 609 284 688 atque
308 611 528 686 opportunum
557 603 658 670 Sedes
683 603 865 687 Apostolica
896 585 1107 682 existimavit,
1134 625 1152 669 a

53 715 306 800 publicandorum
323 719 489 784 nominum
504 717 636 784 testium
651 719 843 784 necessitate
864 719 1077 802 inquisitionis
1096 721 1153 785 tri·
1233 763 1235 768 -

52 831 164 896 hunsla
178 833 332 900 eximere.
347 834 451 914 Quam
466 843 575 900 tamen
587 835 799 900 necessariam
811 835 1021 900 severitatem
1034 835 1154 919 aliqua·

51 954 132 1012 tenus
144 950 351 1032 temperavit3
366 948 566 1034 injungendo
581 950 702 1015 scilieet
718 957 754 1014 ut
775 949 904 1014 nomina
922 959 1031 1013 secrete
1051 971 1151 1014 coram

51 1067 183 1144 atquibus
198 1073 334 1147 pascuis
349 1071 488 1150 procidis
508 1077 537 1131 et
556 1070 697 1145 locustis,
717 1069 878 1148 crispioris,
898 1075 927 1129 et
946 1069 1018 1130 ultis
1041 1069 1082 1130 od
1101 1068 1153 1130 boc

51 1186 147 1244 amotis
161 1184 427 1265 exprimerentur
445 1183 646 1269 (constitutio
659 1187 742 1248 Licet
760 1182 883 1247 Urbani
897 1183 953 1256 lV,
973 1187 988 1260 5
1006 1179 1052 1265 9).
1071 1181 1154 1247 Vide

50 1295 99 1360 hac
111 1296 149 1363 de
167 1317 203 1363 re
218 1298 422 1365 cardinalem
437 1301 537 1366 Petra
555 1301 646 1386 (tom.
666 1303 698 1376 3,
712 1295 765 1364 'ad
780 1299 909 1364 constit.
925 1301 944 1363 2
959 1298 1082 1365 Urbani
1096 1300 1151 1376 lv,

49 1432 75 1476 n.
92 1417 123 1476 ll
147 1423 277 1498 etseq,
295 1434 368 1499 pag.
391 1419 467 1494 309,
487 1414 566 1481 edit.
588 1417 695 1482 Romae
719 1413 828 1499 1708).

89 1529 142 1596 lv.
162 1535 223 1596 Neo
241 1535 311 1595 toda
322 1538 412 1612 arqui
422 1539 522 1614 potest
536 1537 699 1614 injustitia,
715 1535 794 1613 quod
806 1535 966 1614 deturpatur
977 1535 1151 1614 appellatio.

52 1681 88 1692 -
104 1644 181 1710 Vide
196 1647 340 1710 rationes
357 1647 518 1728 expositas
539 1665 637 1729 supra
663 1653 679 1725 5
697 1651 728 1713 9.

7 1803 8 1806 =
87 1760 120 1826 V.
136 1767 196 1828 Nec
206 1783 247 1826 eor
259 1783 292 1826 co
305 1766 383 1844 qttod
394 1765 532 1827 adhiblta
548 1767 620 1828 olim
638 1768 732 1846 suerit
745 1772 874 1829 tortura.
892 1763 1059 1829 -Solent
1075 1765 1152 1829 scri-

49 1884 146 1960 ptores
165 1878 347 1958 acatholici,
364 1877 443 1942 dnm
457 1879 671 1963 inquisitionis
686 1879 921 1944 institutionem
941 1877 1142 1957 describunt,

48 1994 171 2060 incautis
192 1994 372 2060 lectoribus
400 1995 644 2077 persuasionem
679 1995 848 2076 ingerere,
876 1994 1044 2077 proprium
1070 1992 1149 2078 quid

48 2108 134 2176 luisse
149 2108 311 2195 ejusmodi
324 2110 541 2175 tribunalibus
555 2117 690 2175 torturae
703 2129 809 2174 usum.
832 2108 871 2174 Id
896 2127 995 2193 porro
1020 2109 1150 2176 menda·

5 2271 6 2274 ,
46 2224 119 2290 oium
134 2233 195 2292 est.
219 2225 377 2290 Omnibus
391 2224 562 2309 siquidem,
582 2233 652 2290 tum
669 2225 887 2302 saecularibus,
905 2234 976 2290 tum
996 2227 1149 2292 ecclesia·

46 2339 122 2404 sticis
135 2339 303 2426 jndicibus
323 2341 501 2405 communis
516 2339 717 2422 procedendi
736 2341 888 2418 laxarat,
912 2349 950 2405 ut
970 2340 1154 2405 criminales

46 2473 143 2520 causas
167 2455 387 2540 expediendo,
407 2457 504 2521 certis
522 2457 557 2520 in
571 2456 696 2522 casibus
710 2477 728 2520 a
740 2456 814 2541 jure
830 2455 1064 2532 determinatis,
1085 2463 1153 2521 tor·

5 2589 6 2596 ¹
45 2578 139 2636 turam
153 2571 365 2637 adhiberent.
384 2571 423 2637 Id
445 2581 525 2638 tunc
541 2573 574 2636 in
586 2573 728 2649 omnium
748 2572 943 2654 populorum
958 2569 1103 2635 moribus
1120 2580 1154 2636 et

42 2685 156 2780 legibqs
170 2687 335 2772 positum;
350 2707 412 2752 nec
425 2688 521 2753 aliter
536 2696 628 2754 recte
649 2687 869 2753 administrari
887 2703 979 2768 posse
993 2683 1150 2769 justitiam
1172 2779 1174 2782 Ι

4 2855 6 2858 ,
43 2804 288 2870 existimabatur.
312 2803 370 2868 Cui
389 2804 567 2868 universali
582 2802 785 2886 persuasioni
804 2819 873 2867 sese
891 2799 1148 2879 accommodare,

41 2917 179 2986 Ecclesiae
195 2920 294 2984 etiam
308 2917 454 3002 prudens
469 2927 503 2983 et
516 2920 642 2986 licitum
658 2919 761 2982 visum
781 2925 842 2982 est.
864 2914 959 2982 Unde
973 2917 999 2980 si
1012 2921 1148 2980 torturae

4 3085 5 3088 ,
41 3051 106 3100 usus
119 3035 262 3121 injustus
275 3035 385 3111 luerit,
412 3033 478 3099 nou
506 3033 645 3100 deberet
664 3033 823 3119 injustitia
848 3034 917 3098 hec
935 3033 1150 3117 inquisitionis

41 3148 199 3218 dumtaxat
219 3149 438 3217 tribunalibus
464 3149 667 3232 exprobrari,
687 3147 747 3213 sed
761 3148 888 3212 ceteris
902 3149 1000 3213 etiam
1018 3147 1149 3214 saecnla-
1266 3225 1269 3229 ,

39 3265 117 3332 libus
128 3275 162 3335 et
174 3267 402 3334 ecclesiasticis
417 3266 561 3331 omnium
572 3266 740 3348 regionum
754 3263 962 3348 dycasteriis3
980 3283 1041 3329 nec
1054 3264 1148 3347 probi

39 3382 194 3467 scriptoris
217 3390 267 3448 est
288 3383 456 3465 proprium
475 3382 571 3446 alicui
593 3380 787 3447 institutioni
811 3378 935 3463 fingere
961 3378 1143 3458 defectum,

39 3500 85 3580 qui
97 3500 278 3566 communis
293 3499 412 3563 extitit.

76 3617 155 3682 item
166 3617 296 3699 tingunt
306 3615 387 3680 dicti
401 3616 579 3698 scriptores
593 3615 734 3699 potuisse
749 3614 957 3699 inquisitores
966 3613 1142 3696 prolibitu‚

39 3740 68 3795 et
83 3715 171 3798 nulla
183 3739 376 3816 praestatuta
390 3750 512 3807 norma,
534 3739 694 3796 torturam
713 3730 870 3796 adbibere
888 3753 896 3796 ε
914 3729 1003 3815 quod
1019 3730 1145 3812 pariter

37 3846 142 3914 falsum
154 3857 216 3915 est.
240 3848 408 3914 Generalis
424 3844 582 3932 siquidem
592 3847 708 3930 regula,
720 3846 828 3930 quoad
844 3853 1020 3930 utrumque
1035 3845 1143 3910 forum
1185 3937 1187 3940 Ι

37 3974 108 4045 erat,
129 3975 167 4033 ut
185 3965 334 4032 adhiberi
348 3972 475 4031 tortura
496 3984 560 4031 non
576 3972 686 4047 posset
701 3963 744 4029 ad
762 3962 973 4030 obtinendam
995 3963 1044 4027 rei
1067 3981 1144 4028 con·

37 4079 213 4161 tassionem,
231 4082 293 4146 nisi
313 4080 379 4165 jam
399 4079 533 4146 obtenta
555 4087 668 4145 contra
687 4081 793 4164 ipsum
817 4079 1006 4162 semi-plena
1027 4077 1144 4160 proba·

36 4197 125 4276 tione,
144 4218 206 4283 per
218 4205 339 4264 testem
356 4196 461 4283 (verbi
475 4192 588 4280 gratia)
608 4197 696 4260 omni
711 4195 902 4278 exceptione
920 4191 1087 4277 majorem.

73 4315 271 4384 lamdudum
282 4313 444 4380 sublatum
460 4332 530 4380 esse
541 4332 581 4378 ex
594 4313 739 4396 generali
755 4309 989 4378 consuetudine
1005 4314 1142 4374 torturae

39 4450 132 4508 nsum,
153 4453 215 4498 non
236 4434 340 4498 minus
360 4431 467 4518 quoad
484 4431 589 4496 omnia
607 4430 822 4496 ecclesiastica
841 4425 1026 4496 tribunalia,
1047 4437 1146 4507 qnam
