2878 5114
235 379 299 444 540
580 397 767 446 anserinus
790 399 834 446 nn
855 399 1004 449 morans.

279 543 296 581 a
314 525 360 586 Acl
374 527 607 604 ialenoqatorio
622 525 764 605 specialia
780 543 868 606 super
882 529 1045 592 auliculoi
1061 531 1157 594 libelli
1172 554 1182 595 :

278 661 295 698 a
317 641 639 722 t⁰Interroqabussam
651 643 1326 732 scialaeliensiumesseomumi—Respoulil:

231 762 293 820 seio
304 759 466 820 articulum
477 776 540 819 esse
552 777 664 821 oerum.

278 893 294 930 a
312 876 346 938 3⁰
362 875 568 953 Interrogatus
585 893 595 935 .·
610 877 752 954 quomodo
766 879 865 939 scial?
879 911 923 922 ·-
942 879 1104 958 Respondit
1117 898 1127 940 :
1144 884 1260 960 ipseomt
1270 883 1330 960 plu-

232 993 292 1052 ries
316 991 382 1052 uidi
406 991 559 1052 (laurinum
586 991 734 1054 Audream
755 995 786 1055 N
789 1041 811 1071 .,
839 993 1062 1074 presbyterum,
1093 997 1207 1058 dietam
1230 998 1330 1058 dmuum

228 1105 401 1188 puellarum
407 1107 600 1185 perditarum
612 1109 840 1186 ingredientem.

275 1223 309 1284 3⁰
324 1224 531 1301 Interrogatus
550 1241 561 1283 .·
589 1223 695 1302 qulbus
711 1223 793 1284 boris
818 1225 953 1286 uiderit?
968 1227 1213 1307 -wRespoudils
1235 1230 1333 1290 dictam

230 1337 349 1400 domum
364 1341 483 1418 ingredi
500 1339 574 1400 solet
583 1344 664 1401 eirea
677 1341 867 1401 umdeaimam
881 1345 976 1403 maelis
995 1341 1110 1405 boram.

278 1476 295 1514 a
310 1455 565 1537 4⁰Ialerroqatus
584 1476 594 1517 .·
614 1475 758 1536 quosaam
780 1463 874 1519 uestes
900 1463 969 1520 luae
989 1466 1107 1539 gestare
1135 1461 1229 1522 soleat
1250 1463 1333 1524 dielm

229 1575 366 1637 Andreas
387 1577 416 1637 N
420 1576 448 1636 ..⁹
472 1606 509 1617 -—
526 1575 691 1654 Respondit
706 1593 715 1635 :
735 1577 998 1636 veslessoeeulares
1013 1577 1086 1638 talis
1101 1579 1228 1656 imme,-
1250 1579 1297 1640 sed
1306 1579 1335 1639 de

229 1691 325 1752 colore
345 1694 416 1770 quio
431 1696 496 1751 arai
505 1708 567 1752 moa·
582 1708 641 1767 mou
655 1709 777 1770 possum
788 1695 908 1753 ommium
919 1691 1088 1770 offirmare·
1103 1695 1156 1755 sed
1169 1695 1333 1756 videbantur

228 1804 314 1886 quasi
325 1810 430 1886 niqra,
448 1814 570 1888 emoeplo
577 1826 680 1888 paaao
695 1808 762 1869 olba
773 1825 829 1887 quo
841 1815 906 1869 erat
923 1809 999 1869 collo
1013 1811 1246 1871 circumductus.

279 1943 295 1982 a
314 1919 349 1986 5⁰
360 1925 568 2003 Interrogatus
581 1943 591 1985 .·
613 1925 757 2003 ammodo
768 1924 822 1985 sub
843 1925 900 1986 lali
916 1929 1044 1986 uestium
1062 1929 1238 2004 mutatione,
1253 1931 1279 1986 el
1291 1943 1334 1986 aa

231 2043 289 2102 alis
309 2046 447 2120 tempore,
461 2044 597 2120 potuerit
616 2041 784 2102 disseruere
801 2039 947 2102 homiaem
967 2041 1066 2102 dietas
1085 2043 1165 2103 ades
1184 2043 1333 2121 ingredim-

232 2161 301 2234 tem,
319 2174 381 2216 esse
395 2156 548 2218 domimum
561 2157 712 2218 Audenam
727 2157 758 2218 N
760 2158 788 2218 ,Ρ
806 2192 851 2203 -
865 2157 1045 2236 Respondit:
1061 2161 1152 2218 imilla
1161 2156 1332 2233 dubitabam,-

231 2274 283 2335 sed
297 2275 428 2352 quodam
437 2279 532 2351 maele,
553 2274 636 2334 volui
648 2277 758 2335 eeriior
777 2273 857 2352 fieri,
873 2279 902 2335 et
922 2279 1079 2354 eapeatam
1090 2276 1183 2336 damea
1200 2275 1332 2354 moedau

232 2401 304 2457 tur:
325 2397 523 2476 egredientem
545 2400 646 2458 autem
666 2401 813 2476 tantisper
835 2415 855 2458 a
883 2397 968 2477 loaqe
984 2403 1100 2458 semem
1116 2415 1183 2458 sum
1203 2415 1288 2476 usque
1301 2395 1333 2455 ad

232 2516 328 2594 ipsius
341 2514 471 2575 domum.
486 2515 527 2574 Et
548 2513 612 2574 alia
626 2519 709 2573 moola
722 2516 765 2573 sie
786 2517 893 2574 vestito
907 2517 1063 2575 maumam
1080 2531 1147 2575 eum
1164 2514 1299 2586 salutavi,
1310 2517 1332 2570 el

233 2633 296 2709 ipse
308 2632 495 2690 meumissim
508 2647 519 2688 .·
533 2646 654 2709 suaeque
663 2626 809 2692 dimissam
824 2649 897 2691 mam
912 2631 1011 2692 inorbo
1024 2633 1092 2711 quis
1100 2630 1331 2710 perioulomenel

230 2752 393 2828 correptus,
415 2747 567 2828 respoudit
583 2765 594 2807 :
615 2750 730 2827 uliam,
760 2748 801 2809 ud
816 2748 973 2810 uisendum
989 2763 1223 2828 abrumperem
1239 2750 1266 2806 et
1279 2761 1330 2805 mu·

232 2867 296 2924 tovi
311 2869 430 2941 uestem,
449 2881 486 2926 ue
501 2864 652 2925 clericalis
666 2864 786 2926 babilas
802 2865 979 2926 nebulonum
1000 2867 1124 2945 injuriis
1137 2867 1329 2944 eapmmtur.»

276 2979 343 3042 lieo
356 2995 435 3061 ergo
450 2977 555 3057 forma
568 2979 689 3060 poterit
697 2976 801 3063 judex
816 2979 906 3044 varie
919 2979 1053 3063 quaesite
1065 2979 1142 3044 testi
1152 2992 1328 3062 proponere,

231 3100 330 3177 prout
342 3090 384 3157 ed
396 3090 613 3177 detegendam
625 3093 796 3178 ueritatem
812 3099 1033 3177 opportunum
1042 3092 1213 3179 judicabit.

276 3207 407 3280 Debent
431 3211 540 3274 autem
567 3208 838 3293 interrogationes
864 3217 897 3274 et
920 3227 1075 3293 responsa
1100 3208 1133 3272 in
1149 3208 1228 3273 aetia
1246 3202 1328 3272 scribi

232 3325 408 3390 vernacula
424 3325 518 3390 testis
530 3325 651 3410 lingue.

276 3443 317 3506 Et
335 3461 375 3507 ne
392 3440 495 3526 judex
514 3440 636 3528 aliquid
664 3443 771 3526 magni
796 3441 954 3508 momenti
972 3461 1012 3506 ex
1028 3440 1192 3506 oblivione
1211 3447 1329 3527 prater-

231 3559 348 3635 mittat
367 3560 488 3641 poterit
508 3556 795 3642 proponendarnm
808 3557 1099 3640 interrogationum
1118 3557 1236 3622 seriem
1254 3555 1330 3639 prius

229 3675 263 3741 in
284 3683 374 3741 earta
389 3675 450 3741 sibi
464 3675 663 3753 describere,
677 3672 1013 3760 quaminterrogando
1028 3675 1089 3740 snb
1098 3675 1201 3739 oeulis
1215 3673 1327 3739 habaet.

245 3806 259 3838 ··
274 3789 331 3853 tv.
350 3787 519 3856 Clauditur
530 3805 666 3854 examen
677 3787 929 3874 uniuscujusque
943 3787 1036 3853 testis
1048 3788 1081 3850 in
1095 3786 1183 3852 hune
1192 3785 1327 3878 modum:

277 3930 293 3968 a
312 3909 425 3988 Quibus
443 3907 569 3985 bobilis;
583 3914 612 3969 el
638 3912 666 3969 si
683 3913 712 3968 et
731 3911 765 3970 im
789 3911 934 3987 aemulum
950 3907 987 3968 de
1002 3909 1074 3987 jure
1102 3910 1272 3987 aewiatis,
1297 3903 1330 3964 ad

229 4027 405 4088 mutatam
415 4027 570 4088 reuereudi
592 4027 622 4088 N
625 4072 646 4102 .,
659 4025 786 4105 judicis,
798 4024 920 4103 ‘perlegi
938 4025 1008 4084 litii
1021 4040 1106 4083 suam
1118 4024 1329 4103 depositionum·

229 4146 280 4204 eui
289 4158 356 4202 eum
369 4143 552 4219 aeneidem,
570 4159 622 4202 mea
638 4142 753 4202 domm
765 4141 927 4220 qumquam
942 4141 1082 4214 uoluerit,
1092 4142 1198 4220 jussus
1211 4145 1254 4200 est
1273 4135 1329 4196 sub-

229 4257 356 4318 scribere
376 4253 414 4340 (si
429 4255 599 4339 scripturae
625 4252 713 4318 toret
732 4253 877 4336 ignarus,
901 4257 1052 4336 ponetur,
1066 4257 1172 4335 jassus
1194 4259 1239 4315 est
1252 4266 1329 4313 omero

125 4407 127 4412 ·
226 4371 608 4454 propriasiaaumdmmis
622 4367 792 4454 apponere).
810 4374 886 4434 Aeta
901 4377 971 4434 sumt
986 4370 1047 4432 bae
1058 4371 1165 4447 die...,
1176 4371 1323 4435 messit..·‚

230 4507 348 4551 auae...
366 4523 409 4536 -
425 4492 480 4568 Ν.,
498 4493 593 4552 testis.
608 4525 653 4536 -
670 4492 725 4567 m,
739 4489 849 4571 judea.
862 4491 970 4570 -N.,
985 4491 1152 4561 actuarius.
1169 4507 1186 4548 u
