2836 5118
487 367 566 415 rans
588 365 746 414 suenoni.
1107 349 1166 416 till

124 493 181 556 nt·
193 487 430 573 lppellnucnes
456 506 620 576 nunquam
644 490 856 576 recipiantur,
881 492 943 557 nisi
960 509 1024 576 per
1045 491 1175 577 publica

86 601 303 683 -documenta,
315 623 387 691 que
405 606 540 672 realiter
553 606 779 686 exhibeantur,
798 609 889 692 prius
909 609 1101 687 constiterit,
1120 627 1177 693 ap-

87 749 97 772 ·
108 722 302 806 pollutionem
323 739 342 786 a
366 724 524 788 sententia
547 722 725 804 definitiva,
742 723 797 789 vel
811 724 952 790 habente
971 725 1038 791 vim
1063 721 1179 789 delini-

87 838 184 916 «tire,
210 845 266 904 aut
292 859 311 902 a
338 839 524 922 gravamine
550 839 638 925 quod
668 859 728 924 per
758 839 957 907 definitivam
985 842 1179 907 sententium

87 956 243 1036 «reparari
259 974 325 1020 non
343 955 453 1038 possit,
471 956 505 1020 in
518 956 646 1021 casibus
657 977 675 1021 a
688 954 763 1040 jure
782 977 847 1022 non
861 957 1041 1040 prohibitis,
1060 977 1121 1041 per
1132 958 1180 1023 le-

88 1069 243 1152 «gitimam
258 1089 439 1155 personam,
458 1077 492 1136 et
509 1073 596 1137 intra
611 1070 723 1137 debita
737 1080 884 1156 tempora
899 1073 998 1140 luisse
1014 1075 1182 1159 interposi·

87 1193 168 1251 «tam
187 1207 223 1252 ac
238 1195 484 1272 prosequutam.

123 1303 184 1366 «4⁰
196 1304 275 1380 Nec,
293 1301 371 1368 dum
387 1321 483 1368 causa
501 1321 609 1368 coram
628 1302 838 1370 inferioribus
857 1303 1025 1390 judicibus
1040 1305 1181 1390 pendet,

85 1431 178 1488 «ante
196 1419 398 1487 definitivam
420 1421 624 1498 sententiam,
644 1421 696 1485 vel
716 1421 780 1485 vim
804 1421 978 1488 definitive
996 1423 1182 1504 habentem,

84 1569 94 1591 α
109 1537 146 1604 de
158 1539 343 1623 gravamine
354 1537 444 1603 illato
459 1538 643 1621 superiores
657 1555 852 1622 cognoscere
863 1537 1003 1616 valeant,
1012 1537 1091 1603 licet
1106 1539 1187 1604 citro

86 1653 327 1739 «prejudicium
357 1671 472 1718 cursus
497 1671 665 1718 causarum
690 1671 725 1718 se
749 1652 784 1718 id
807 1652 915 1719 facere
939 1659 1184 1738 contestentur3

84 1789 162 1834 «nec
184 1769 227 1836 ad
253 1769 339 1835 hunc
360 1769 512 1834 effectmn
536 1769 633 1834 liceat
657 1768 704 1834 eis
725 1767 892 1847 inhibere,
922 1778 978 1835 out
1000 1768 1187 1853 simpliciter

85 1884 264 1951 amandare
282 1893 320 1950 ut
337 1885 414 1968 ipsis
438 1885 530 1970 copia
550 1903 723 1967 processus
738 1886 990 1963 transmittatur,
1016 1886 1114 1951 etiam
1133 1904 1189 1951 ex-

85 2003 206 2082 ·pensis
224 2001 432 2084 appellantis.

122 2147 132 2170 a
151 2121 184 2182 5ο
200 2117 415 2183 Inhibitiones
431 2125 506 2201 post
521 2117 780 2201 appellationem,
802 2119 885 2183 sicut
899 2118 1119 2202 premittitur,
1137 2136 1190 2184 re·

85 2262 95 2285 a
114 2243 249 2318 ceptam,
268 2253 333 2300 non
351 2233 583 2313 concedantur,
601 2236 661 2300 nisi
674 2235 968 2319 cuminscriptione
979 2234 1102 2301 tenoris
1117 2253 1190 2301 sen·
1271 2291 1278 2296 .

83 2352 211 2416 «tentiae
233 2357 293 2416 aut
318 2348 445 2416 decreti
469 2349 640 2429 definitivi‚
663 2358 719 2416 aut
743 2353 810 2416 vim
831 2349 1005 2416 definitive
1026 2349 1186 2430 habentis,

83 2467 156 2531 «vel
171 2465 328 2532 damnum
353 2485 416 2551 per
435 2465 634 2532 definitivam
652 2467 864 2550 irreparabile
881 2467 1073 2533 continentis
1091 2486 1098 2530 :
1113 2467 1189 2532 alias

83 2580 321 2662 «inhibitiones,
344 2588 379 2648 et
391 2601 573 2666 processus,
591 2581 714 2648 atinde
729 2589 866 2667 sequuta
884 2599 1108 2667 quecumque,
1126 2581 1190 2647 sint

8 2707 9 2710 ’
82 2697 171 2779 «ipso
185 2698 265 2784 jure
281 2697 383 2775 nulla,
402 2698 513 2783 eisque
532 2699 664 2782 impune
679 2716 745 2762 non
762 2715 878 2781 parere
892 2697 999 2765 liceat.

8 2847 9 2854 κ
120 2844 131 2868 «
148 2817 184 2879 6⁰
196 2815 229 2881 si
248 2814 417 2899 appellans
432 2822 564 2893 asserat,
580 2815 747 2879 sententie
764 2821 822 2880 ant
841 2814 1066 2899 appellationis
1080 2833 1189 2880 exem-

82 2930 200 3012 aplum,
213 2930 311 3015 culpa
320 2927 467 3013 judicisa
482 2948 558 3014 quo,
574 2931 627 2997 vel
639 2930 784 3008 actuarii,
801 2929 916 2996 haberi
929 2951 993 2996 non
1004 2949 1107 3015 posse,
1123 2950 1188 2995 non

8 3045 9 3048 ’
82 3043 179 3111 «iden
198 3043 390 3129 recipienda
414 3043 476 3110 erit
495 3045 680 3129 appellatio,
704 3052 761 3109 ant
778 3045 884 3130 aliqua
905 3043 1052 3112 inhibitio
1073 3064 1189 3111 conce-

81 3158 228 3246 «denda;
249 3158 309 3225 sed
327 3160 373 3225 eis
387 3165 514 3225 tanturn
529 3159 571 3225 ad
590 3178 671 3245 quos
685 3161 828 3243 pertinet
841 3159 965 3244 injungi
982 3161 1114 3245 poterit,
1136 3169 1184 3240 ut,

80 3277 207 3342 «soluta
228 3273 391 3358 condigna
406 3275 569 3353 mercede,
595 3282 742 3341 actorum
761 3277 947 3360 exemplum
963 3276 1188 3342 authenticum

81 3392 282 3475 «appellanti
307 3391 393 3457 intra
419 3391 555 3457 brevem
577 3392 717 3476 aliquem
744 3399 984 3474 competentem
1011 3392 1188 3458 terminum

80 3507 268 3573 «tradatur.
287 3507 408 3572 Gaveat
424 3513 535 3571 tamen
547 3505 650 3591 juder
664 3527 682 3572 a
694 3525 770 3592 qno,
787 3524 840 3585 ne,
853 3508 880 3572 si
894 3527 972 3573 vere
990 3507 1188 3590 appellatum

77 3650 88 3675 a
103 3623 253 3690 fueritin
269 3641 345 3688 casu
360 3622 553 3706 appellabili,
572 3624 703 3689 interim
717 3621 839 3707 aliquid
853 3623 885 3686 in
898 3621 1120 3707 prejudicium
1133 3642 1189 3707 ap-

77 3740 255 3821 «pellentis
268 3745 425 3822 attentet;
438 3748 483 3817 et,
497 3739 522 3804 si
535 3745 717 3823 peractum
733 3737 900 3822 publicum
914 3746 971 3804 aut
985 3756 1044 3822 per
1055 3739 1189 3805 testium

77 3881 88 3906 «
101 3852 342 3941 depositionem
355 3853 548 3934 constiterit,
562 3862 634 3920 acta
646 3853 802 3940 denegari
813 3855 1001 3939 appellanti,
1011 3862 1090 3921 tunc
1102 3875 1189 3922 man-

79 3970 178 4039 aedato
198 3969 357 4038 tradendi
379 3980 452 4037 acta
471 3970 572 4055 possit
589 3969 692 4056 judex
721 3971 947 4056 appellationis
969 3969 1122 4057 adjicere,
1148 3993 1189 4040 ne

78 4090 238 4156 «interim
256 4087 378 4174 aliquid
395 4087 472 4154 novi
486 4093 598 4155 contra
610 4087 826 4173 appellantem
838 4095 1030 4156 attentetur.

119 4236 131 4261 α
157 4213 192 4273 7⁰
208 4205 260 4272 Ab
285 4204 713 4275 executionedecretorum
738 4207 819 4271 sacri
849 4207 976 4272 concilii
998 4204 1188 4290 tridentini,

80 4349 91 4374 ι
106 4329 162 4388 aut
176 4323 371 4390 visitationis
383 4320 574 4406 apostolice,
587 4321 819 4406 appellationes
829 4340 847 4387 a
858 4321 1112 4408 Metropolitanis
1126 4339 1191 4388 non

81 4467 92 4491 ι
111 4440 334 4522 recipiantur,
351 4456 423 4516 nec,
439 4439 467 4502 si
481 4437 641 4521 lipiseupi,
661 4439 782 4504 virtute
798 4436 945 4520 ejusdem
968 4441 1049 4503 sacri
1067 4439 1193 4507 concilii
