2948 5126
497 343 578 408 nnat
599 354 758 408 sncmmn.
843 345 855 358 ¹·
1078 389 1082 396 -
1166 339 1207 409 it

106 481 371 550 denuntiationem
382 483 492 550 iacere
507 483 621 561 vellet,
640 482 844 550 denuntiatio
855 483 1067 568 probabiliter
1083 503 1210 552 nonuu-

106 599 176 666 ieret
196 607 232 666 et
251 621 269 668 a
287 598 398 686 judice
415 599 593 685 rejicienda
613 609 701 666 esset
720 621 727 666 :
745 619 822 666 nam
847 624 864 664 u
881 608 993 666 utrum
1016 599 1210 667 denuntians

109 717 221 782 «testis
235 735 307 782 esse
325 717 426 800 possit
444 717 478 780 in
495 736 590 782 causa
609 716 809 795 denuntiata,
829 715 989 783 dissident
1003 718 1090 782 inter
1105 735 1140 782 se
1156 717 1211 785 do·

110 842 250 911 setores,
275 861 289 889 a
325 834 369 898 ait
395 827 688 916 Schmalzgrueber
715 833 759 920 (in
788 835 839 898 tit.
864 837 893 912 1,
921 833 1041 899 libris
1067 826 1206 912 decret),

105 969 131 1014 n.
151 947 237 1033 117);
257 947 358 1026 unde,
373 948 399 1012 si
408 968 492 1014 unus
505 968 524 1013 e
536 947 664 1014 duobus
679 949 754 1014 solis
764 949 903 1014 testibus
915 948 1073 1016 evaderet
1088 947 1211 1016 denun-

102 1066 199 1144 tiator,
216 1063 285 1150 jum
301 1063 513 1147 probabiliter
531 1081 616 1129 unus
633 1065 720 1130 solus
735 1063 883 1142 idoneus,
899 1081 937 1130 ao
957 1064 1094 1150 proinde
1108 1055 1211 1130 induf-

99 1181 211 1260 boiens,
233 1181 540 1249 remanerettestis.
1056 1267 1059 1272 ⁴

103 1315 105 1324 ’
141 1293 334 1380 receptiones
353 1301 395 1361 od
411 1305 600 1381 prcmirscm
625 1300 771 1380 nepotum.
790 1332 836 1346 --
853 1302 885 1362 1⁰
902 1300 1011 1364 Datur
1030 1305 1140 1366 tamen
1168 1297 1211 1364 ad

102 1415 173 1480 banc
185 1415 318 1480 tertiam
333 1399 478 1497 regulam
490 1413 639 1480 notabilis
650 1413 717 1480 hoec
730 1415 882 1498 exceptio
898 1436 904 1480 :
920 1413 1075 1482 delictum
1091 1429 1210 1498 nempe

100 1533 270 1610 occultum,
292 1532 440 1616 quamvis
461 1530 593 1614 probari
615 1537 769 1615 nequeat,
787 1532 814 1596 si
832 1533 1056 1598 communitati
1078 1530 1130 1599 vei
1146 1532 1212 1616 pri·

105 1654 171 1713 rato
183 1667 285 1732 gnare
307 1641 461 1739 damnum
483 1646 652 1714 illaturum
667 1649 719 1724 sit,
737 1665 831 1731 posse
852 1647 1037 1712 denuntiari
1052 1650 1212 1714 sustinent

105 1761 249 1830 doctores
266 1763 373 1830 multi.
395 1764 493 1828 Casus
508 1772 559 1828 cst
577 1763 783 1848 hujusmodi:
800 1783 860 1848 ego
879 1765 963 1845 scio,
979 1765 1072 1831 uerbi
1090 1765 1209 1848 gratia,

104 1880 209 1946 titiam
221 1899 295 1946 sese
308 1896 425 1963 parere
435 1878 477 1944 ud
489 1877 744 1946 comburendum
760 1882 936 1958 civitatem,
954 1880 1212 1948 occidendnmve

104 1997 289 2080 proximum,
309 2005 366 2062 aut
389 1998 449 2062 aiio
465 1998 609 2064 facinora
624 2005 755 2062 secreto
768 2005 981 2081 perpetrare,
1005 1997 1123 2082 quibus
1137 2005 1213 2082 per'·

102 2112 299 2198 gitqnotidie
315 2131 414 2197 grave
438 2108 591 2178 damnum
615 2103 839 2180 communitati
858 2123 915 2180 aut
941 2115 1041 2180 certia
1066 2112 1212 2198 peracute

100 2229 226 2295 inferre.
244 2231 316 2294 Non
325 2237 435 2294 tamen
447 2247 576 2312 possum
588 2227 690 2314 judici
705 2226 900 2296 sufficientes
914 2236 1015 2296 testes
1030 2219 1208 2310 nominare,

105 2364 156 2410 nec
169 2346 228 2411 aba
242 2344 350 2411 media
371 2344 413 2410 ad
437 2345 594 2412 delictum
609 2345 816 2430 probandum
838 2346 955 2413 idonea
978 2345 1208 2432 suppeditare:

100 2462 208 2526 'atvero
229 2463 267 2539 si,
285 2459 374 2546 quod
389 2463 455 2526 scio
473 2460 578 2547 judici
598 2461 751 2544 aperiam,
773 2463 955 2546 invigilabit
973 2464 1029 2529 iile
1045 2458 1212 2529 damnam-

99 2593 160 2658 ·qua
173 2579 314 2656 cremet,
332 2579 397 2642 imo
412 2585 447 2643 et
466 2577 553 2643 forte
575 2573 763 2643 sufficientia
789 2577 983 2646 documenta
1005 2581 1161 2662 reperiet,
1176 2581 1211 2646 vi

99 2709 234 2776 »quorum
252 2693 285 2759 in
305 2694 424 2759 Titium
438 2693 618 2777 procedere
634 2695 745 2778 possit.
765 2696 803 2759 ln
817 2695 879 2761 hoc
900 2714 978 2778 ergo
1005 2712 1080 2762 casa
1103 2713 1208 2779 posse,

105 2808 162 2873 imo
184 2815 217 2876 et
237 2810 366 2876 'debere
384 2811 549 2876 occultum
568 2810 726 2877 delictum
749 2810 946 2891 denuntiari,
968 2813 1127 2878 sustinent
1153 2811 1212 2878 do·

107 2934 205 2993 utores
229 2923 419 3012 gravissimi,
437 2947 518 3014 quos
542 2926 617 2993 vide
638 2928 799 2995 indicatos
825 2927 913 3013 apud
936 2928 1146 2996 Reiffenstuel
1167 2929 1186 3017 (¹

104 3043 150 3110 tit.
170 3044 199 3123 i,
216 3045 293 3110 iibri
308 3041 481 3127 indueret,
500 3065 533 3110 n.
551 3043 605 3124 93,
633 3048 694 3112 108
710 3053 744 3110 et
769 3043 857 3130 109).
875 3047 965 3112 Tunc
986 3062 1066 3112 nero
1091 3065 1156 3112 non
1178 3046 1213 3110 in

105 3157 174 3226 cunr
185 3161 283 3226 finem
302 3159 505 3226 denuntiatio
524 3161 601 3238 iet,
618 3169 656 3227 ut
676 3161 779 3246 juder
798 3161 831 3226 in
847 3177 941 3226 reum
959 3161 1117 3247 inquirat,
1136 3173 1211 3227 oum

105 3273 240 3362 nequam
255 3279 417 3364 inquisitio
430 3270 590 3357 inchoari,
608 3272 668 3343 nisi
681 3277 784 3364 jodici
798 3277 992 3345 sancientes
1005 3278 1212 3362 probationes

108 3393 312 3478 suppeditata
329 3393 469 3478 fuerint;
488 3393 547 3460 sed
564 3401 691 3460 tautum
706 3403 744 3460 ut
763 3395 928 3479 invigilem
944 3401 980 3460 et
998 3395 1043 3459 sic
1057 3386 1211 3460 damnum

103 3503 268 3571 imminens
280 3507 476 3591 procurent.
507 3503 510 3512 '
579 3507 582 3514 ’

146 3622 178 3684 2⁰
192 3622 571 3707 Excipicndum'pariter
590 3621 748 3688 delictum
769 3622 938 3700 hereseos,
964 3619 1057 3706 cujus
1082 3619 1211 3687 denunt*-

108 3735 201 3802 tiandi
211 3737 364 3823 ⁴obligetio
378 3739 522 3804 existere
542 3743 661 3822 potest,
682 3739 808 3804 etianmi
822 3736 953 3821 probari
965 3742 1118 3822 nequeat.
1131 3738 1212 3803 Gon-

108 3859 165 3917 stat
178 3871 218 3917 ex
229 3853 338 3937 qanta
352 3855 609 3940 propositionum
620 3854 662 3920 ab
682 3852 865 3920 Menandro
889 3855 948 3919 vii
971 3851 1208 3934 damnaturum,

108 3971 223 4036 tenoris
238 3970 419 4057 huujnsmodi
436 3995 444 4038 a
460 3977 605 4053 Quomodo
618 3974 770 4036 euidenter
789 3974 851 4035 ‘tibi
869 3978 983 4035 constet
1005 3975 1130 4036 Peterem
1152 3981 1213 4036 msc
1250 4023 1251 4028 1
1331 4065 1335 4072 ¹

108 4081 280 4167 mutini,
296 4109 356 4152 non
372 4093 484 4153 mrem
495 4091 686 4168 muntiare,
699 4093 727 4150 si
743 4090 871 4170 probare
882 4098 943 4151 mn
954 4092 1065 4168 poesia.
