2848 5118
240 335 301 403 188
583 347 771 399 moremus
793 348 838 398 nu
860 346 1008 400 runicus.

236 537 241 544 .
284 472 518 560 «sunnonem,
532 491 599 558 ‚non
616 478 727 558 potest
740 479 911 544 oocuotoo
925 491 1117 544 reeecusore
1132 483 1335 544 amumtoreu

239 617 251 645 ι
271 606 377 665 suum.
395 588 535 675 (Conone
549 592 695 670 Neponcto
714 592 746 672 2,
770 597 806 657 et
827 589 1052 676 sequentibus,
1068 609 1173 656 cumn
1188 593 1221 668 3,
1242 610 1273 677 q.
1289 595 1332 674 113

240 734 321 792 κ--Ι
335 704 411 790 lege
438 706 584 786 Nepondo
616 708 667 782 19,
689 724 716 770 o.
743 708 782 770 cte
800 709 857 770 His
870 712 923 787 pur·
942 726 1096 786 mensore,
1114 741 1160 756 -·-
1178 712 1213 772 et
1226 706 1295 790 lege
1308 711 1336 774 ut

239 822 466 902 «querens,
486 818 519 884 u.
540 824 578 884 cte
596 823 714 888 Pollio.
734 819 849 906 judio.)
866 820 930 888 Ubi
947 819 991 908 (1)
1009 822 1179 906 eleganter
1198 822 1338 906 Ulpianus

240 937 324 1002 anit:
347 939 617 1008 Constitutionibns
637 940 801 1017 observari,
824 945 858 1002 nt
880 958 941 1002 non
960 941 1105 1002 relatione
1126 943 1273 1017 oriminis,
1294 941 1335 1002 sed

240 1080 254 1107 ι
270 1056 438 1117 innocente
451 1055 528 1116 Reos
537 1059 698 1134 purpetor.
717 1052 836 1136 Excipe
857 1058 888 1116 1⁰
902 1051 1033 1140 quondo
1051 1060 1222 1118 accusatus
1235 1071 1332 1137 prose·

241 1168 386 1256 «quitur
404 1187 494 1234 suom
517 1169 570 1235 vel
591 1188 724 1236 suorum
743 1169 911 1254 iujuriam
930 1177 1010 1238 tuno
1033 1172 1118 1236 enim
1139 1170 1341 1241 renccusutio·

241 1313 254 1340 a
273 1303 349 1351 nem
361 1283 451 1368 leges
463 1281 649 1350 concedunt
661 1286 774 1362 cuivis,
790 1291 825 1351 et
840 1293 1079 1372 consequenter
1089 1287 1186 1352 etiem
1198 1284 1342 1352 aduersus

241 1407 496 1468 «accusatorem
519 1420 626 1468 suum.
657 1402 754 1488 (Lege
773 1406 920 1484 Nepondo
943 1407 995 1483 19,
1014 1421 1044 1468 c.
1066 1406 1104 1466 (le
1122 1406 1181 1466 His
1202 1409 1254 1484 put
1270 1422 1342 1466 oceo

242 1546 256 1572 a
273 1515 367 1602 sore.)
385 1521 420 1584 2⁰
440 1519 511 1585 Non
525 1517 713 1586 excluditur
730 1520 947 1586 recriminutio
961 1538 1033 1604 que
1049 1535 1143 1584 reum
1158 1519 1293 1595 relevet,
1313 1527 1342 1584 et

242 1665 255 1692 ι
272 1635 395 1700 crimen
419 1653 485 1720 quo
500 1636 663 1718 premitur
682 1636 783 1700 exuit.
805 1636 904 1722 (Lege
923 1641 983 1716 (lui
997 1655 1063 1700 com
1082 1636 1133 1712 14,
1153 1634 1187 1700 ff.
1213 1638 1250 1700 de
1263 1639 1344 1700 Bonis

242 1747 387 1834 altbert.)
409 1753 444 1816 3ο
460 1751 575 1816 Potest
597 1770 750 1816 ucousurc
776 1749 818 1818 de
839 1749 955 1836 mojori
978 1751 1131 1833 crimine;
1160 1751 1236 1834 quip
1254 1748 1345 1833 majus

240 1896 255 1926 s«
277 1865 377 1932 truhit
390 1864 435 1930 od
455 1885 489 1932 se
506 1867 628 1950 miuus3
655 1874 689 1932 et
711 1867 849 1934 interest
864 1865 1050 1948 reipublice
1071 1864 1177 1950 majus
1198 1863 1344 1932 delictum

241 2011 256 2037 ι
279 1982 377 2048 citius
390 1982 509 2064 puniri.
527 1983 563 2048 4⁰
580 1985 628 2048 De
640 2001 846 2068 quocumque
862 1983 995 2049 crimine
1014 1987 1123 2065 potest
1137 2000 1216 2050 reus
1227 1997 1346 2048 reuoou·

244 2127 258 2153 κ
274 2115 358 2176 sore,
380 2098 554 2182 sicrimino
566 2099 631 2166 siut
649 2119 807 2170 connexu.
822 2101 872 2168 Itu
887 2099 997 2184 praxis
1007 2099 1152 2166 omnium
1168 2098 1240 2168 iere
1254 2097 1347 2164 trihu·
1406 2103 1408 2190 l

246 2240 263 2268 «-
276 2213 411 2291 nulium.
434 2216 468 2278 5⁰
481 2215 629 2300 Denique
644 2215 687 2280 de
704 2217 818 2302 quovis
840 2216 979 2285 crimine
1000 2193 1205 2282 reoccusotio
1220 2214 1288 2284 teri
1299 2232 1348 2298 po
1408 2209 1409 2302 l

244 2335 339 2394 «test
354 2347 466 2397 norom
478 2327 601 2414 judice.
625 2331 682 2416 qui
696 2331 738 2400 sit
760 2337 951 2416 competens
967 2337 1123 2414 respectu
1140 2331 1316 2414 utriusque.
1334 2359 1343 2380 ν
1409 2315 1410 2402 l

243 2443 559 2530 (Schmolzgrueber,
579 2446 612 2510 in
623 2448 675 2515 tit.
691 2447 723 2524 4,
742 2447 800 2512 lib.
819 2445 992 2524 tdeeret,
1014 2465 1047 2510 n.
1072 2443 1138 2528 lt.)
1410 2421 1411 2502 l

283 2561 434 2642 Qomno
452 2563 496 2626 δ’.
513 2597 559 2612 --
576 2567 722 2642 mmmm
741 2569 783 2627 sit
801 2566 922 2644 effeetus
939 2565 1196 2626 reconventione?
1211 2597 1256 2610 ·-
1274 2592 1286 2614 «
1302 2561 1348 2626 ltf-
1411 2529 1412 2612 l

244 2673 379 2740 «fectus
403 2695 445 2740 ex
467 2693 506 2740 ea
531 2676 637 2742 oritur
663 2674 798 2759 duplex.
827 2680 951 2741 Primum
976 2683 1026 2741 est
1050 2677 1240 2761 prorogatio
1264 2675 1348 2760 juris-

244 2788 440 2873 «dictionis3
465 2791 541 2877 quio
568 2809 628 2873 per
650 2791 937 2858 reconventionem
961 2798 1054 2858 octor
1074 2798 1293 2858 reconventus
1313 2790 1348 2852 itu

246 2903 561 2990 «subjiciturjudici
581 2925 690 2972 ocrem
704 2926 769 2993 quo
785 2925 916 2972 cousom
937 2907 1018 2992 ugit,
1039 2914 1077 2972 ut
1090 2907 1124 2973 in
1138 2926 1236 2974 ouuso
1248 2923 1349 2972 recou-

244 3019 433 3088 aventionis
448 3020 589 3089 eundem
612 3022 709 3110 (licet
730 3023 807 3090 ulios
820 3022 883 3088 sibi
898 3020 1192 3106 incompetentem)
1210 3037 1348 3088 recusare

247 3153 340 3200 «non
363 3136 505 3218 possit...
527 3139 680 3202 Secundus
703 3135 837 3224 effeetus
862 3144 913 3202 est
938 3155 1107 3222 processus
1131 3136 1347 3214 simurltuneus3

247 3281 262 3306 a
275 3253 349 3338 quia
362 3270 458 3319 cuuse
477 3254 738 3320 reconventionis
750 3254 845 3318 simul
858 3273 933 3320 eum
945 3273 1041 3318 ceusu
1063 3252 1349 3318 conventionistro·

186 3373 188 3378 ’
247 3396 260 3424 ι
275 3366 394 3438 otendu
405 3376 466 3434 est.
479 3367 595 3436 Modus
604 3377 713 3436 nutem
722 3370 774 3439 hic
783 3367 1007 3436 observandus
1019 3391 1027 3434 ι
1041 3373 1157 3435 l⁰cum
1167 3376 1258 3435 ector
1267 3363 1349 3432 libol-

248 3514 260 3537 ·
278 3483 345 3552 lum
365 3485 591 3553 conventionis
604 3492 639 3552 et
654 3505 730 3552 reus
743 3486 890 3554 libellum
908 3486 1171 3552 reconventiouis
1185 3481 1346 3552 obtulerit.

249 3629 264 3657 ι
277 3599 367 3682 prius
379 3598 580 3683 respondere
597 3598 700 3666 debet
713 3618 789 3666 reus
804 3599 915 3669 libello
931 3601 1060 3676 octonis,
1083 3606 1118 3666 et
1129 3597 1208 3664 dein
1220 3595 1349 3664 uotorli·

245 3746 262 3778 .«
278 3716 366 3782 hello
377 3716 448 3782 uei.
460 3719 493 3782 2⁰
501 3717 654 3804 Sequitur
666 3719 859 3784 contestatio
869 3717 946 3794 litis,
959 3724 992 3781 et
1003 3723 1074 3800 post
1083 3714 1165 3780 huno
1174 3721 1266 3780 octus
1272 3709 1350 3798 judi·

249 3862 262 3887 «
278 3833 390 3916 ciules;
404 3833 515 3919 quide
527 3841 666 3920 utroque
681 3852 776 3900 consu
794 3834 941 3912 vicissim,
954 3841 989 3900 et
999 3834 1025 3898 si
1035 3830 1104 3898 ieri
1120 3836 1230 3916 potest
1245 3827 1349 3896 eudem

250 3979 263 4002 «ι
278 3947 330 4014 die
341 3946 491 4032 expediri
499 3947 624 4016 debent
634 3950 753 4035 (cupite
763 3952 984 4030 Intelleximus,
996 3956 1031 4013 et
1039 3948 1145 4034 cupite
1154 3944 1311 4030 sequenti,
1320 3943 1352 4005 de

250 4097 263 4120 α
278 4068 391 4132 Ordine
405 4070 623 4146 conopionem·
636 4064 749 4150 junctu
764 4063 963 4132 Clementino
978 4067 1009 4142 2,
1024 4081 1122 4128 versu
1137 4066 1199 4129 Nos
1213 4079 1306 4137 nsum,
1319 4057 1351 4120 nlo

246 4212 263 4244 .«
279 4185 439 4246 Verborum
448 4178 692 4265 sipntfioottone).
704 4167 740 4247 3ο
750 4181 782 4246 Si
791 4180 833 4248 de
844 4188 982 4266 utroque
992 4179 1086 4248 simul
1098 4177 1233 4264 liquent,
1246 4181 1352 4242 utrum.

283 4440 317 4501 (1)
333 4441 418 4503 Nempe
432 4440 455 4490 iu
469 4447 587 4514 postremo
600 4441 670 4490 citato
686 4441 737 4502 leno
752 4439 780 4488 Si
792 4440 849 4505 potr
861 4450 928 4490 reor.
