2838 5114
531 329 610 376 raas
633 328 791 378 socnam.
1147 318 1213 382 tto

91 461 294 536 ainersata'am
313 456 416 518 actori.
440 455 465 518 I
486 454 581 520 Sacra
605 461 714 520 numm
740 453 996 539 congregatione
1024 477 1215 542 responsum

93 578 312 653 estnequam,
334 579 362 634 et
383 575 425 636 ad
447 579 584 636 ananiam.
611 572 657 636 Ex
682 589 745 655 quo
771 574 979 656 responsione
1003 580 1106 660 patet,
1129 575 1214 642 velle

90 686 222 752 Sacram
245 687 533 770 Congregationem
557 695 594 751 nt
612 686 823 753 Benedictina
845 690 1034 756 constitutio
1059 698 1214 776 tanquam

92 803 295 886 obligatoria,
313 804 409 869 etiam
430 805 462 868 in
490 822 566 869 casu
588 803 722 869 uotoriae
744 804 912 882 nullitatis,
926 804 1089 872 habeatur
1108 815 1143 872 et
1157 806 1216 874 ob·

91 927 255 984 servetur.
271 919 358 984 Solet
374 927 484 984 tamen
498 916 667 984 interdum
684 917 873 1002 dispensare
888 919 929 985 ab
950 920 1163 988 observandis
1176 923 1215 990 iis

92 1033 189 1098 diotre
204 1034 300 1098 bullae
324 1033 596 1117 dispositionibus,
614 1052 685 1118 quoe
701 1033 811 1100 habita
827 1036 1147 1104 circumstantiarum
1160 1057 1214 1104 ra·

91 1151 194 1227 tIone,
210 1147 395 1216 difficilioris
407 1151 607 1215 executionis
620 1149 746 1233 forent3
765 1159 863 1234 prout
878 1153 976 1218 etiam
992 1152 1116 1218 iactum
1132 1172 1213 1238 erga

92 1265 267 1348 praefatnm
282 1267 494 1332 Sonarensem
518 1265 704 1340 Praesulem,
724 1263 836 1330 addita
861 1267 1005 1333 clausula
1023 1276 1057 1333 et
1078 1271 1120 1334 ad
1133 1289 1215 1334 men-

93 1390 161 1444 tam.
192 1377 282 1447 Mens
300 1390 410 1448 autem
435 1383 538 1446 Sacrae
562 1383 826 1465 congregationis
849 1382 911 1446 iuit
935 1383 1052 1467 (prout
1073 1385 1214 1450 relatum

92 1498 235 1581 reperio,
249 1517 315 1562 uon
329 1497 463 1583 quidem
474 1499 507 1562 in
518 1507 607 1564 tomo
625 1500 770 1562 Thesauri
784 1500 860 1563 anni
876 1501 973 1576 1848,
989 1501 1093 1566 sedin
1109 1501 1215 1585 publi·

93 1616 222 1678 catione
237 1613 401 1696 periodica
411 1617 441 1676 in
453 1617 712 1696 Correspmaiame
724 1617 762 1678 de
769 1619 869 1692 Roma,
881 1615 942 1682 sub
950 1616 1077 1682 initium
1087 1619 1167 1684 tomi
1182 1621 1212 1696 1,

92 1747 166 1811 pag.
194 1727 260 1812 11),
283 1751 298 1790 a
311 1728 353 1794 de
368 1727 548 1794 demandes
562 1733 581 1794 t
593 1729 633 1794 Sa
646 1729 788 1796 Saintete
801 1749 845 1794 nn
856 1729 975 1810 induit,
997 1749 1081 1813 pour
1093 1733 1216 1798 autori·

95 1868 112 1906 a
131 1865 188 1910 ser
206 1847 435 1929 Mauseigneur
461 1833 614 1930 l'rtveque
641 1845 683 1911 de
704 1847 824 1913 Sonare
846 1847 1005 1912 teonfier
1023 1849 1054 1912 Ia
1073 1845 1214 1914 seconde

92 1984 109 2022 a
125 1970 282 2027 sentence
299 1961 466 2028 conforme
482 1965 501 2027 t
516 1981 559 2026 un
576 1947 706 2046 Eaeque
722 1962 836 2040 voisin,
858 1982 903 2028 vu
916 1960 1156 2048 l'eloignement
1169 1961 1216 2032 du

92 2079 382 2163 «Metropolitum,
400 2097 443 2144 ou
465 2079 542 2143 bien
562 2076 603 2144 dc
630 2097 665 2142 se
689 2081 840 2144 reserver
866 2086 953 2144 cette
978 2079 1120 2145 seconde
1142 2099 1215 2146 sen-

91 2201 235 2271 atenee,
258 2213 300 2257 en
317 2213 351 2258 se
370 2193 487 2259 faisant
509 2193 641 2259 assistes
653 2192 696 2258 de
713 2193 872 2277 quelques
891 2198 1031 2277 premes,
1053 2196 1109 2279 qni
1126 2193 1216 2262 n'au-

91 2333 108 2372 ιι
126 2318 205 2376 rant
222 2328 280 2392 pas
295 2311 361 2392 pris
382 2312 485 2392 parta
501 2310 533 2374 la
547 2311 707 2392 premiere
727 2305 892 2374 sentence.
923 2333 939 2370 s

132 2427 298 2492 Punctum
312 2426 351 2489 x.
373 2461 418 2474 ·—-
438 2429 483 2489 An
498 2445 537 2487 era
552 2428 747 2488 Benedictina
767 2431 978 2488 constitutione
992 2433 1138 2506 saqnatnr
1147 2431 1215 2508 jam

85 2562 148 2605 non
160 2561 247 2622 posse
260 2561 364 2604 canoas
380 2543 617 2604 matrimoniales
637 2559 696 2622 per
715 2543 843 2620 formam
868 2546 1027 2604 summarii
1034 2544 1149 2622 judieii
1162 2561 1216 2604 ear-

82 2662 210 2741 pedari?
223 2693 267 2706 --
283 2661 311 2722 1.
327 2658 460 2722 Certum
475 2665 526 2722 est
538 2675 649 2722 causas
664 2675 775 2722 omncs
790 2657 1042 2724 matrimoniales
1051 2658 1209 2740 potuisse,

86 2783 163 2839 aute
179 2772 395 2838 Benedictum
411 2775 494 2850 XIV,
511 2780 672 2836 summaria
685 2772 843 2857 expediri.
863 2774 995 2839 Constat
1007 2792 1049 2838 ex
1063 2773 1213 2838 Clemen-

89 2891 159 2954 tina
174 2893 404 2971 Dispandiosom
420 2890 462 2976 (2,
484 2893 521 2953 de
543 2887 696 2972 Iudiciis),
714 2889 747 2952 in
766 2908 830 2974 qua
848 2889 893 2952 sic
909 2888 1099 2955 decernitur
1116 2910 1123 2953 ι
1141 2893 1213 2953 Sta-

92 3012 207 3068 tm'mns
219 3013 254 3068 nt
268 3011 301 3068 in
313 3012 411 3068 conns
422 3026 512 3088 snper
523 3007 725 3084 electionibus,
741 3024 854 3068 menon
868 3025 957 3086 saper
966 3011 1208 3072 matrimoniis...

86 3125 214 3205 procedi
232 3125 331 3186 valeat
350 3126 387 3186 aa
407 3131 510 3186 antero
534 3125 712 3204 simplioiier
729 3128 759 3185 at
777 3124 816 3184 da
829 3124 935 3202 piano,
953 3141 988 3186 aa
1003 3128 1067 3186 sina
1085 3127 1213 3204 strepitat

84 3242 202 3320 judieii
214 3245 244 3300 et
256 3238 367 3319 lipara
389 3239 584 3303 Haecautem
604 3236 742 3302 incultas
766 3238 938 3302 summarie
957 3236 1158 3320 procedendi
1179 3239 1212 3302 in

91 3353 294 3438 quibuslibet
312 3354 414 3419 causis
436 3351 741 3429 matrimonialibus,
771 3371 975 3438 nequaquam
1000 3353 1113 3422 fuerat
1138 3359 1213 3421 ante

91 3471 268 3556 praefatum
282 3470 472 3536 Pontificem
483 3472 622 3537 sublata.

138 3591 172 3652 2.
200 3586 264 3652 Sed
272 3592 377 3672 neque
391 3587 518 3654 sublata
538 3593 588 3652 est
602 3605 662 3669 per
676 3584 923 3652 benedictinam
933 3587 1209 3665 constitutionem,

92 3701 203 3788 quoad
219 3721 330 3768 cnrrsas
347 3702 462 3767 saltem
475 3704 507 3767 io
522 3702 640 3787 quibus
653 3700 696 3766 de
714 3701 862 3766 nullitate
885 3709 941 3766 aut
962 3700 1128 3766 validitate
1147 3720 1212 3767 ma-

94 3817 315 3884 trimoniinon
330 3817 638 3903 agitur:s1quidem,
658 3823 696 3882 ut
718 3835 816 3900 supra
834 3816 967 3902 (puncto
979 3814 1068 3900 VIII)
1084 3815 1210 3882 dictum

92 3944 155 4016 cst,
186 3935 421 4001 constitutionis
438 3934 572 4019 hujusce
598 3933 824 4019 dispositiones
848 3931 891 3998 ad
915 3951 1028 4000 causas
1053 3909 1231 3998 nullitatis

92 4052 255 4119 valorIsve
270 4052 549 4118 matrimoniorum
565 4052 816 4133 restringuntur.

139 4175 173 4236 3.
192 4171 230 4234 In
241 4169 345 4234 causis
361 4176 470 4233 autem
484 4168 639 4232 nullitatis
658 4167 711 4232 vel
730 4164 906 4232 validitatis
919 4164 1206 4242 matrimoniorum,

95 4305 135 4351 an
146 4286 251 4353 forma
266 4291 430 4349 snmnmria
445 4304 506 4368 per
519 4283 782 4350 constitutionem
796 4287 853 4348 Dat
868 4289 1059 4347 miseratione
1079 4281 1210 4348 omuino

97 4402 223 4467 sublata
247 4403 299 4478 sit,
325 4420 391 4466 non
412 4400 495 4466 adeo
515 4401 628 4484 liquet.
654 4401 733 4464 Nam
752 4397 860 4484 quoad
876 4395 1061 4482 hujusmodi
1079 4415 1203 4476 causas,
