2948 5126
245 377 291 445 30
595 387 782 467 sosarmus
804 385 1019 439 ostentans.

243 517 370 585 tioium
378 515 670 585 aeclesiasticorum
678 509 1082 598 accusatoresrepeilendi,
1096 518 1142 591 et,
1150 511 1228 596 ipsis
1236 512 1356 590 invitis,

243 633 309 720 per
326 635 413 700 uiam
430 633 644 718 inquisitionis
668 629 879 716 procedendi,
906 630 1092 696 nuliatenus
1114 633 1253 694 constet.
1280 629 1364 713 Ergo

243 741 365 817 uetera
379 765 440 814 nec
455 765 495 814 ex
512 748 672 813 contraria
702 744 949 823 consuetudine,
969 737 1032 810 'nec
1049 761 1091 809 ex
1106 745 1268 810 contraria
1285 741 1367 828 juris

243 864 477 948 dispositione,
505 863 633 930 sublata
661 861 758 928 hodie
790 860 954 928 censenda
983 867 1034 926 est
1058 859 1269 926 accusationis
1294 859 1365 942 via3

248 979 308 1046 sed
331 980 471 1046 liberum
487 981 603 1066 cuique
629 987 788 1058 remanet,
818 985 857 1044 ut
885 984 1040 1064 tanquam
1059 984 1227 1043 accusator
1251 983 1318 1042 stet
1335 976 1368 1040 in

244 1094 381 1180 judicio,
393 1102 439 1161 'et
464 1097 509 1161 sic
526 1093 670 1180 judicem
684 1081 941 1162 ecclesiasticum
953 1099 1050 1178 cogat
1065 1091 1108 1158 ad
1122 1083 1367 1176 procedendum

244 1209 317 1294 por
324 1211 543 1288 accusationis,
561 1211 770 1295 potiusquam
784 1209 1017 1296 inquisitionis,
1041 1209 1135 1273 viam

244 1355 247 1360 ·
296 1325 443 1392 Diximus
452 1331 562 1391 autem
577 1325 789 1390 accusationis
802 1326 889 1391 uiam
904 1323 1140 1389 sublatamnon
1155 1321 1255 1389 fuisse
1269 1327 1367 1406 quoad
1458 1387 1459 1390 ,

251 1445 465 1506 suostantiam:
479 1443 564 1528 quia,
580 1450 619 1508 ut
634 1441 732 1507 modo
743 1441 934 1520 videbimus,
945 1448 1058 1506 utrum
1073 1440 1199 1506 sublata
1206 1440 1248 1506 sit
1261 1439 1368 1527 quoad

249 1557 522 1642 subscriptionem
545 1563 580 1624 et
613 1557 741 1624 talionis
758 1593 760 1600 >
775 1574 924 1641 punam,
961 1558 994 1621 in
1017 1556 1228 1642 quaestionem
1260 1557 1369 1622 vocari
1458 1573 1459 1606 1

255 1679 376 1757 potest.

298 1788 330 1852 2.
347 1789 425 1853 Duri
433 1795 542 1872 potest
555 1801 647 1855 casus
659 1790 693 1854 in
710 1806 774 1874 quo
785 1789 900 1854 melius
913 1787 966 1866 sit,
979 1788 1086 1852 irnoin
1096 1804 1161 1872 quo
1176 1787 1370 1872 quisienea-
1458 1793 1459 1820 *

251 1913 309 1971 tnr
317 1905 687 1988 permemaccusationis
695 1905 955 1989 delinquentium
964 1903 1194 1970 coercitionem
1202 1903 1366 1988 persequi.
1458 1935 1459 1976 t

249 2021 411 2106 Proponit
426 2021 486 2087 sihi
510 2021 661 2106 Pirrhing
675 2021 758 2088 hanc
780 2021 1001 2107 questionem,
1028 2041 1070 2085 an
1086 2025 1154 2102 puis
1171 2023 1319 2102 ottipetur
1329 2023 1371 2084 ad
1458 2073 1459 2104 ,

249 2139 470 2217 ammodum·
488 2152 585 2221 quam
597 2139 644 2201 sic
658 2135 807 2203 resolvit:
821 2159 837 2199 a
854 2137 886 2201 Si
903 2137 1029 2201 crimen
1041 2142 1158 2220 vergat
1169 2135 1203 2200 in
1214 2128 1370 2200 damnum
1458 2173 1459 2210 ,

253 2264 274 2314 a
293 2251 459 2334 spirituale
476 2250 530 2317 vel
543 2253 726 2335 temporale
739 2251 939 2334 reipublice,
954 2251 1016 2316 etsi
1028 2251 1222 2335 plerumque
1233 2247 1369 2314 sufficiat
1458 2223 1459 2258 ³

250 2383 274 2428 a
290 2359 375 2430 iilud
390 2363 583 2430 denunciare
596 2364 753 2450 juridice,
767 2364 933 2432 interdum
947 2373 1056 2431 tamen
1064 2367 1252 2448 contingere
1261 2371 1371 2448 potest

251 2497 274 2544 u
291 2488 329 2547 ut
341 2482 494 2546 teneatur
511 2481 625 2566 aliquis
637 2482 737 2546 etiam
752 2480 796 2548 ad
809 2481 1037 2558 accusandum,
1054 2482 1081 2545 si
1095 2479 1250 2545 damnum
1265 2480 1370 2565 publi.

258 2616 368 2662 «cum
382 2596 444 2661 alia
456 2597 582 2660 ratione
596 2595 751 2680 impediri
775 2616 840 2661 non
865 2598 976 2680 possit,
993 2597 1054 2662 nisi
1079 2603 1191 2663 contra
1209 2605 1304 2662 reum
1320 2595 1371 2681 ju·

253 2711 417 2778 adiutus
434 2703 612 2795 'processus
640 2713 845 2798 instituetur3
871 2712 1049 2780 dummodo
1077 2715 1200 2778 crimen
1224 2709 1370 2796 legitime

251 2843 275 2890 u
286 2825 423 2912 probari
440 2827 552 2909 possit,
580 2829 656 2910 quta
675 2827 816 2912 alioquin
837 2827 1045 2913 meseconis
1067 2827 1243 2906 laboraret,
1269 2835 1305 2893 et
1319 2843 1372 2892 su-

255 2961 279 3004 u
296 2941 431 3026 spioioni
445 2941 610 3006 edumniae
624 2958 662 3006 se
675 2941 857 3027 objiceret,
866 2952 904 3009 ut
918 2942 1156 3011 docetsanctus
1169 2943 1308 3010 Thomas
1325 2943 1368 3030 (i,
1458 2991 1459 3036 3

252 3079 276 3120 u
296 3061 376 3141 usq.
389 3058 443 3134 tt,
458 3061 520 3120 art.
542 3054 585 3140 1),
604 3057 704 3122 etalii
721 3059 938 3125 communiter
953 3079 960 3125 τ
982 3059 1176 3146 quamvisin
1191 3058 1284 3142 proxi
1296 3065 1372 3122 r'aro

252 3187 276 3236 u
292 3179 442 3239 oecumat
463 3170 538 3238 tulis
549 3190 656 3238 casus.
673 3174 766 3240 Ratio
782 3177 921 3261 estquis
940 3195 1016 3260 pars
1032 3183 1167 3243 tenetur
1183 3174 1372 3240 etiamdum
1458 3189 1459 3194 ’

255 3306 277 3354 u
292 3289 426 3374 proprio
437 3287 636 3355 detrimento
650 3291 929 3375 prospiccrcbono
940 3294 1051 3371 totius,
1069 3297 1103 3358 ct
1114 3290 1373 3377 quivisprivutus

254 3423 276 3468 a
296 3404 566 3471 honocommuni.
585 3429 601 3468 »
621 3407 733 3494 (Intit.
754 3411 790 3490 i,
811 3407 888 3475 libii
904 3413 922 3474 5
937 3408 1079 3488 decret,
1093 3427 1126 3473 n.
1148 3405 1215 3492 ts.)

301 3521 381 3586 Dari
394 3536 514 3604 nempe
523 3527 638 3604 'potest
661 3538 754 3587 casus
780 3524 814 3588 in
834 3543 909 3608 qno,
928 3525 1060 3590 attentis
1078 3525 1225 3590 locorum
1239 3529 1281 3588 ct
1297 3539 1374 3606 per-⁴

254 3627 409 3704 sonorum
422 3636 679 3714 circumstantiis,
697 3638 815 3703 merito
826 3639 982 3704 timeatur
994 3656 1037 3704 ne
1053 3639 1256 3716 ordinarius,
1274 3638 1307 3702 si'
1314 3639 1374 3721 ipsi

254 3733 472 3816 denuntietis
491 3735 660 3816 dumtaxat
687 3750 867 3831 delictum,
884 3753 1099 3837 negligentius
1123 3762 1181 3819 aut
1208 3752 1374 3818 remissius

253 3863 347 3951 agat,
359 3866 698 3954 ueletiam-inquirere
714 3872 957 3936 oecumenem
970 3869 1183 3938 vercutiliter
1195 3869 1285 3956 apud
1298 3884 1373 3937 eum
1458 3923 1459 3932 ,

254 3977 431 4068 urgebittn
439 3986 652 4050 accusationis
663 3987 731 4071 viu3
750 3996 813 4071 qua
831 3987 932 4054 semel
946 3990 1112 4072 proposito
1130 3999 1192 4072 per
1209 3995 1374 4054 accusato-

256 4115 331 4165 rem
346 4101 538 4184 legitimum,
555 4100 621 4187 J'am
639 4115 701 4167 nec
713 4101 826 4187 judex,
849 4123 911 4171 nec
929 4120 1006 4172 reus
1025 4105 1184 4190 regularis
1202 4121 1374 4190 processus
1458 4153 1459 4166 ,

255 4216 326 4282 uim
336 4214 500 4282 declinare
513 4225 659 4302 possunt.
676 4215 739 4282 Sed
752 4211 824 4286 talis
839 4236 941 4300 casus,
956 4228 994 4287 ut
1009 4224 1084 4290 satis
1095 4228 1198 4308 putet,
1216 4227 1378 4289 iure-oon·

255 4331 379 4416 mags.

257 4479 281 4504 ·.
303 4447 335 4520 Si
347 4461 432 4514 uero
449 4461 510 4532 per
524 4449 617 4514 vium
629 4451 856 4532 accusationis,
873 4453 925 4518 ita
947 4429 1097 4536 exigente
1117 4451 1239 4532 actore,
1259 4464 1374 4539 proce
