2838 5114
488 363 566 410 esus
588 362 747 410 sueonos.
1107 348 1171 410 379

113 492 207 569 Ipncn
221 487 447 574 (inquisitionis
464 486 641 571 negotium)
660 497 722 551 tam
739 506 793 568 per
808 489 987 550 diummnos
997 490 1168 570 Epimapos,

75 624 151 684 qaum
171 625 226 685 per
248 609 441 684 inquisitores
463 625 482 666 a
507 608 582 667 Sede
607 607 777 684 Apostolica
802 607 959 683 deputatos
988 606 1173 668 decernimur

75 726 200 783 exerceri.
219 725 286 798 Sic,
307 724 385 800 qaod
402 723 526 800 quilibet
540 723 578 782 de
591 723 750 801 predictis
764 725 828 782 siae
846 722 907 782 aiio
925 723 1019 798 citare
1033 725 1129 800 possit
1142 726 1172 782 ei

74 845 206 898 arrestare
220 843 283 898 sive
298 855 412 917 capere,
428 856 462 897 aa
478 844 551 898 tntce
567 839 709 898 custodiae
728 842 908 915 mancipare,
925 838 1062 915 ponendo
1079 841 1172 900 etiam

73 957 99 1014 in
110 954 288 1032 compedibus
306 953 354 1013 nei
373 957 499 1013 mannis
519 955 638 1030 ferreis9
662 958 689 1014 si
707 957 804 1012 nisum
826 954 919 1029 suerit
941 953 1167 1029 sociadem...

72 1072 141 1130 Dnro
154 1076 251 1131 tamea
268 1071 389 1130 tradere
401 1073 514 1130 carceri
531 1075 702 1146 desereto,
719 1073 771 1149 qai
785 1075 881 1148 maqis
896 1071 937 1130 od
946 1087 1065 1148 panant
1081 1089 1171 1149 qnam

71 1187 104 1246 ad
116 1189 274 1248 custodiam
294 1188 446 1261 videatur,
461 1187 509 1246 oei
528 1192 683 1247 toarneniis
706 1204 852 1265 exponere
874 1187 953 1261 iilos,
971 1188 1085 1247 autad
1104 1205 1170 1248 sen-

70 1307 179 1362 tentiam
204 1304 363 1383 precedere
390 1309 495 1364 contra
524 1321 582 1379 cos,
616 1304 778 1381 Episcopus
806 1307 870 1362 sine
898 1305 1084 1380 inquisitore,
1115 1311 1170 1364 aar

69 1423 212 1498 inquisitor
225 1424 290 1480 sine
306 1421 449 1498 Episcopo
465 1420 627 1480 diocesano
643 1425 698 1479 aet
710 1423 774 1498 ejus
789 1418 912 1495 officiali
926 1416 994 1501 (oei,
1010 1421 1169 1498 episcopali

68 1537 124 1596 sede
133 1542 265 1612 vacante,
280 1538 408 1615 capituti
420 1555 508 1614 super
522 1537 574 1596 Itos
588 1532 747 1617 deieqato)‚
759 1541 789 1595 si
800 1541 848 1596 sui
859 1537 900 1596 ad
914 1540 1039 1596 inuicem
1053 1535 1168 1614 copiam

69 1652 159 1714 iniere
182 1655 316 1729 ualeant,
337 1657 420 1714 intra
444 1660 507 1714 octo
529 1656 646 1714 dicrum
663 1658 806 1732 spatium,
820 1657 977 1731 postquam
1001 1669 1031 1712 sc
1047 1656 1172 1714 moisem

69 1772 274 1846 requisiveriai,
296 1788 355 1830 non
374 1771 495 1830 vaiebit.
516 1771 556 1829 Et
568 1774 596 1829 si
609 1787 691 1829 secus
702 1773 918 1848 praesumptam
932 1769 1037 1845 fuerit,
1053 1769 1171 1828 nulium
1250 1811 1254 1825 .

31 1877 33 1884 ’
67 1885 101 1940 sit
120 1889 147 1944 ct
171 1889 296 1945 irritam
321 1889 386 1964 ipso
404 1888 487 1963 jare.
518 1882 735 1966 (Clementiae
763 1883 926 1944 Multorum
958 1884 990 1956 1,
1020 1880 1107 1944 tituli
1131 1883 1172 1969 32

68 1996 131 2062 libri
147 1998 191 2083 5.)

104 2115 132 2176 6.
148 2113 178 2177 Si
193 2114 311 2179 eodem
330 2123 479 2198 tempore
499 2115 570 2199 quis
588 2115 710 2178 citetur
728 2113 768 2177 ab
789 2114 945 2195 Episcopo
961 2121 995 2178 et
1010 2114 1051 2178 ub
1066 2115 1171 2198 iuqui-

67 2227 162 2306 sitore,
180 2228 446 2313 distinguendum
461 2251 501 2294 uu
515 2232 691 2312 Episcopus
706 2237 781 2311 agot
796 2238 950 2312 tunquam
965 2229 1169 2306 OrdiuuriuS,

66 2361 99 2405 nu
119 2353 269 2429 tanquam
295 2347 463 2429 delegmus
491 2367 509 2412 u
532 2346 614 2412 Sede
644 2346 825 2427 Apostolicu
854 2345 964 2430 (serbi
986 2347 1103 2428 gretie,
1130 2365 1171 2411 eo

65 2460 141 2541 quod
162 2465 282 2527 citatus
296 2465 337 2528 sit
352 2462 539 2546 exemptus)
560 2485 566 2526 :
585 2464 610 2526 si
627 2463 804 2544 posteriue,
832 2463 948 2526 citatus
973 2480 1081 2525 eorem
1104 2480 1170 2544 quo

65 2576 202 2642 moluerit
218 2597 407 2660 comparere
428 2579 548 2661 poterit
568 2600 574 2642 :
592 2580 617 2641 si
634 2579 724 2660 prius
740 2597 929 2660 comperero
945 2579 1053 2659 potius
1067 2577 1169 2642 debet

63 2706 158 2757 corum
172 2695 375 2778 inquisitore.
396 2693 490 2780 (Vide
508 2695 713 2769 Leureuium
733 2695 766 2756 in
782 2693 835 2758 tit.
853 2701 881 2769 7,
897 2693 971 2757 libri
987 2697 1006 2756 5
1023 2692 1163 2768 decret„

63 2809 228 2886 questione
255 2809 344 2893 185.)

100 2931 127 2988 7.
147 2948 162 2986 a
180 2925 272 2991 Idem
292 2927 334 2992 de
359 2929 507 3010 pluribus
531 2925 779 3012 Inquisitoribus
802 2928 835 2990 in
862 2924 976 2990 eudem
1002 2925 1168 3008 provincio

64 3038 268 3122 «dicendum,
285 3044 372 3128 quod
388 3045 511 3109 dicium
526 3045 567 3110 do
583 3045 741 3126 Episcopo
754 3052 787 3107 et
803 3042 991 3126 inquisitore
1006 3042 1166 3108 incudem

64 3155 231 3236 «diecesi,
248 3158 340 3243 juxto
358 3169 453 3244 eaput
472 3166 511 3224 Ut
527 3163 672 3241 officiam,
692 3164 729 3223 de
745 3164 916 3240 Harcticis,
933 3160 964 3222 in
980 3162 1051 3244 65»
1075 3159 1167 3244 (Leu-

62 3274 170 3353 renius,
191 3276 262 3340 loeo
279 3277 403 3361 citato.)

551 3537 565 3606 5
592 3533 645 3594 tv.

60 3744 88 3794 De
97 3749 181 3810 obirem
193 3752 367 3814 inquisitionis,
381 3765 422 3800 seu
434 3765 537 3813 quaeuuur
556 3765 631 3804 cuusae
645 3754 780 3804 criminales
792 3767 904 3814 processu
917 3754 1076 3815 immissionis
1089 3752 1164 3800 tribu-

385 3845 477 3892 salinus
491 3846 587 3906 proprio
602 3846 706 3908 expediri
720 3846 827 3897 debeant.

95 4073 310 4140 iurisdietioui
323 4076 548 4158 inquisitorum
573 4072 789 4158 subjiciuntur
808 4081 838 4138 1ο
855 4076 1015 4158 haeretioi;
1034 4079 1068 4140 2⁰
1087 4095 1164 4157 upo-

59 4191 138 4250 statae
153 4209 171 4252 u
185 4188 269 4270 fide3
288 4192 322 4253 3⁰
339 4189 567 4256 hereticorum
582 4194 743 4268 credentes,
764 4189 859 4266 idest,
879 4193 944 4276 qui,
959 4193 1012 4257 vel
1022 4191 1164 4256 creduut

59 4295 272 4371 hereticorum
305 4305 475 4372 erroribus
512 4306 673 4391 (suntque
710 4307 845 4389 proinde
876 4316 910 4374 et
939 4307 1001 4390 ipsi
1033 4306 1162 4394 proprio

59 4411 210 4504 heretici)
240 4420 293 4484 rol
320 4420 461 4488 creduut
489 4421 657 4492 hereticos
683 4443 752 4488 esso
772 4425 803 4486 in
824 4425 906 4492 bonu
933 4423 1015 4501 fide,
1036 4423 1089 4488 vel
1107 4424 1163 4510 qui
