2836 5118
492 343 572 394 rens
591 343 751 394 suemus.
966 377 972 400 ,
1104 329 1167 396 osi

77 485 136 543 eon
151 468 344 552 respiciunt,
365 476 435 536 tum
454 466 616 552 adipsum
634 465 1032 555 questionis'holutionem
1054 485 1170 555 proces

75 580 183 658 damus·
231 627 233 632 -
319 653 321 660 Α
418 619 420 626 ,
662 641 665 646 ,
877 605 880 613 =
955 633 958 640 ,

77 747 81 752 -
112 700 135 764 Ι.
154 705 378 783 nouom-joon
405 707 457 782 pot
479 705 712 784 appellationem
736 705 775 766 ob
797 705 913 767 uetitos
940 707 975 768 iu
998 709 1173 769 uisitatione

76 817 115 876 oet
124 834 177 896 pro
191 835 316 880 morum
326 822 505 882 correctione
521 823 614 898 pestis
631 825 818 881 couounccot.
835 853 881 866 ·-
901 848 912 872 o
930 814 968 882 lu
983 819 1089 886 causis
1102 821 1175 884 nisi·

79 930 224 996 «huonis
242 937 278 996 et
293 932 512 1009 comestionis,
531 933 600 998 siue
610 932 793 998 ‘habilitatis
807 939 843 998 et
862 931 1081 1010 inhabilitatis,
1099 929 1175 1000 ue'c-=

77 1063 160 1110 cnon
178 1045 414 1125 criminalibus,
442 1047 483 1113 ab
506 1047 681 1132 Episcopo,
706 1066 765 1112 seu
789 1048 875 1112 illius
897 1049 931 1114 iu
954 1047 1175 1133 spiritualibus

77 1160 222 1227 «vicario
236 1161 398 1244 generali,
416 1170 492 1228 ante
507 1161 933 1241 definitivemseutentiam,
951 1163 991 1228 ab
1002 1164 1176 1230 interlocu-

78 1275 188 1354 ctoria,
208 1276 264 1342 vel
281 1277 343 1344 ulio
361 1293 566 1361 quocumque
584 1275 783 1360 gravamine,
802 1295 867 1342 uon
883 1277 1071 1360 appelletur
1087 1298 1096 1343 ι
1113 1295 1176 1342 nec

76 1391 290 1476 «Episcopus,
315 1411 374 1459 seu
392 1391 541 1460 Vioarius
560 1392 768 1476 appellationi
793 1391 998 1478 hujusmodi,
1022 1377 1177 1479 tauquam

77 1504 220 1578 chiuolae
235 1505 369 1572 deferre
384 1513 537 1575 teneatur
551 1529 559 1572 ε
573 1506 634 1574 sed
648 1525 698 1585 ea,
714 1527 752 1572 ao
768 1525 971 1593 quacumque
986 1509 1177 1577 inhibitione

76 1620 138 1686 aab
151 1621 375 1705 appellationis
387 1620 498 1705 judice
511 1627 721 1704 'emanata...,
737 1639 803 1688 non
818 1621 1025 1701 obstante...,
1039 1621 1082 1688 ad
1096 1623 1181 1688 ulte·
1300 1644 1304 1651 ·

75 1737 181 1810 «nora
200 1737 311 1804 valeat
329 1735 510 1819 procedere
530 1757 538 1802 ε
555 1736 616 1800 uisi
632 1735 1011 1820 grauameuhujusmodi
1026 1755 1086 1821 per
1100 1735 1180 1803 defi·

75 1852 230 1921 «cinnam
247 1851 443 1918 seutentiam
458 1853 614 1936 reparari,
633 1850 687 1916 vel
701 1851 743 1916 ab
757 1852 826 1934 ipsa
840 1851 1007 1918 definitiva
1022 1851 1179 1935 appellari

75 1985 162 2033 ouon
177 1967 300 2050 possit;
317 1965 436 2051 quibus
451 1965 578 2032 ensibus
600 1984 781 2044 mororum,
801 1975 836 2033 et
854 1967 1063 2050 antiquorum
1082 1982 1181 2032 cuno*

74 2096 177 2142 cuum
189 2084 313 2145 statuta
324 2078 446 2146 illibata
462 2079 678 2160 persistant.»
696 2077 804 2166 (conc.
817 2076 921 2157 Trici,
933 2097 1012 2144 sess.
1031 2081 1083 2158 13,
1097 2097 1126 2144 c.
1145 2083 1186 2158 1,;

73 2194 104 2256 de
120 2191 200 2277 Res.)
289 2233 291 2238 ·
1071 2222 1074 2232 ·

113 2309 213 2386 «Nee
224 2308 398 2402 appellatio
413 2307 638 2382 executionem
660 2307 743 2372 huuc
764 2325 835 2392 que
858 2305 901 2372 ad
917 2327 1048 2374 >murum
1071 2327 1187 2376 curres·

75 2423 400 2507 uchonempertiuet
417 2421 635 2507 suspendat.»
662 2423 774 2509 (Cone.
790 2421 894 2501 Tui,
916 2441 996 2488 sess.
1016 2427 1076 2502 22,
1099 2443 1128 2490 c.
1148 2431 1177 2504 1,

72 2539 103 2600 a
118 2537 198 2624 ns.)
329 2605 331 2608 ,

36 2718 39 2735 ,
78 2669 83 2724 1
113 2655 333 2749 altpisoopi...
350 2655 384 2721 in
399 2654 603 2732 omuibusiis,
618 2671 689 2738 qum
702 2651 746 2718 ud
762 2654 988 2734 visitationem,
1003 2672 1042 2722 ec
1053 2667 1188 2732 morum,

74 2772 337 2836 «correctionem
355 2768 562 2834 subditorum
584 2787 716 2834 suorum
738 2777 899 2852 spectant,
923 2769 1025 2855 juset
1042 2779 1184 2855 potestas

75 2892 169 2950 atem
185 2885 339 2963 habeant,
355 2884 458 2956 etiam
473 2890 626 2968 tauquam
649 2883 743 2950 Sedis
755 2883 944 2967 Apostolicae
964 2883 1122 2970 delegati,
1141 2906 1180 2953 ea

75 3021 89 3060 c
104 2979 287 3078 ordinandi,
313 2999 515 3078 moderandi,
539 2998 697 3083 puniendi
711 3007 746 3065 et
760 3000 957 3084 exequendi,
979 3001 1073 3086 J'uxta
1088 3019 1183 3080 cau07

75 3135 179 3182 uuum
197 3116 391 3193 sanctiones,
409 3133 480 3200 quae
495 3115 558 3180 illis
572 3133 614 3180 ex
634 3112 811 3200 prudentia
825 3133 883 3180 sua
899 3133 960 3199 pru
972 3116 1185 3184 subditorum·-

76 3230 340 3307 aemendatione,
362 3249 399 3297 ac
428 3229 576 3296 dioecesis
605 3241 670 3302 suae
700 3229 840 3294 utilitate
863 3231 1050 3296 necessaria
1085 3231 1178 3300 vide·

76 3344 234 3413 chuntur.
259 3347 381 3420 Neeiu
403 3344 462 3421 his,
481 3344 538 3410 ubi
562 3343 605 3410 de
621 3344 817 3421 uisitatione,
835 3351 893 3410 aut
909 3362 1042 3410 ¹morum
1058 3365 1179 3413 *eorre-

77 3464 206 3529 uctioue
223 3463 343 3546 agitur,
365 3461 545 3544 exemptio,
566 3468 624 3526 aut
637 3460 704 3526 ulla
725 3459 889 3537 inhibitio,
909 3463 1102 3544 appellatio,
1120 3483 1186 3530 seu¹

77 3580 250 3661 «qulerala,
268 3578 366 3642 etiam
389 3575 433 3642 ud
452 3575 571 3642 Sedem
587 3575 803 3659 Apostolicam
824 3576 1032 3659 interposita,
1059 3597 1179 3646 execu-

77 3693 221 3760 ctionem
239 3709 372 3770 eorum,
388 3710 459 3776 quae
473 3690 515 3756 ab
532 3690 581 3756 his
601 3688 763 3770 mandata,
782 3689 934 3768 decreta,
952 3700 1017 3757 aut·
1031 3690 1185 3776 judicata,

79 3807 238 3888 afuerint,
256 3807 484 3893 quoquomodo
499 3805 657 3891 impediat
675 3813 733 3871 aut
748 3805 936 3890 suspendat.
952 3829 969 3870 o
988 3805 1177 3894 (Concilium

72 3923 304 4002 choenicum,
330 3942 408 3990 sess.
426 3925 485 4000 ni,
510 3941 539 3986 e.
561 3924 624 4002 10,
654 3924 692 3986 de
709 3919 794 4004 Res.)
941 3936 943 3940 ’
1208 3922 1212 3932 “

89 4055 133 4102 zu
147 4039 420 4126 Reprehensibilis
445 4036 648 4106 cousuetudo
665 4038 700 4102 iu
718 4036 910 4122 quibusdam
938 4039 1097 4124 partibus·
1108 4047 1190 4114 iuo-

82 4157 183 4224 «lauit
195 4156 366 4239 ut...;,ulii
383 4156 496 4232 etiam,
518 4153 598 4220 dum
619 4155 796 4238 superioris
814 4157 1007 4222 seutentiam
1028 4166 1063 4224 et
1082 4157 1178 4228 disei-

81 4273 224 4354 «phuam
242 4273 428 4342 canonicum
444 4269 671 4348 reformidant,
687 4268 756 4334 siue
770 4269 839 4335 ullo
860 4273 1055 4354 manamine„
1065 4277 1191 4360 appel·='

83 4385 254 4458 «lationem
267 4386 437 4472 objiciunt,
455 4394 489 4454 et
503 4383 546 4452 ad
567 4383 798 4452 defensionem
812 4381 988 4470 impulistis
1003 4399 1184 4474 usurpant,

178 4501 209 4556 ῃ.
1038 4500 1072 4555 17
