2878 5114
247 313 309 378 454
590 331 777 383 sulcamus
800 334 844 382 na
866 334 1013 382 tumens.
1123 301 1129 310 ’

245 456 456 540 impotentiae,
474 476 545 542 qnae
573 455 765 524 naturaliter
783 464 852 540 erat
871 477 949 524 vere
974 467 1147 543 perpetua.
1168 461 1251 528 Licet
1265 463 1337 530 euim

245 581 324 638 tunc
344 581 460 656 potens
480 572 598 638 evadat
618 574 675 657 qui
696 573 805 638 iuerat
826 576 1003 658 impotens,
1020 596 1085 642 non
1103 584 1211 642 tamen
1233 585 1339 644 restau-

246 688 385 754 randum
401 695 450 754 est
466 689 556 774 prius
569 689 822 767 matrimonium,
840 709 901 756 nee
916 691 1107 758 solvendum
1119 693 1283 776 posterius.

770 941 837 1016 SV.

265 1162 298 1209 lle
318 1159 387 1210 modo
413 1159 527 1209 servando
554 1161 631 1224 quoad
659 1161 847 1225 dispensationes
872 1163 1015 1214 matrimonii
1038 1166 1082 1214 rati
1110 1179 1156 1215 aon
1183 1169 1329 1218 consummati.

184 1393 189 1402 ’
290 1391 544 1469 Matrimonium,
562 1392 624 1458 etsi
652 1391 759 1458 aalide
787 1401 1006 1472 contractum,
1029 1393 1184 1479 quamdiu
1211 1395 1343 1460 nonfuit

247 1514 515 1586 consummatum,
535 1508 617 1574 solvi
632 1515 751 1591 potest,
765 1514 837 1573 tum
852 1527 912 1592 per
923 1510 1092 1596 utriusque
1104 1511 1159 1576 vel
1175 1510 1344 1578 alterutrius

246 1621 391 1706 ocrrjngis
412 1622 593 1706 ingressum
619 1622 652 1686 in
675 1623 879 1706 religionem,
901 1630 971 1690 turn
1003 1644 1062 1707 per
1087 1623 1343 1708 dispensationem

246 1739 382 1804 Romani
400 1735 575 1804 Pontificis.
606 1739 763 1805 Gonoessa
782 1747 893 1804 autem
912 1740 999 1806 dicta
1020 1740 1269 1826 dispensatione,
1285 1761 1344 1826 pos

246 1863 323 1922 sunt
346 1854 500 1940 conjuges
520 1854 608 1921 aliud
629 1856 710 1922 inire
727 1858 975 1922 matrimonium.
998 1858 1078 1924 Hinc
1097 1859 1346 1944 frequentesBo-

247 1992 333 2038 mam
349 1971 445 2056 dirigi
460 1973 566 2038 solent
585 1990 709 2056 preces,
730 1971 773 2036 ad
787 1972 997 2038 obtinendam
1010 1977 1206 2042 matrimonii
1224 1977 1282 2041 rati
1293 1993 1345 2038 noa

251 2088 464 2161 consummati
494 2087 781 2170 dispensationem.
797 2090 847 2152 De
868 2089 985 2172 quibus
1004 2090 1166 2156 instantiis
1190 2089 1346 2158 dicendum

248 2205 349 2282 venit,
367 2206 399 2268 10
410 2203 491 2300 ¹quid
502 2205 654 2268 statuerit
668 2203 864 2308 Benedictus
883 2205 968 2288 xlta
984 2207 1017 2268 2⁰
1031 2205 1111 2290 quid
1126 2206 1306 2291 requiratur
1318 2212 1347 2268 nt
1418 2197 1419 2242 ³

249 2341 304 2386 eas
315 2320 571 2404 dispensationes
581 2319 687 2386 valide
700 2326 734 2384 et
743 2319 830 2386 licite
844 2322 1006 2387 Romanus
1021 2321 1175 2386 Pontifex
1185 2320 1347 2388 concedere

248 2439 364 2524 possit;
382 2440 416 2502 3⁰
427 2455 497 2522 quae
514 2439 578 2502 sint
591 2443 702 2521 partes
714 2438 817 2502 Sacrae
832 2437 1093 2520 Congregatiouis
1111 2437 1244 2502 Consilii
1258 2434 1348 2522 quoad

231 2629 233 2632 ,
250 2553 506 2638 dispensationes
521 2553 702 2639 ejusmodi3
727 2555 761 2618 40
774 2574 815 2618 44
830 2554 865 2618 in
879 2551 1083 2636 expedienda
1094 2573 1191 2620 causa
1203 2554 1348 2638 dispeusa-
1417 2615 1418 2640 ,

250 2669 346 2736 tionis
360 2670 555 2736 matrimonii
574 2671 639 2734 rati
657 2689 723 2734 nou
737 2671 962 2747 consummati,
980 2671 1105 2734 servari
1119 2669 1260 2737 debeant
1275 2667 1349 2753 apud

250 2788 380 2852 Sacram
404 2787 693 2870 congregationem
714 2786 972 2869 praescriptiones
993 2784 1163 2852 Benedicti
1188 2789 1260 2852 XIV
1279 2788 1348 2850 cuca

252 2905 411 2969 nullitatis
423 2921 544 2968 causas.

298 3021 324 3084 l.
344 3023 426 3100 (laid
445 3025 586 3084 statuerit
606 3022 784 3084 Benedictus
798 3022 894 3084 XIV?
907 3056 952 3066 -
969 3022 1007 3085 ln
1021 3037 1120 3102 supra
1134 3021 1232 3086 citata
1253 3020 1350 3086 consti·
1416 2979 1417 2992 ἱ

253 3136 379 3201 tatione
395 3139 452 3200 Dei
466 3141 656 3198 miseratione
674 3134 772 3220 (tomo
792 3137 803 3198 l
825 3134 955 3200 bullarii
969 3133 1049 3200 dicti
1065 3135 1243 3214 Pontifieis,
1262 3156 1291 3198 n.
1306 3132 1348 3216 33)

253 3251 297 3316 sio
309 3251 452 3316 occurrit
468 3248 634 3316 haedere
653 3248 853 3334 dispositum,
870 3252 885 3328 s
904 3252 943 3313 15
958 3271 965 3316 :
983 3273 998 3310 a
1013 3249 1172 3330 Quoniam
1186 3248 1350 3335 saepeapud

256 3391 272 3427 a
288 3365 404 3431 Sedem
419 3365 637 3449 apostolicam
659 3383 775 3448 preces
788 3365 911 3448 porrigi
926 3365 1032 3430 solent
1051 3385 1110 3448 pro
1129 3365 1350 3450 dispensatione
1415 3355 1416 3358 ¹

257 3482 481 3546 «matrimonii
496 3483 559 3546 rati
579 3489 614 3546 ct
631 3501 696 3548 non
716 3483 937 3559 consummati,
960 3500 1031 3566 quae
1056 3483 1285 3566 utplurimum
1305 3501 1350 3564 pro

258 3622 274 3661 n
289 3605 366 3664 voto
380 3599 559 3664 consultiao
573 3597 614 3664 ad
629 3599 909 3682 congregationem
921 3599 1044 3664 Sanctae
1054 3597 1208 3666 Romanae
1223 3597 1351 3666 Ecclesia

259 3739 274 3776 a
288 3713 508 3781 Cardinalium
524 3715 657 3780 Consilii
671 3716 904 3798 interpretum,
923 3715 975 3779 vel
997 3734 1226 3800 nonnunquam
1249 3715 1288 3782 ad
1308 3713 1352 3778 ali·
1414 3725 1415 3730 ’

259 3850 385 3916 aquarn
404 3832 685 3916 congregationem
705 3832 951 3915 particularem,
971 3827 1160 3914 deputatam
1180 3853 1199 3898 a
1223 3831 1352 3898 Romans

260 3947 499 4014 «Pontificibus
517 3966 577 4031 pro
597 3955 756 4031 tempore,
775 3948 898 4012 remitti
921 3947 1042 4030 solent,
1060 3953 1099 4012 ut
1116 3946 1299 4031 huiusmodi
1315 3947 1352 4008 iu·

260 4065 414 4130 «stantia
430 4062 545 4130 ordine
558 4083 599 4128 ac
609 4065 671 4129 rite
685 4061 875 4146 procedant,
894 4063 1043 4128 volumus
1059 4062 1308 4138 comendamus,
1324 4063 1351 4124 ut

261 4181 428 4262 «supplex
447 4180 576 4246 libellus
601 4180 709 4257 Nobis
728 4179 781 4244 ael
802 4179 946 4246 Romano
969 4177 1120 4244 Pontifici
1143 4198 1204 4262 pro
1224 4187 1350 4260 tempore

261 4296 493 4374 nexlubmtur,
522 4295 555 4360 in
583 4315 647 4381 quo
671 4297 766 4379 plena
792 4304 825 4362 et
850 4302 1000 4362 accurata
1021 4296 1122 4362 totius
1143 4295 1224 4361 facti
1245 4293 1349 4379 species

262 4434 278 4474 a
294 4413 509 4504 contineatur,
538 4429 704 4496 causaeque
723 4431 835 4508 optares
857 4413 889 4476 iu
910 4432 949 4478 eo
970 4412 1205 4494 exprimantur,
1231 4429 1296 4496 quc
1317 4403 1348 4470 ad
