2930 5114
539 313 619 366 sels
641 314 799 368 mmmm.
1165 307 1230 372 559
1310 321 1312 324 ·

160 444 409 524 ocmscmencer
434 443 614 506 ‚moues
635 447 666 507 N
669 491 691 522 .,
723 448 860 508 Viccrius
885 447 1046 527 nonnulis,
1064 449 1231 517 menresa

110 559 268 637 prosatum
293 560 446 622 Andrean
472 560 526 636 Ν.,
550 561 691 621 incidisse
706 564 739 622 in
761 567 987 639 contumaciam,
1005 571 1034 626 et
1049 571 1231 638 contraeunt

114 653 251 754 tauquam
264 682 467 738 contumacem
488 678 647 756 procedere
671 679 813 742 decreuit.
835 683 1023 761 Quapropter
1038 683 1170 745 euntem
1191 687 1230 743 ci-

113 795 172 852 ton'
188 793 230 854 aci
248 794 432 854 accitanam
459 798 639 858 sentenciam
663 794 852 871 definitionum
871 798 1035 860 oriinnnit.
1057 799 1132 863 Acta
1159 804 1230 862 suut
1262 862 1265 870 ,

111 908 168 970 iac
194 911 301 989 die...,
336 915 503 989 mensis...‚
535 929 656 976 nuno...
684 947 727 960 -
758 915 813 992 Ν.,
837 917 976 980 Vicarius
1000 917 1160 996 neumatis.
1189 951 1227 964 -

109 1029 162 1103 Ν.,
184 1031 388 1092 acinarius.»

618 1259 633 1330 5
658 1256 716 1318 111.

195 1474 279 1530 Formo
290 1472 377 1532 citandi
389 1487 454 1524 ratim
467 1481 625 1524 contumacem
639 1475 667 1526 sd
680 1475 826 1526 ousiiomium
840 1476 977 1526 senientiam
989 1476 1140 1528 definitivam.

148 1707 292 1786 altaque
310 1707 347 1778 ute
364 1707 508 1770 monetata
531 1709 686 1772 reverentii
714 1709 743 1770 N
747 1755 769 1786 .,
798 1709 912 1788 Viearii
935 1711 1095 1788 neumatis,
1114 1711 1226 1778 ioanni

104 1826 132 1886 N
135 1871 157 1900 .,
175 1825 352 1904 eumaem
364 1828 455 1892 curia
469 1829 576 1888 nuntio
587 1826 717 1905 mettica,
735 1826 797 1904 fait
813 1828 1006 1904 censiquatus
1021 1827 1138 1888 iibeitus
1152 1833 1226 1890 nita-

104 1944 205 2018 tionis,
224 1959 309 2020 quem
329 1945 434 2023 jussas
462 1947 518 2018 cst,
531 1943 663 2032 prefato
686 1943 813 2006 Andreoe
835 1944 875 2006 Ν.
889 1943 1102 2026 pecunialiter,
1126 1945 1174 2011 oei
1191 1949 1224 2008 in

101 2059 185 2124 dorna
199 2060 297 2124 solita
315 2062 411 2140 ipsius
428 2059 624 2122 habitationis
635 2064 777 2124 intimare
788 2057 866 2144 (vel,
881 2057 993 2124 sireus
1007 2057 1139 2144 fugerit,
1159 2063 1224 2126 oot-

101 2179 145 2236 ois
160 2175 290 2238 mcicsia
305 2178 335 2242 N
338 2222 361 2253 .‚
380 2181 437 2239 sut
461 2172 536 2240 alibi
551 2193 610 2257 pro
624 2174 710 2258 stylo
731 2175 840 2252 curiae,
861 2171 1009 2259 afflone);
1027 2180 1080 2259 qui
1106 2177 1225 2242 iiieiius

103 2297 145 2358 est
161 2296 274 2356 teucris
293 2295 468 2372 sequentis:
488 2293 605 2354 Harum
631 2297 706 2356 serie
732 2297 845 2354 citatur
863 2295 1064 2374 peremptorie
1085 2293 1224 2360 dominus

102 2411 237 2476 Aucircas
251 2414 281 2474 N
284 2459 306 2489 .,
318 2415 386 2492 jam
398 2416 595 2492 poranptorie
610 2414 732 2488 citatius,
753 2411 879 2488 retatus,
897 2416 938 2488 et,
953 2413 1025 2489 quia
1040 2427 1099 2472 uon
1110 2427 1223 2492 compa-

102 2532 354 2603 rusticantium:
377 2529 566 2606 deciaratum·
584 2529 625 2590 aci
653 2528 884 2608 annunciatum
907 2544 1007 2588 coram
1033 2527 1117 2587 nobis
1139 2529 1222 2606 insra

108 2651 165 2705 ires
183 2646 259 2724 cites,
276 2647 313 2706 ai
324 2649 514 2708 intimatione
531 2643 595 2729 (vel
609 2663 627 2705 a
641 2645 846 2724 mittentium
858 2641 884 2713 si
898 2660 960 2725 per
974 2638 1107 2706 modum
1123 2639 1222 2714 edicti

102 2758 156 2824 fiai
173 2757 297 2846 citatio)
306 2766 501 2843 prensantium
526 2761 754 2843 computandos·
773 2762 814 2823 noi
831 2761 1014 2822 audiendam
1044 2765 1221 2820 senientiam

102 2877 303 2955 definitivam.
324 2849 477 2942 Doirum...
508 2912 552 2924 -
567 2881 621 2956 N.,
643 2881 779 2940 Vinarius
791 2876 952 2956 qeneroiis.
980 2910 1022 2922 —
1046 2877 1101 2953 N.,
1122 2882 1222 2937 actua·

103 2999 175 3057 rius.

146 3135 160 3168 α
182 3113 325 3174 Neaersus
340 3117 439 3174 autem
459 3111 501 3175 ari
521 3128 566 3170 me
584 3110 683 3173 citatus
696 3113 820 3171 nuntias
838 3111 970 3171 ioannes
988 3109 1017 3170 N
1020 3155 1042 3185 .,
1063 3108 1168 3170 rituiit
1191 3128 1222 3170 se

101 3225 204 3305 tie...,
222 3231 383 3306 proesentis
400 3230 521 3304 mensis,
541 3225 670 3302 tora...,
695 3226 828 3305 masaia
851 3225 978 3288 Auuirooe
1001 3225 1030 3287 N
1033 3271 1054 3300 .‚
1075 3241 1220 3285 memoro-

106 3351 165 3408 tam
185 3349 357 3407 citatimem
372 3343 573 3425 personaliter
587 3347 681 3422 prout
707 3345 739 3402 in
759 3342 914 3418 mandato,
939 3345 1105 3425 intimasse,
1135 3345 1220 3420 copia

101 3463 195 3523 eidem
212 3461 329 3522 reticio.
348 3459 423 3522 Acta
438 3464 508 3521 suni
523 3458 584 3519 isac
595 3460 699 3534 etia...,
715 3461 880 3536 mensis...,
902 3460 1066 3520 anni...-
1078 3457 1144 3535 Eoo
1159 3458 1190 3519 N
1192 3503 1199 3518 .
1204 3503 1215 3534 ,

101 3579 275 3662 maeoniis
292 3581 384 3640 curia
398 3594 511 3654 cursor,
530 3573 648 3654 affinio
661 3580 697 3638 ut
712 3593 815 3655 supra.
825 3608 867 3622 -·
883 3575 947 3652 Euo
960 3575 998 3639 N.
1002 3620 1013 3651 ,
1029 3575 1217 3636 actuarius.»

608 3831 623 3903 5
650 3827 705 3890 lv.

295 4052 404 4104 turmula
416 4052 534 4107 sententia
545 4047 671 4102 definitiva
683 4055 764 4099 contra
777 4061 843 4098 reum
855 4053 1022 4098 contumacem.

147 4314 164 4354 u
182 4293 283 4374 initur
298 4291 409 4372 elapsis
425 4289 521 4350 tribus
538 4287 653 4360 etiaim,
671 4303 729 4364 pro
740 4285 940 4365 peremptorio
956 4283 1081 4342 termino
1096 4282 1130 4341 in
1142 4298 1219 4360 pra-

101 4411 167 4490 sata
195 4413 337 4473 citatione
354 4408 530 4487 esmanciis,
549 4402 728 4466 reuermius
754 4402 808 4475 Ν.,
832 4401 970 4461 Vicarius
989 4396 1148 4478 aeneraiis,
1159 4417 1217 4480 pro
