2860 5122
248 359 310 424 17⁴
592 369 781 418 naacrnrns
802 371 847 418 nn
867 369 1016 420 marcus.

295 501 449 573 «Patrne,
465 496 675 577 exceptiones
693 493 870 578 improprio
887 491 1001 569 dicte,
1019 491 1176 560 uidelicet
1195 493 1362 581 monis

250 611 387 690 «iactae,
404 611 669 696 prescriptionis,
683 619 771 693 ¹etc.;
792 609 997 694 quiuirustra
1015 609 1108 674 litem
1123 616 1363 676 contestaretur

244 753 268 792 -c
281 728 402 794 reussi
420 735 515 794 actor
526 728 684 792 actionem
699 724 742 792 de
753 725 828 809 jure
841 725 961 792 nullam
979 724 1090 792 habet.

292 865 309 902 a
339 846 484 920 Seniano,
506 842 715 925 exceptiones
732 859 871 926 quornm
889 843 1010 908 ueritas
1024 842 1152 908 notoria
1167 849 1231 918 est,
1257 840 1304 906 ita
1328 849 1363 904 nt

250 980 267 1020 c
286 964 430 1024 actorem
442 958 632 1024 calumniari
645 956 819 1022 evidenter
833 965 982 1022 constet:
999 957 1063 1022 imo
1077 973 1138 1040 per
1153 957 1210 1022 has
1224 958 1254 1022 si
1269 971 1363 1040 eppo

249 1095 266 1136 c
283 1081 414 1152 nentur,
436 1073 615 1158 impeditur
631 1072 825 1138 contestatio
838 1072 916 1138 litis.
936 1072 1030 1140 Ratio
1041 1078 1091 1138 cst
1105 1092 1147 1138 ne
1158 1071 1364 1144 reuslobori·

248 1213 268 1252 c
285 1190 348 1256 bus
360 1198 396 1255 et
412 1189 561 1274 expensis
576 1189 698 1254 frastra
715 1187 886 1272 fatigetur.

278 1327 295 1366 c
312 1309 424 1383 Tertio,
440 1304 649 1385 exceptiones
664 1301 892 1384 peremptorie
910 1317 1034 1384 queen
1048 1299 1181 1384 speciali
1195 1299 1363 1383 privilegio

251 1441 267 1478 e
285 1417 351 1484 litis
375 1420 556 1501 ingressum
577 1414 774 1498 impediunt,
794 1417 843 1480 uti
870 1423 947 1480 sunt
967 1415 1115 1498 exceptio
1129 1415 1179 1480 rei
1194 1413 1360 1498 judicate,

238 1537 266 1596 'c
284 1533 522 1612 trensecttonis,
538 1529 763 1616 jurisjurandi,
785 1548 856 1614 quae
870 1533 936 1594 litis
954 1531 1051 1610 finito
1070 1529 1227 1596 dieantur
1248 1529 1363 1615 (capite

249 1651 645 1731 «Bremetennacum
663 1655 803 1723 contest,
824 1647 857 1712 iu
867 1644 914 1729 6).
931 1645 1027 1710 Ratio
1041 1652 1101 1722 est,
1119 1647 1194 1730 quie
1204 1645 1248 1710 lis
1266 1643 1363 1712 semel

245 1791 266 1832 e
284 1768 393 1851 aliquo
406 1765 521 1830 horum
537 1761 709 1830 modorum
728 1763 831 1839 linita,
852 1763 988 1846 amplius
1000 1763 1216 1830 monosticon
1225 1761 1360 1830 debet.»

245 1879 563 1970 tpchmlzgruebcr,
582 1879 638 1942 cit.
652 1879 736 1955 loco,
753 1897 786 1944 u.
803 1876 873 1961 23.)

291 1998 362 2068 Imo
388 1996 486 2064 etium
514 2001 588 2078 post
609 1994 806 2060 sententiam
827 1993 991 2060 nonnulle
1017 1995 1244 2078 peremptorie
1270 2008 1361 2060 exca-

248 2113 376 2196 ptiones
390 2111 529 2194 proponi
547 2117 691 2192 possunt,
711 2129 828 2193 nempe
847 2133 853 2175 :

293 2231 442 2305 «Primo,
461 2225 779 2307 exceptionnllitotis
791 2227 960 2292 sententie
975 2245 1017 2292 ex
1032 2244 1238 2311 quecumque
1254 2243 1357 2294 conse.

251 2342 379 2408 aRntio
390 2347 440 2406 est
456 2341 529 2426 quio
545 2338 587 2404 dc
603 2340 751 2410 nullitate
766 2342 934 2406 sententie
953 2360 1085 2425 semper
1105 2360 1302 2426 cognoscere
1317 2339 1360 2424 jn·

248 2482 269 2520 e
283 2457 347 2526 dcx
362 2464 481 2542 potest,
497 2455 588 2522 etde
607 2475 692 2524 novo
706 2459 899 2524 sententiam
913 2459 1014 2536 ferre,
1040 2477 1114 2526 cunt
1134 2457 1276 2526 ferendo
1294 2456 1359 2524 uui-

251 2575 360 2652 nlam,
378 2573 522 2664 nondum
538 2573 670 2638 iunctus
687 2570 791 2637 officio
808 2593 867 2639 suo
882 2574 935 2638 sit.

294 2693 469 2767 «seeundo,
487 2665 697 2771 exceptiones
718 2707 789 2774 quoe
811 2692 1004 2756 seutentiam
1023 2689 1225 2769 rescindant,
1247 2699 1286 2758 ut
1308 2709 1358 2756 cx·

249 2830 268 2868 c
284 2807 392 2890 ceptio
409 2804 623 2870 restitutionis
640 2804 672 2867 iu
692 2804 869 2887 integrum.

294 2926 447 3000 «Tertio,
467 2920 679 3001 exceptiones
700 2937 772 3003 qum
795 2923 989 2986 sententiam
1012 2921 1144 3005 quidem
1166 2941 1233 2988 non
1255 2925 1356 3008 itnpu·

252 3045 382 3122 «gnam
399 3043 438 3102 ut
460 3034 695 3119 precedentes,
719 3037 945 3102 executionem
970 3045 1081 3104 tamen
1099 3037 1286 3121 impediunt
1309 3036 1356 3104 vel

245 3176 268 3218 n
282 3151 512 3232 moderantum
526 3159 564 3216 ut
579 3157 653 3216 sunt
665 3151 815 3233 exceptio
828 3161 960 3217 senatus
973 3153 1113 3220 consulti
1126 3151 1353 3228 Macedoniani,

253 3274 532 3332 «nonnumemtae
545 3265 701 3348 pecunie,
716 3264 794 3331 etid
805 3284 907 3349 genus
920 3267 999 3332 ulioe.
1015 3291 1031 3330 u
1048 3267 1351 3353 (Schmalamuelten

248 3384 305 3450 eit.
319 3383 404 3461 loco,
422 3401 456 3446 n.
475 3379 543 3464 24.)

294 3501 403 3567 ilonet
426 3506 535 3563 tamen
557 3498 670 3582 regulo
697 3499 868 3582 generalis,
894 3502 1132 3583 peremptorius
1151 3502 1353 3585 exceptiones

247 3637 319 3688 csse
337 3623 411 3702 past
425 3616 692 3680 contestationem
703 3614 779 3688 litis,
799 3624 833 3681 ct
847 3624 918 3678 oete
929 3617 1123 3684 sententiam
1138 3615 1348 3700 opponendas.
1411 3627 1412 3639 ¹

291 3735 443 3816 Quffisnto
457 3733 502 3796 6¹.
521 3767 566 3778 -
580 3734 627 3796 Aa
642 3735 743 3813 judeo
757 3739 855 3813 possit
876 3735 1071 3814 prescribere
1095 3740 1254 3798 terminum
1277 3741 1351 3798 latro

241 3871 332 3936 ‚quem
351 3851 476 3914 delectet
491 3852 621 3930 proponi
639 3853 823 3928 exceptiones
843 3851 996 3912 dilatoriae
1007 3853 1022 3912 i
1034 3885 1081 3896 —
1094 3848 1290 3916 Affirmotive
1306 3867 1351 3914 re·

245 3963 473 4053 spondendum
488 3962 564 4029 ride
579 3962 752 4046 probatum
772 3962 860 4045 opud
874 3963 1163 4047 Schmulzgrncber
1175 3966 1219 4051 (in
1232 3967 1284 4032 tit.
1302 3968 1348 4040 tt.
1410 3937 1411 4005 l

247 4081 324 4151 libri
347 4083 367 4144 2
397 4077 537 4154 decret,
560 4097 594 4142 a.
617 4075 683 4160 to).
707 4076 833 4142 Ibidem
851 4087 961 4144 antem
979 4079 1098 4162 probet
1118 4080 1206 4146 idem
1233 4089 1348 4154 auctor,

248 4198 358 4280 elapso
379 4195 439 4259 hoe
460 4194 602 4257 termino
625 4195 806 4273 reputortter
833 4212 897 4260 non
916 4213 985 4260 esse
1009 4195 1146 4278 amplius
1162 4195 1349 4263 audiendum
1409 4245 1410 4288 3

248 4331 353 4390 neura,
369 4308 746 4396 ejusmodtcxeeptiones
762 4327 948 4392 proponere
966 4311 1148 4396 uolentem;
1166 4313 1239 4378 duri
1252 4321 1349 4378 tamen
1409 4295 1410 4369 l

250 4447 343 4496 casus
355 4427 397 4492 eb
408 4425 468 4491 hae
480 4425 624 4510 generali
636 4425 750 4506 regule
763 4424 980 4522 recedentes,
996 4429 1117 4510 opponi
1124 4446 1243 4513 nempe
1252 4443 1347 4514 poste.

1404 4899 1408 5092 l
