2836 5118
2 355 3 380 ἶ
94 454 101 463 ,
229 341 293 434 293
572 377 759 435 tencteros
782 389 827 435 on
849 343 997 434 donicus.

270 509 303 573 4.
321 497 403 575 item
418 512 452 575 in
467 475 563 576 carisa
577 511 696 576 notorii
712 527 793 596 opos
808 521 872 578 non·
889 514 939 576 est
952 515 1095 574 citatione
1109 533 1120 573 .·
1133 491 1222 596 quod
1236 519 1330 577 tanen

225 625 473 710 intelligendum
492 631 560 705 est,
587 626 719 712 wando
739 628 783 694 ita
807 625 981 694 evidenter
1002 632 1128 692 constat
1154 626 1195 693 de
1218 631 1333 712 pitrota

145 740 147 744 ’
226 738 364 819 delicto,
391 742 542 806 utnulla
567 740 697 807 omnino
720 741 909 809 defensione
937 760 1014 808 reus
1041 760 1075 806 se
1101 743 1193 809 tueri
1215 745 1332 827 possit:

232 847 378 926 «Seciae,
400 847 530 933 quando
549 848 654 933 aliqua
681 855 791 935 potest
814 853 873 917 teo
898 858 1084 933 competere
1114 847 1275 929 defensio,
1291 852 1335 917 rei

232 961 398 1028 «dubium
424 963 463 1028 iit
487 982 528 1028 an
550 983 616 1028 non
634 973 813 1048 competat,
842 966 897 1031 vel
921 951 1109 1048 competere
1134 967 1253 1048 possit3
1268 972 1336 1030 tunc

232 1109 245 1133 «
266 1077 350 1145 enirn
365 1081 494 1145 omnino
507 1081 690 1146 necessaria
707 1076 795 1146 foret
817 1081 938 1146 citatio.
959 1104 975 1142 a
997 1079 1044 1146 lta
1058 1078 1336 1165 schmelrgrueber

229 1176 322 1281 (loco
347 1193 478 1278 citato),
506 1194 631 1261 addens
654 1196 736 1264 hanc
760 1195 940 1263 doctrinam
963 1215 1034 1263 esee
1056 1198 1272 1262 communiter
1292 1216 1337 1262 re·

227 1311 356 1393 'ceptam
374 1333 381 1376 :
404 1339 417 1365 «
435 1309 476 1376 itt
490 1309 581 1389 hinc,
598 1313 718 1398 inquit,
734 1330 799 1378 non
814 1311 908 1378 facile
924 1318 1039 1378 contra
1053 1331 1148 1378 reum
1163 1311 1334 1390 absentem,

233 1449 247 1480 ἰι
259 1415 360 1491 ἐτίθη]
372 1427 407 1490 in
419 1427 546 1492 notario
562 1423 700 1506 delicto,
717 1428 869 1494 citatione
884 1445 951 1495 non
971 1425 1151 1512 ptaemisse,
1171 1436 1220 1494 est
1233 1433 1337 1512 proce·

231 1567 243 1594 n
259 1539 415 1625 dendnm;
429 1542 504 1627 quia
516 1541 602 1608 forte
615 1543 765 1626 exceptio
775 1543 880 1630 alique
893 1560 1021 1609 causam
1033 1541 1183 1629 ejusdem
1193 1545 1335 1610 relevare

230 1656 319 1740 «ipsi
338 1657 504 1742 competit.
524 1683 537 1712 a

270 1773 302 1836 5.
327 1773 399 1838 Non
422 1779 532 1855 potest
553 1779 665 1839 tamen
684 1773 789 1859 judex
814 1775 848 1840 in
870 1777 998 1868 notorio
1020 1782 1193 1840 citationem
1216 1779 1258 1840 cd
1277 1793 1336 1839 ten

226 1869 350 1952 tentiam
370 1888 630 1973 pretermittere.
646 1891 771 1974 Deque
788 1893 931 1974 generali
946 1892 1060 1976 regula
1076 1891 1207 1957 dubitat
1223 1891 1334 1958 nulius.

228 1999 322 2089 (Vide
336 2002 635 2088 Schmalzgroeber,
653 2007 686 2070 in
705 2003 756 2071 tit.
784 2010 813 2084 i,
830 2007 905 2072 libri
922 2011 940 2072 5
956 2005 1063 2086 decr„
1083 2028 1116 2072 n.
1137 2003 1206 2092 ¹10.)
1226 2009 1338 2073 «Eroi-

229 2144 245 2174 κ
260 2120 350 2203 piton
367 2127 487 2198 tamen,
501 2121 546 2185 ait
556 2116 678 2186 ibidem
690 2121 808 2188 citatos
822 2131 947 2202 auctor,
961 2122 1091 2208 quando
1105 2135 1196 2189 mora
1209 2119 1337 2189 cederet

151 2258 160 2264 ·
232 2264 245 2289 «
260 2235 294 2300 in
308 2233 536 2321 'prejudicium
559 2235 759 2320 reipublicae,
779 2245 917 2321 propter
935 2237 1084 2304 sutorum
1098 2235 1337 2304 scandalumin

229 2375 244 2406 r<
258 2353 393 2436 populo;
415 2353 489 2438 quia
505 2357 586 2418 tnnc
600 2353 726 2418 ratione
747 2347 889 2420 scandali
905 2353 1029 2420 vitandi
1050 2349 1160 2438 potest
1175 2373 1253 2422 reus
1268 2373 1338 2421 con·

230 2467 414 2545 «domnam,
433 2468 530 2533 etiam
545 2469 612 2533 sine
629 2468 792 2533 citatione.
815 2469 895 2534 Nam
908 2468 953 2535 ad
968 2467 1139 2550 vitandum
1155 2467 1338 2536 scandalum

230 2609 244 2636 ιι
258 2583 292 2646 in
307 2581 382 2667 jure
397 2583 635 2666 permittuntur
651 2583 773 2661 muita,
790 2589 860 2668 quat
880 2559 957 2649 eliae
972 2578 1014 2648 de
1028 2583 1080 2648 sni
1096 2587 1217 2650 nattria
1232 2581 1339 2651 iilicite

230 2727 243 2752 «
258 2697 293 2764 et
308 2696 471 2783 prohibita
489 2701 577 2764 sunt.
593 2695 734 2783 Oportet
752 2707 862 2766 tamen
880 2701 942 2766 hoe
961 2705 1038 2766 ‘oasa
1053 2705 1183 2768 certam
1199 2721 1270 2768 esse
1287 2699 1339 2768 dei

230 2811 389 2892 ilicium,
412 2821 446 2879 et
468 2815 516 2880 ita
537 2814 690 2898 quidem,
711 2823 749 2880 nt
766 2815 862 2880 canui
890 2815 986 2882 etiam
1013 2822 1144 2882 'certum
1163 2817 1205 2882 sit
1222 2815 1340 2883 nullam

231 2946 316 2996 ereo
331 2929 556 2996 'defensionem
576 2937 775 3014 competere.
793 2959 806 2986 »
827 2916 848 2938 '¹

273 3039 333 3111 «c.
351 3042 456 3110 Etiam
469 3056 536 3111 non
552 3061 633 3129 opus
650 3045 749 3111 estin
770 3038 897 3113 notorio
914 3043 1046 3126 delicto,
1071 3053 1111 3112 ut
1131 3046 1237 3132 judex
1258 3047 1340 3114 feret

231 3159 449 3226 «sententiam
472 3157 769 3226 condemnatoriam
793 3159 964 3225 solemneter
989 3169 1019 3224 et
1043 3168 1076 3226 tn
1101 3167 1236 3244 scriptis.
1261 3162 1340 3244 Quia

228 3276 407 3361 «regulare
431 3279 491 3353 eat,
518 3276 607 3362 quod
629 3275 759 3361 quando
782 3273 886 3360 judex
904 3255 1055 3360 procedit
1078 3277 1148 3341 eine
1174 3263 1291 3344 ordine
1309 3283 1340 3342 et

228 3417 239 3448 c
255 3391 360 3476 figura
385 3390 518 3476 judicii,
546 3403 612 3456 non
637 3391 825 3477 requiretur
852 3391 941 3477 quod
968 3393 1128 3458 sententie
1156 3393 1339 3460 feraturin

229 3537 242 3562 «ι
256 3507 396 3591 seriptis.
410 3505 552 3573 Sufficiet
565 3525 644 3591 ergo
660 3507 821 3573 sententio
836 3526 902 3572 non
917 3506 1079 3586 solemnis,
1093 3515 1129 3573 et
1139 3504 1339 3593 pracceptum

174 3709 175 3712 Ἴ
227 3606 373 3709 ctudicts
395 3632 454 3691 teo
476 3640 606 3709 poenem
628 3625 816 3702 intimantis,
841 3625 902 3690 nisi
917 3631 1027 3690 tamen
1050 3642 1127 3691 rens
1140 3623 1176 3692 id
1196 3641 1271 3693 esee
1286 3641 1339 3693 no

228 3771 240 3794 «
255 3741 375 3806 tarium
390 3747 505 3825 neget3
522 3744 602 3806 tn'n'c
614 3742 700 3806 enim
716 3747 799 3825 opos
817 3739 904 3807 ioret
918 3741 1079 3808 sententia
1093 3743 1215 3808 notorii
1232 3743 1339 3810 decla·

228 3886 240 3909 «
255 3856 387 3923 racana.
401 3835 1337 3944 (eternesfinaltq.en.a.-2Ptrrhng',tnttt.t,1ibn5

225 3971 396 4052 ciceret,
408 3994 441 4039 n.
457 3975 589 4039 tatu-
599 3971 774 4053 Wieatnet,
789 3973 823 4038 in
838 3971 992 4039 eumdem
1006 3972 1073 4052 at,
1087 3993 1120 4038 n.
1136 3973 1340 4041 li.-iieii·

228 4118 241 4142 «ι
254 4085 416 4167 ienstuel,
433 4091 467 4156 in
483 4088 635 4154 eamdem
651 4089 801 4167 titulum,
818 4096 853 4154 n.
873 4086 963 4174 258.)
980 4088 1076 4154 Unde
1091 4091 1257 4165 contraria
1273 4106 1340 4158 een·

228 4205 367 4284 «tentia,
387 4221 458 4289 qne
479 4205 524 4270 ait
542 4205 577 4269 in
594 4206 729 4272 notoriis
744 4206 844 4271 etiam
865 4205 1027 4271 sententia
1046 4203 1264 4271 declaratcria
1279 4223 1339 4271 nan

229 4337 327 4385 «esee
348 4327 449 4404 opus,
475 4319 579 4386 coium
602 4319 753 4405 procedit
773 4319 908 4406 qnando
931 4318 985 4386 vel
1011 4327 1060 4386 cst
1078 4319 1246 4387 notorium
1260 4318 1339 4388 iacti

230 4438 487 4524 «permanentis,
506 4437 552 4504 ita
568 4445 605 4504 ut
620 4433 766 4523 quotidie
785 4456 915 4524 semper
930 4433 1031 4503 oculis
1042 4428 1216 4504 'hominum
1224 4437 1338 4507 dhaen-
