2878 5114
601 383 787 452 maranus
813 405 854 451 nn
876 407 1022 455 sumens.

771 696 860 758 vill.
931 747 934 754 .

398 947 554 998 nonnum
577 943 813 994 DBPIITATIONIS
837 943 1052 996 CANGIILLAIIII
1077 946 1224 995 nonnam.

302 1227 317 1264 n
336 1207 365 1280 N
369 1249 391 1279 .,
409 1204 573 1281 Episcopus
598 1203 636 1262 N.
654 1231 699 1244 -*
721 1197 847 1275 Nitrata,
871 1204 927 1259 eto.
949 1231 994 1247 ·-
1013 1200 1155 1260 Probitas
1175 1205 1202 1260 ot
1223 1199 1346 1260 idoneitas

254 1329 317 1399 ino,
337 1319 442 1400 auibus
463 1317 546 1396 apud
561 1319 623 1379 Nos
637 1315 700 1391 fido
713 1315 930 1375 oomnsendaris
946 1319 1125 1390 testimonio,
1143 1317 1203 1377 Nos
1224 1316 1345 1378 iniunt

251 1445 287 1500 ut
308 1437 414 1517 quibus
436 1447 593 1516 possamus
614 1433 769 1510 favoribus
790 1435 830 1492 Te
845 1435 976 1509 pratiase
996 1449 1220 1510 prosequamur.
1238 1435 1346 1512 Spemn-

253 1561 296 1616 tes
313 1557 409 1633 ipitur
426 1569 461 1612 ea
482 1569 547 1630 pota
572 1550 627 1611 tibi
645 1549 857 1609 committenda
880 1553 950 1608 sunt
974 1546 1108 1623 fideliter
1131 1555 1342 1628 eneqimtnmn,

250 1670 363 1730 ideireo
380 1671 573 1748 praesentiam
596 1671 696 1726 tenore
722 1667 761 1725 Te
783 1668 816 1724 in
837 1663 1050 1724 cancellarium
1070 1665 1261 1743 episcopatem
1281 1679 1346 1724 rem

250 1787 338 1848 rendi
349 1787 464 1847 domini
477 1785 506 1844 N
509 1831 530 1860 .,
546 1786 656 1843 vicarii
669 1784 772 1842 nostri·
781 1782 899 1859 foranei
913 1779 972 1840 Iooi
983 1783 1013 1843 N
1016 1827 1038 1856 .,
1053 1797 1089 1840 ao
1100 1784 1231 1860 cujusvis
1241 1781 1347 1842 alanus

245 1920 305 1982 pro
328 1907 455 1981 tempore
477 1901 646 1973 existentis,
670 1915 736 1956 anm
758 1894 928 1970 honoribus,
957 1895 1108 1970 oneribus,
1129 1896 1345 1976 privitepiis,et

250 2016 486 2095 exemptionibus
501 2015 599 2074 solitis
620 2019 649 2074 et
664 2014 827 2087 consuetis,
850 2012 892 2071 ad
907 2017 1043 2072 nostrum
1064 2011 1274 2094 beneplacitum
1291 2027 1345 2070 eat·

250 2135 404 2191 stituimus
418 2136 447 2190 et
458 2131 650 2210 deputamus·
665 2129 843 2190 mandantes
853 2127 896 2187 ad
906 2145 978 2204 qnos
989 2131 1115 2206 specim,
1131 2133 1168 2188 at
1183 2130 1261 2189 Teia
1273 2127 1345 2187 tuan

249 2245 377 2307 habeant
391 2253 420 2308 et
434 2252 652 2325 reeopnosaant.
668 2246 706 2307 In
716 2261 851 2326 quoram,
870 2248 926 2306 eta.
943 2245 1067 2320 Datum,
1088 2249 1145 2305 eto.
1161 2279 1206 2290 -
1220 2246 1270 2320 N.,
1285 2244 1345 2321 Epi·

248 2377 351 2441 soopus
380 2365 419 2426 N.
444 2396 479 2405 -
505 2363 560 2438 N.,
586 2361 783 2422 cancellarius
804 2359 992 2439 episcopatis.
1010 2377 1026 2414 n
1044 2357 1146 2420 -Et
1162 2362 1293 2439 ponatur
1312 2353 1346 2417 si·

248 2475 361 2558 gillam
376 2482 532 2541 consueto
548 2475 630 2542 loco.

777 2707 832 2770 III.

393 2957 548 3006 tonnano
570 2949 807 3005 DIIPU'I‘ATIONIS
832 2953 1041 3006 mommolus
1064 2955 1216 3006 meanis.

292 3211 366 3272 «N.
395 3209 559 3289 Episcopus
580 3211 619 3272 N.
639 3242 683 3254 -
708 3209 824 3270 Dilecto
844 3211 883 3271 N.
901 3243 947 3254 -
971 3207 1172 3286 Idoneitatis‚
1203 3205 1337 3288 probitatis
1413 3283 1414 3288 ἵ

247 3331 276 3387 et
291 3329 483 3406 experientia
497 3330 623 3402 merita,
642 3326 748 3404 quibus
773 3327 812 3386 Te
835 3325 973 3386 ornatum
992 3325 1211 3404 dipnosaimns‚
1234 3324 1289 3388 Nos
1304 3323 1338 3381 in·
1412 3367 1413 3370 η

199 3423 202 3429 ’
245 3441 358 3503 ducunt
374 3447 408 3502 ut
423 3423 542 3521 operam
558 3448 640 3502 tuam
662 3441 787 3502 libenter
804 3441 1013 3519 adhibeamus,
1034 3447 1189 3522 sperantes
1207 3441 1279 3521 qnod
1291 3451 1339 3517 qua

246 3557 316 3619 Tibi
330 3556 563 3634 mandabantur,
579 3562 608 3617 et
621 3557 685 3616 alia
697 3574 762 3636 qua
776 3563 826 3644 tna
836 3560 954 3618 muneri
968 3559 1103 3637 injuncta
1115 3563 1197 3635 sunt,
1212 3559 1286 3618 omni
1294 3551 1340 3629 fidi

244 3677 274 3731 et
308 3671 431 3731 solertia
457 3675 622 3749 exequeris.
655 3674 694 3735 Te
721 3675 818 3750 ipitur
845 3679 1071 3751 procuratorem
1098 3670 1231 3748 fiscalem
1252 3673 1340 3732 nostra

243 3791 345 3861 ouria,
365 3787 406 3847 ad
421 3787 634 3866 beneplacitum
652 3794 804 3864 nostram,
823 3805 890 3848 aum
908 3787 1079 3879 honoribus,
1097 3789 1244 3866 oneribus,
1261 3799 1339 3847 enom·

238 3903 405 3982 ptionibus,
424 3903 598 3983 priuitepiis
621 3910 650 3965 et
673 3905 879 3965 emolumentis
899 3906 999 3966 solitis
1020 3911 1049 3965 et
1072 3899 1339 3980 consuetissima

245 4023 356 4080 tuimus
377 4025 406 4080 et
429 4021 629 4100 ‹deputamus;
657 4021 835 4082 mandantes
864 4022 999 4083 omnibus
1022 4027 1133 4082 nostroe
1148 4017 1337 4102 jurisdictioni

242 4135 392 4216 subjectis,
415 4141 585 4214 catenisque
603 4136 644 4197 ad
662 4155 733 4216 quos
751 4141 882 4215 spectat,
904 4143 939 4226 nt
960 4137 999 4198 Te
1017 4139 1050 4197 in
1068 4134 1201 4212 fiscalem
1225 4137 1333 4197 astron

241 4252 435 4331 episcopatem
458 4259 631 4331 apnosoant,
659 4258 689 4313 et
708 4257 821 4332 quoties
840 4271 913 4333 opus
934 4255 1029 4332 poerit
1052 4253 1121 4314 Tibi
1140 4256 1287 4314 assistant.
1306 4245 1333 4307 It

240 4377 376 4444 quoram,
394 4373 449 4428 eta.
461 4370 584 4445 Datum,
599 4374 704 4429 eta-
714 4370 753 4431 N.
771 4367 934 4450 Episcopus
946 4369 985 4432 N.
1002 4404 1045 4415 -
1058 4368 1113 4446 N„
1125 4367 1330 4431 comitanus.»

240 4516 285 4528 -—
300 4481 341 4544 tn
357 4488 498 4562 ponatur
512 4481 652 4564 sigillum
669 4492 825 4548 consueto
840 4486 923 4556 Ioco.
