2930 5114
616 332 726 380 innan.

182 499 313 561 Episcopus
324 496 498 564 suspmtacjnt
513 508 604 562 tempus
622 499 834 563 indeterminatum,
845 502 894 552 siue
913 502 1063 554 determinate
1082 505 1110 554 ad
1125 507 1171 556 tale

182 591 282 645 tempus,
296 584 344 634 sire
354 585 423 636 etiam
432 582 470 648 (ut
478 585 630 646 probabiliter
643 585 756 636 sustineri
763 599 831 647 posse
841 587 944 650 uidetur)
950 589 975 636 in
984 597 1130 651 perpetuum.
1146 626 1152 642 .
1182 594 1232 642 554

147 667 349 731 proportiove
369 671 465 719 Certum
478 682 525 718 uon
540 678 584 731 est,
599 683 669 732 posse
685 670 826 732 Episcopum
843 686 871 720 ex
890 672 1015 724 informata
1028 678 1170 726 couscientia

179 753 321 817 suspendere
334 767 349 803 a
360 754 482 817 beneficio,
492 754 630 818 relprirsre
644 755 749 804 benedmi
764 755 887 808 bncdbus.
896 758 1037 820 (llemissire
1054 759 1084 808 ad
1098 771 1168 824 caput

180 840 301 903 sequens)
312 873 1155 899 ..........................
1185 847 1235 895 558

142 923 292 988 Proposits'o
306 925 359 973 Vl·.
379 926 485 974 Potestas
503 926 615 987 Episcopi
638 938 759 974 ascensum
780 925 810 974 ad
831 907 911 974 socrus
929 927 1023 977 ordines
1043 943 1071 978 ex
1093 929 1168 980 iuior-

178 1017 241 1059 mata
259 1010 401 1060 conscientia
419 1008 583 1072 interdicendi,
600 1010 751 1072 intelligenda
764 1011 833 1060 etiam
848 1017 884 1060 cst
901 1011 929 1060 de
948 1013 1030 1064 ordine
1048 1017 1165 1077 superiori

176 1096 272 1145 relative
290 1095 321 1144 sd
335 1109 397 1151 eunt,
412 1095 453 1157 quii
471 1093 578 1144 ordinem
600 1094 734 1144 inferiorem
749 1096 799 1158 jam
817 1096 921 1160 recepit;
945 1099 1009 1148 serbi
1032 1101 1116 1163 muna,
1137 1100 1176 1155 de,

176 1181 300 1230 diaconatu
311 1187 335 1229 ot
345 1181 507 1243 presbyteratu
519 1180 615 1229 relative
623 1180 653 1229 ad
663 1181 832 1230 subdiaconum
845 1217 1153 1236 ..........
1182 1186 1231 1234 558

144 1267 375 1329 propositurus.
399 1266 426 1314 ln
444 1263 546 1314 lerendis
564 1267 684 1314 sententiis
702 1281 730 1316 ex
752 1266 876 1316 informata
898 1268 1054 1330 conscientia,
1074 1270 1164 1320 licitum

175 1359 211 1400 est
220 1349 334 1414 Episcopo
348 1351 456 1400 omittere
468 1352 538 1400 etiam
546 1350 699 1401 formalitatos
708 1353 732 1400 iu
742 1353 870 1400 summario
877 1352 965 1415 judicio
975 1355 1129 1404 remesarius.
1145 1393 1151 1403 .
1181 1356 1230 1403 558

139 1436 289 1499 Propositio
300 1437 377 1484 Ι111111.
393 1437 420 1484 ln
434 1437 555 1485 sententiis
576 1450 603 1486 ex
626 1422 750 1486 in'iormata
767 1437 910 1486 conscientia
927 1444 1004 1500 potest
1021 1439 1162 1502 Episcopus,

175 1523 195 1568 si
209 1521 273 1582 uelit,
291 1521 442 1570 formalitates
461 1520 576 1568 ordinarii
593 1521 628 1568 val
647 1521 768 1569 summarii
784 1521 866 1582 judicii
882 1535 909 1570 er
924 1529 972 1570 toto
993 1523 1028 1570 uel
1047 1537 1074 1572 en
1095 1532 1161 1585 parte

173 1606 293 1666 adbibere,
305 1606 375 1655 modo
392 1607 416 1654 in
429 1605 524 1654 ferenda
542 1606 656 1654 sententia
668 1607 782 1667 exprimet
803 1621 828 1654 se
849 1619 919 1667 agere
938 1609 1018 1668 uigore
1040 1609 1123 1670 eapitis
1136 1613 1161 1670 l,

171 1691 282 1739 sessionis
301 1689 333 1738 tt
346 1690 475 1738 Tridentini
492 1689 584 1738 concilii
604 1723 1147 1744 .................
1176 1695 1226 1742 559

98 1776 176 1824 cal).
190 1776 231 1822 lv.
243 1775 377 1836 Peccantis,
387 1789 457 1838 quam
465 1775 552 1824 babent
564 1775 673 1837 Episcopi
687 1789 715 1822 er
723 1774 846 1823 informata
857 1777 998 1824 couscientia
1007 1777 1158 1838 procedendi,

133 1844 222 1910 limites
231 1861 393 1922 expenduntur
406 1895 1145 1912 .......................
1175 1865 1225 1914 540

136 1943 272 1994 Limitotio
287 1947 323 1992 pa,
338 1945 405 1993 Dicta
427 1951 530 2006 potestas
556 1950 602 1994 tota
624 1944 770 1994 concluditur
786 1946 810 1994 in
828 1946 865 1994 his
884 1945 998 1994 duobus:
1020 1946 1160 1996 interdicere
1227 1994 1230 2004 ,

169 2041 292 2077 ascensum
308 2029 338 2076 ad
354 2043 435 2079 sacros
449 2029 553 2094 ordines;
564 2038 587 2080 et
598 2032 741 2093 suspendere
751 2032 780 2080 ab
795 2032 878 2080 iisdem
894 2030 1026 2092 ordinibus,
1036 2044 1125 2082 amnon
1139 2047 1153 2081 a

166 2114 329 2176 dignitatibus,
340 2115 461 2177 gradibus,
473 2122 496 2164 et
513 2116 642 2165 bonoribus
654 2116 819 2166 ecclesiasticis
833 2149 1140 2168 ..........
1171 2121 1221 2170 540

136 2200 272 2248 limitatio
285 2201 321 2247 2¹.
336 2200 445 2262 Episcopi
459 2200 593 2261 prodictam
610 2207 746 2261 potestatem
761 2214 807 2250 uon
820 2202 914 2262 babent,
930 2201 975 2250 uisi
995 2200 1122 2263 procedant
1135 2204 1159 2252 iu

171 2285 268 2333 clericos
291 2290 419 2348 tanquam
439 2287 613 2350 delinquentes
639 2319 1145 2340 ................
1175 2290 1224 2338 548

134 2371 269 2419 limitatio
281 2372 318 2418 3¹.
334 2371 406 2420 Extra
424 2383 503 2418 casnm
527 2370 613 2418 occulti
634 2369 748 2431 oriminis,
762 2370 854 2418 ridetur
873 2370 1014 2431 Episcopum
1034 2383 1062 2418 ex
1083 2370 1157 2419 inior-
1234 2365 1236 2370 ’

168 2461 230 2502 mata
244 2455 387 2503 conscientie
406 2456 486 2503 illicite
506 2454 641 2517 procedere,
657 2453 749 2516 quando
767 2454 883 2504 sufficiens
898 2454 1011 2503 motivum
1023 2467 1070 2502 nou
1087 2455 1157 2503 bsbet

166 2553 180 2587 a
193 2537 268 2587 iorma
279 2539 397 2588 ordinaria
409 2539 535 2588 recedendi
538 2573 1137 2590 ...................
1174 2521 1223 2590 548

132 2623 267 2674 limitatio
285 2628 321 2672 ⁴¹.
335 2626 385 2672 Non
400 2624 516 2672 sufficiunt
531 2624 680 2685 probationes
693 2637 745 2685 quae
760 2624 805 2672 soli
819 2624 935 2684 Episcopo
948 2623 1038 2671 crimen
1055 2625 1156 2685 probare

166 2709 270 2771 ualeant;
287 2709 328 2758 sed
342 2710 495 2772 requiruntur
509 2723 541 2758 eae
555 2723 606 2771 quae
626 2715 685 2771 aptae
706 2708 753 2756 siut
766 2707 796 2756 ad
813 2707 959 2770 probandum
983 2707 1071 2756 crimen
1093 2709 1154 2770 opud

166 2795 261 2843 Sacram
274 2795 485 2858 congregationem
498 2793 596 2842 Concilii
601 2826 1139 2844 .................
1172 2795 1221 2843 546

133 2879 266 2930 limitatio
287 2881 322 2928 5¹.
338 2880 424 2942 Nequit
437 2880 569 2942 Episcopus
583 2877 751 2927 ordinationem
766 2878 927 2940 obsquajustu
943 2890 1013 2926 censa
1030 2891 1154 2943 recusare;

166 2972 189 3014 et
201 2979 215 3012 a
229 2965 375 3014 recusatione
386 2971 450 3026 putet
461 2977 555 3026 semper
569 2962 599 3012 ad
614 2965 700 3024 Papum
715 2975 842 3012 recursus.
864 2999 870 3012 .
897 2997 904 3013 .
930 2969 938 3014 ζ
964 2997 1137 3020 ......
1171 2967 1221 3016 560

133 3050 267 3100 Limitmio
286 3051 323 3098 6¹.
347 3051 453 3100 Potestas
474 3049 616 3112 episcopalis
634 3048 731 3097 clericos
750 3061 777 3096 ex
795 3047 919 3096 intormem
939 3050 1079 3100 conscientia
1099 3065 1153 3100 sus-

165 3134 281 3198 pendendi
295 3136 446 3198 probabiliter
458 3148 503 3184 non
520 3134 651 3184 extenditur
664 3133 693 3182 ad
710 3131 995 3194 priuationem'beueficii‚
1009 3133 1051 3184 scd
1064 3141 1156 3185 mutum

164 3221 194 3268 ad
208 3221 360 3283 privationem
374 3221 442 3270 officii
455 3221 492 3270 cui
506 3221 636 3268 annectitur
647 3217 786 3268 heneficium
791 3251 937 3270 .....
937 3279 940 3285 7
961 3252 1141 3272 ......
1170 3224 1186 3269 5
1188 3223 1219 3272 64

97 3307 164 3356 Gall).
184 3305 212 3354 V.
229 3306 289 3364 Quid
303 3307 432 3356 catholicus
449 3306 547 3369 quisque
561 3304 643 3354 debeat
659 3310 699 3353 aut
716 3305 780 3354 licite
802 3305 877 3368 possit
890 3306 975 3354 sentire
990 3313 1012 3354 ct
1026 3307 1152 3370 sustinere,

131 3391 160 3439 de
168 3390 300 3440 introducta
311 3393 355 3442 bac
366 3391 531 3440 alrideutinis
545 3391 654 3440 Patribus
664 3390 829 3438 sententiarum
839 3403 866 3439 ex
876 3388 999 3440 iuiornratu
1010 3391 1154 3442 contuentia

130 3475 271 3540 disciplina?
295 3508 1138 3528 ..........................
1167 3477 1217 3526 559

132 3559 270 3610 Coniutatur
281 3575 348 3612 error
360 3562 455 3625 quidam
468 3561 583 3624 Bolgeuii,
597 3573 687 3611 necnon
701 3574 768 3610 error
778 3560 899 3622 oppositus
912 3559 1020 3610 hodierni
1030 3560 1152 3622 cujusdam

163 3647 265 3696 auctoris
268 3676 1140 3702 ...........................
1170 3649 1220 3696 560

95 3729 237 3780 Ιιὼιοοιίο
250 3732 291 3780 lv.
306 3733 393 3780 ltorma
401 3745 528 3794 processus
538 3731 666 3782 criminalis
680 3738 761 3780 contra
775 3730 907 3780 hereticam
924 3730 1061 3791 pravitatem
1075 3730 1152 3793 iuqui-

130 3821 209 3870 sitioni
224 3834 265 3869 seu
279 3821 352 3868 sancti
366 3817 434 3870 oflicii
450 3821 607 3870 tribunalibus
619 3820 716 3882 proprie
729 3850 1136 3870 .............
1167 3820 1217 3869 566

131 3906 142 3968 5
157 3907 180 3955 1.
196 3907 230 3955 lta
243 3905 399 3954 tribunalibus
409 3906 484 3954 suncti
496 3905 573 3966 officii,
586 3919 628 3954 seu
641 3902 799 3966 inquisitionis
813 3910 894 3950 contre
904 3902 1036 3952 hereticam
1045 3903 1149 3963 prauita-

164 3999 219 4051 tem‚
234 3991 297 4038 notio
311 3991 411 4052 praeuia.
428 4027 435 4041 .
459 4025 468 4046 ,.
494 4022 1136 4046 ....................
1167 3991 1216 4039 566

163 4078 182 4124 l.
198 4077 303 4134 Quonam
315 4089 386 4126 sensu
398 4090 443 4126 ron
456 4069 671 4133 luontsmlonls
684 4074 723 4124 hic
736 4071 887 4134 intelligenda
899 4073 931 4122 sit
936 4107 1135 4124 .......
1166 4076 1215 4124 566

161 4162 195 4212 ll.
213 4163 248 4212 lte
270 4160 357 4223 duplici
378 4160 542 4224 inquisitorum
563 4172 640 4221 specto
659 4188 1134 4210 ...............
1164 4161 1214 4209 566

161 4247 205 4295 111.
220 4248 254 4296 lle
272 4247 361 4308 origine
381 4245 493 4309 delegate
514 4244 671 4310 inquisitionis
692 4269 1128 4296 ..............
1165 4247 1214 4294 561

161 4331 202 4380 lll.
217 4332 252 4380 lie
264 4332 430 4395 prolongatione
444 4332 554 4393 delegate
566 4329 723 4393 inquisitionis
742 4341 783 4390 per
796 4329 862 4378 orbis
875 4327 1029 4391 provincias.
1055 4363 1063 4378 .
1088 4364 1096 4380 .
1123 4365 1130 4385 .
1162 4332 1211 4380 3⁷2
1283 4325 1289 4336 '

123 4415 179 4478 3¹¹·
191 4415 289 4475 Quinam
301 4417 507 4482 siutinquisitores
516 4415 638 4476 ordinarii,
648 4423 709 4465 etan
721 4415 789 4464 etiam
800 4415 844 4477 ipsi
857 4427 949 4464 seruare
961 4421 1081 4462 teneantur
1090 4428 1146 4478 pro-
