2948 5126
260 323 302 386 68
608 335 796 384 rmcrnrus
819 339 863 384 ns
885 337 1033 402 sumens.

258 470 455 550 «requirnnt,
475 465 526 527 sed
541 465 637 526 sotum
647 469 833 528 constituunt
846 468 1051 547 differentiam
1064 465 1251 545 supertitiose
1262 463 1361 544 proin
1450 477 1451 542 j

259 604 276 643 a
292 563 415 646 tiones
437 579 532 668 (Loco
559 580 628 667 cit„
651 601 684 646 n.
703 580 772 665 64.)

299 697 392 764 Idem
412 696 500 782 quod
523 682 712 780 Fagnanus,
738 705 880 762 testatur
901 698 1028 762 Lessius
1047 697 1095 786 (de
1108 701 1182 760 Jnre
1195 699 1360 778 etjnstttto,

253 815 312 882 lib.
331 817 362 894 2,
383 835 412 880 c.
435 816 489 891 20,
505 831 538 877 n.
566 813 652 894 121),
674 814 885 896 quaestionem
909 815 1009 897 ipsam
1029 833 1070 879 ex
1093 811 1240 898 professo
1256 813 1299 876 sic
1314 831 1364 875 er·
1450 795 1451 820 ³

254 931 426 1016 pendensi:
448 953 464 992 a
481 930 600 994 Utrum
616 926 658 994 ad
674 929 914 1013 inquisitionem
934 931 1106 1013 specialem
1122 948 1254 994 necesse
1271 929 1310 993 sit
1323 928 1365 991 in-

257 1069 274 1108 «
290 1046 422 1111 famiam
438 1041 653 1129 precedere?
672 1043 888 1126 Respondeo:
907 1046 1093 1110 communis·
1107 1044 1282 1110 doctorum
1302 1063 1366 1108 sen·

256 1184 273 1224 a
289 1163 390 1228 tentia
420 1168 487 1238 est,
523 1168 560 1225 ut
595 1158 700 1244 judex
739 1161 839 1242 possit
876 1169 990 1226 contra
1026 1161 1166 1246 aliquem
1203 1161 1365 1225 instituere

256 1265 527 1362 «inquisitionem
554 1275 747 1359 specialem,
772 1274 963 1342 tendentem
980 1277 1022 1343 ad
1042 1278 1243 1361 punitionem
1268 1275 1366 1342 crimi-

256 1379 276 1454 ει
290 1411 385 1472 num,
409 1390 530 1482 dehere
558 1390 747 1476 praecedere
762 1392 902 1476 aliquam
924 1393 1087 1458 infamiam
1110 1393 1262 1458 auctoris.
1289 1392 1364 1456 Dico
1449 1483 1450 1486 Ἴ

254 1513 457 1596 «tendentem
479 1511 520 1573 ad
533 1516 746 1591 punitionem:
763 1511 837 1593 quia
856 1508 899 1575 ad
919 1507 1038 1574 malum
1058 1507 1316 1593 impediendum,
1333 1515 1366 1572 ut
1449 1505 1450 1510 ’

256 1647 273 1688 «
290 1626 419 1710 quando
438 1626 544 1709 agitur
560 1623 602 1692 de
619 1623 852 1691 beneficiorum
868 1633 901 1690 et
917 1625 1095 1692 officiorum
1111 1625 1301 1702 collatione,
1319 1623 1366 1687 vel

255 1731 277 1803 a
293 1739 335 1807 de
349 1741 552 1806 matrimonio
570 1740 802 1818 contrahendo,
818 1741 944 1806 licitum
961 1749 1013 1806 est
1032 1742 1198 1826 inquirere
1213 1739 1256 1806 de
1271 1743 1367 1823 impc-

256 1881 272 1920 ι(
292 1857 443 1922 dimentis
462 1858 516 1923 vel
533 1856 662 1923 delictis
674 1877 886 1941 personarum
901 1857 1159 1940 particularium,
1179 1861 1240 1924 etsi
1266 1857 1367 1923 nullus

256 1995 272 2034 a
291 1970 332 2037 de
345 1972 410 2037 illis
419 1971 461 2038 sit
473 1991 626 2037 rumor...
642 1971 772 2037 Debent
783 1981 892 2039 tamen
907 1976 1133 2039 tunccrimina
1148 1973 1368 2058 superioribus

256 2111 272 2152 a
291 2091 410 2172 aperiri
424 2096 561 2165 secreto,
575 2096 609 2154 et
623 2106 719 2172 quam
735 2091 866 2154 minima
880 2089 954 2155 fieri
967 2097 1075 2174 potest
1090 2090 1181 2156 famae
1198 2091 1339 2157 laesione.
1354 2117 1366 2150 a

296 2207 447 2269 Probatur
466 2207 513 2283 3⁰,
536 2205 706 2267 rationibus
727 2207 810 2286 apud
827 2189 960 2268 doctores
973 2212 1006 2269 in
1020 2207 1280 2296 confirmationem
1290 2213 1370 2290 juris
1450 2185 1451 2226 ³

252 2325 378 2403 postttm‘
395 2322 506 2383 adduct
517 2315 629 2383 sotitts.
648 2357 692 2366 -
711 2341 727 2380 u
739 2319 832 2385 Ratio
841 2325 891 2384 est
901 2322 975 2405 quia
987 2319 1100 2405 judex,
1116 2320 1247 2406 quando
1264 2322 1308 2387 ad
1319 2343 1372 2408 pu·

257 2459 273 2500 a
291 2437 447 2502 uitionem
466 2433 635 2499 criminum
649 2433 810 2517 procedit,
832 2433 931 2501 debet
944 2455 985 2501 ex
1005 2437 1138 2502 scicntia
1150 2437 1284 2521 publiea
1299 2456 1370 2522 pro·

256 2577 273 2618 a
289 2551 408 2618 cedere
424 2573 431 2617 :
449 2550 584 2616 scientia
600 2557 707 2615 autem
721 2550 851 2634 publica
870 2560 930 2630 est,
953 2572 1024 2637 quae
1045 2552 1186 2619 habetur
1200 2574 1265 2638 per
1282 2575 1371 2620 accu-

254 2695 271 2735 «
289 2670 455 2756 sationem,
470 2669 524 2735 vel
538 2667 770 2734 confessionem
785 2669 844 2735 Rei
858 2670 892 2733 in
906 2667 1040 2754 judicio,
1055 2672 1108 2737 vel
1119 2690 1180 2756 per
1191 2672 1366 2748 infamiam,

255 2795 347 2871 caut
365 2804 424 2868 per
454 2783 533 2848 facti
559 2782 756 2848 evidentiam
771 2785 805 2847 in
825 2794 1002 2868 conspectu
1025 2784 1141 2870 judicis
1163 2796 1197 2853 et
1218 2789 1366 2855 aliorum.

257 2899 528 2968 «confirmaturz
558 2880 770 2982 quia'merito
795 2900 931 2984 quisque
957 2908 1065 2985 posset
1089 2905 1183 2987 queri
1207 2903 1270 2969 sibi
1300 2905 1371 2970 fieri
1449 2973 1450 2990 ,

256 3017 451 3102 «injuriam,
487 3014 572 3078 siin
597 3014 696 3078 vitam
723 3013 794 3098 ejus
830 3011 970 3099 juridice
1009 3018 1241 3103 inquireretur,
1279 3021 1370 3107 cujus

256 3158 273 3198 a
287 3133 372 3198 fama
398 3129 540 3213 alioquin
560 3136 609 3194 est
633 3129 785 3212 integra:
809 3149 883 3194 nam
913 3150 974 3214 per
997 3134 1097 3198 talem
1131 3137 1370 3220 inquisitionem

256 3245 272 3314 a
289 3248 441 3317 redditur
455 3253 659 3330 suspectus.»
677 3245 825 3334 (Loesius,
845 3251 882 3311 de
895 3251 969 3312 dure
982 3258 1011 3313 et
1019 3256 1157 3333 justitio,
1173 3253 1195 3318 l.
1216 3255 1248 3332 2,
1268 3275 1298 3320 o.
1314 3257 1368 3332 29,

253 3389 286 3434 n.
307 3361 394 3450 122.)

294 3485 446 3550 Probatur
457 3479 504 3561 4⁰,
523 3497 562 3543 ec
568 3485 641 3562 Jnre
653 3481 800 3544 notmott.
813 3517 858 3549 -.-
869 3481 1022 3561 Quamvis
1036 3483 1121 3549 enim
1134 3483 1288 3567 probatio
1305 3485 1372 3552 lraec

251 3621 293 3668 ex
302 3599 376 3685 jure
391 3596 532 3662 naturali
551 3594 695 3661 deducta
710 3597 855 3678 rigoroso
872 3598 1001 3675 nonsit,
1022 3605 1137 3683 utpote
1153 3600 1241 3685 apud
1259 3601 1372 3669 docto

251 3739 304 3786 res
318 3718 528 3780 controversa
543 3689 577 3778 et
591 3712 698 3776 minus
710 3720 853 3798 recepta,
867 3720 976 3780 tamen
989 3714 1136 3780 illicitum
1153 3725 1282 3784 nonest
1298 3739 1371 3785 eam

250 3833 422 3901 sustinere.
439 3827 552 3893 Potest
570 3821 680 3892 autem
696 3826 758 3892 hoe
783 3846 879 3892 sensu
894 3827 1029 3895 defendi
1046 3852 1054 3896 ε
1073 3835 1143 3896 Ntst
1164 3825 1310 3904 delictum
1324 3856 1372 3900 oc-

248 3953 360 4014 cultum
375 3951 480 4026 onput
501 3949 534 4007 tn
553 3943 695 4006 damnum
712 3949 934 4007 communitatis
960 3953 1014 4008 ont
1031 3954 1181 4029 proximi,
1206 3970 1266 4014 non
1283 3955 1371 4016 debet

240 4043 599 4150 judicialiterinqniriod
602 4077 734 4139 poenom,
746 4064 865 4122 etiamsi
874 4064 1027 4143 injudicio
1031 4065 1159 4146 probum·
1162 4069 1272 4146 possit.
1283 4067 1370 4132 Nam

246 4180 319 4266 jure
327 4174 466 4242 naturali
479 4170 671 4256 prohibetur
689 4192 731 4237 ne
750 4174 803 4237 oui
815 4167 935 4258 injuria
946 4195 1007 4261 per
1023 4175 1114 4242 famae
1135 4177 1304 4246 laesionem
1320 4183 1371 4249 in·

247 4295 384 4370 feratur,
399 4292 460 4355 nisi
470 4288 592 4354 bonum
606 4287 852 4369 communitatis,
869 4290 957 4374 quod
969 4293 1104 4377 quisque
1114 4301 1250 4360 tenetur
1264 4287 1369 4364 etiam
