2878 5114
470 345 549 391 PARS
571 345 729 392 smmum.

342 811 451 860 Formata
464 824 508 872 pro
520 809 622 860 ermndo
633 811 684 860 siu
697 824 753 860 vose
766 813 865 862 nautio.

106 1045 168 1104 «lu
178 1049 278 1106 vestra
295 1048 439 1122 tanquam
457 1047 579 1104 testium
591 1045 634 1106 ad
654 1044 688 1106 id
709 1045 881 1124 specialiter
894 1052 1066 1126 reputatum
1081 1067 1163 1128 pru·

65 1163 159 1238 uuita,
185 1159 262 1222 iate
276 1163 316 1224 N.
337 1163 377 1224 Ν.
394 1165 427 1224 iu
443 1165 597 1224 molarium
617 1161 770 1241 partuum
784 1179 929 1240 creamus,
955 1171 1089 1228 meatum
1107 1184 1164 1245 pm

64 1280 185 1338 actuario
199 1279 388 1357 deputamus,
419 1281 504 1356 eiam
517 1281 726 1357 jurameutum
750 1279 788 1340 de
814 1278 912 1356 officio
934 1278 1067 1355 fideliter
1098 1299 1165 1344 eae·

63 1393 165 1468 ruendo
182 1397 373 1473 impouimas.
396 1423 407 1442 ι·

99 1505 245 1572 Notarius
258 1513 369 1572 autem
384 1507 472 1572 illico
486 1509 520 1572 iu
535 1510 705 1591 prasentia
721 1509 912 1576 eorumdem
929 1511 1061 1578 testium
1074 1511 1164 1596 jure·

63 1626 195 1685 mentum
210 1621 369 1705 deponet,
388 1621 511 1700 dicens,
530 1623 624 1690 verbi
642 1625 745 1707 gratia
764 1647 772 1690 :

103 1740 193 1819 «Epo
209 1743 249 1803 N.
265 1742 338 1803 aD.
355 1743 393 1804 N.
410 1743 557 1822 Episoopo
572 1744 611 1804 N.
628 1746 766 1804 rotarius
780 1744 921 1822 patruus
940 1751 1069 1821 oreatus,
1093 1763 1165 1825 pro-

61 1858 148 1934 uitio,
162 1859 293 1936 spondeo
303 1865 332 1920 et
337 1862 424 1938 juro,
440 1877 486 1920 me
495 1859 627 1938 officium
637 1861 716 1939 quod
728 1864 843 1940 uiseepi
853 1859 985 1936 fideliter
995 1869 1025 1924 et
1035 1866 1160 1939 sineere,

60 1979 191 2048 quautmu
204 1979 241 2036 iu
259 1993 305 2036 me
324 1982 380 2053 est,
399 1983 592 2038 maeatarum
609 1983 639 2038 at
651 1977 869 2057 impleturam·
882 1997 936 2040 nee
955 1979 1118 2059 quidquam
1131 1983 1166 2042 iu

60 2102 96 2162 eo,
112 2088 214 2166 favore
232 2095 286 2150 aut
299 2086 402 2170 piatio
418 2089 561 2168 humana,
579 2096 741 2169 arturum
755 2096 800 2152 ste
826 2111 873 2154 me
887 2095 967 2156 Deus
991 2095 1113 2174 adjuvet
1135 2099 1166 2154 et

60 2199 113 2262 tue
125 2212 232 2267 sauata
246 2207 303 2268 Dei
316 2207 483 2286 euaapetia.
506 2236 517 2258 ·

590 2460 631 2524 ΙΙ.
655 2501 664 2510 -

266 2683 375 2732 formula
388 2695 431 2744 pra
444 2681 544 2730 creando
557 2682 648 2730 neuris
662 2695 705 2744 per
718 2682 846 2744 pstenmles
863 2681 963 2730 litteras.

101 2893 187 2999 ·N.‘,
207 2921 374 3000 Episcopus
393 2922 432 2982 N.
455 2955 501 2966 -
521 2920 637 2981 Dilecto
654 2917 762 2994 fitia...
779 2953 824 2964 -
844 2919 919 2979 Cum
941 2920 1013 2978 vitre
1036 2923 1095 2977 tua
1115 2915 1169 2977 im-

57 3042 167 3116 ustos,
196 3055 315 3098 morum
338 3037 491 3118 probitas,
512 3033 605 3112 ficies,
633 3035 794 3114 diiipeutia
817 3041 905 3114 atque
924 3033 1068 3095 habilitas
1086 3031 1168 3113 apud

56 3169 104 3212 uos
124 3155 294 3235 multiplici
315 3153 555 3214 commendentur
578 3153 759 3228 testimonio,
786 3149 894 3211 horum
915 3149 1098 3229 qualitatum
1120 3153 1168 3210 iu-

58 3274 146 3348 tuitu,
167 3278 271 3333 teuore
286 3267 497 3350 praeseutiuui,
519 3272 700 3329 auctoritate
718 3269 829 3330 Nostra
851 3267 1025 3344 ordinaria,
1043 3272 1073 3327 et
1087 3270 1170 3328 omui

56 3387 112 3448 aiio
125 3390 248 3449 rueiiori
259 3388 345 3448 ruodo
355 3404 413 3466 quo
425 3404 591 3466 possumus,
610 3387 635 3447 T
633 3403 649 3446 e
660 3389 693 3445 iu
702 3384 857 3464 publicum
868 3387 1019 3445 uotarium
1030 3383 1169 3463 eiiptmus

56 3508 81 3562 et
101 3505 283 3586 deputamus
300 3501 337 3586 (si
353 3471 522 3566 Nefarium
551 3517 612 3582 pro
632 3497 727 3562 unica
751 3495 923 3562 dumtaxat
940 3516 1035 3562 eausa
1063 3505 1165 3575 creet,

56 3613 88 3681 id
100 3617 145 3683 ibi
158 3619 376 3701 exprimatur,
398 3624 433 3681 et
450 3633 521 3700 quas
545 3605 730 3700 seq'uuntur
744 3615 977 3679 convenienter
989 3629 1170 3677 accommo-

56 3730 203 3818 dentur);
217 3753 284 3795 rum
294 3736 441 3814 seruitute
451 3738 592 3796 uniuersa
606 3739 635 3794 et
648 3732 769 3812 siupuio
786 3733 896 3811 apeudi
907 3737 936 3791 et
946 3731 1091 3809 faciendi,
1107 3735 1170 3791 tam

56 3853 86 3911 iu
110 3870 181 3913 vore
203 3869 294 3930 quam
305 3856 339 3913 iu
353 3853 487 3930 scriptis,
506 3867 571 3929 quae
593 3854 740 3929 pererret
757 3848 856 3926 faeere
871 3852 999 3927 possunt
1017 3852 1048 3907 et
1065 3847 1171 3908 debent

56 3973 169 4030 notarii
180 3968 298 4048 publici
311 3970 491 4028 auctoritate
506 3965 704 4026 ecclesiastiea
715 3969 809 4025 creati
821 3983 831 4023 :
848 3967 894 4025 ita
908 3969 944 4024 ut
959 3965 1019 4024 tuis
1032 3967 1166 4044 seriptis,

57 4089 115 4144 tam
123 4086 259 4165 publicis
271 4103 359 4163 qrmru
370 4087 515 4163 privatis,
527 4079 774 4158 duruuteoffieio,
784 4085 880 4142 omuis
888 4079 965 4158 fides
976 4085 1009 4142 iu
1015 4082 1129 4160 judicio
1142 4085 1172 4140 et

55 4207 144 4262 extra
155 4199 348 4262 adhibeatur.
368 4200 411 4262 Ae
425 4205 546 4279 iusuper
559 4216 625 4259 eum
643 4198 780 4258 omuibus
801 4203 831 4258 et
851 4198 981 4277 siuputis
998 4196 1173 4276 priuilepiis

56 4314 219 4378 honoribus
241 4323 271 4378 et
284 4315 500 4393 emolumentis,
516 4315 633 4394 quilius,
651 4319 713 4375 tom
729 4313 766 4374 de
779 4316 853 4393 jure
866 4331 955 4392 quoru
970 4313 1007 4374 de
1023 4317 1174 4373 consuetu·

56 4433 137 4511 diue,
156 4436 274 4495 uotarii
288 4433 433 4514 ejusmodi
446 4435 494 4493 uti
508 4438 542 4492 ‘et
561 4431 690 4512 paudere
704 4429 799 4492 soleat
812 4435 841 4490 et
855 4429 962 4491 ueoeu
975 4447 985 4488 .·
999 4428 1176 4490 ruaudautes
