2838 5114
214 295 279 358 392
303 353 311 360 ,,
454 361 456 364 ,
554 311 742 362 morarus
764 313 808 360 on
830 310 978 359 runicus

216 456 232 494 a
249 435 393 500 noscitur
408 439 643 502 attentatum...
660 437 851 520 investigari
868 434 1019 498 volumus
1032 430 1210 516 diligenter
1220 430 1308 514 hujus

215 574 232 611 u
248 550 336 615 modi
354 551 516 615 scelerum
533 561 725 636 patratores,
747 561 782 619 et
799 572 860 636 per
876 550 1025 616 officiales
1040 555 1181 629 nostros,
1198 550 1271 614 sicut
1284 559 1309 614 ct

216 691 232 727 a
250 669 329 732 alios
353 666 578 732 malefactores
600 669 733 753 inquiri3
750 687 787 732 ac
812 668 1017 752 inquisitione
1050 672 1180 731 notatos
1211 685 1228 728 a
1249 666 1311 729 viris

217 807 233 844 u
248 782 473 849 ecclesiasticis
492 793 526 849 et
552 783 697 848 Praelatis
723 785 899 849 examinari
911 782 1088 868 jubemus:
1109 802 1171 865 per
1198 801 1271 868 quos
1292 783 1312 845 si

219 925 234 962 a
248 902 374 967 inventi
389 901 543 966 fuerinta
562 899 627 967 fide
646 902 814 980 catholica,
833 902 946 966 saltem
965 903 998 965 in
1013 900 1164 976 articulo,
1183 899 1310 976 deviare,

216 1041 232 1078 a
249 1017 286 1082 a‘c
302 1036 362 1100 per
374 1018 459 1099 ipsos
474 1018 626 1100 pastorali
639 1035 729 1084 more
747 1019 942 1094 commoniti,
964 1016 1130 1082 tenebrosi
1146 1015 1260 1080 diaboli
1273 1035 1314 1079 rc-

217 1155 233 1192 «
249 1132 335 1197 lictis
353 1129 475 1196 insidiis
499 1131 663 1197 noluerint
682 1151 856 1214 agnoscere
873 1133 979 1196 Deum
1003 1130 1094 1205 lucis,
1118 1128 1179 1194 sed
1194 1130 1226 1192 in
1241 1148 1316 1193 erro·

219 1249 290 1312 cris
308 1255 464 1330 concepta
484 1248 634 1312 instantia
660 1254 889 1331 perseverent,
917 1247 1085 1328 praesentis
1107 1251 1225 1309 nostrae
1249 1243 1316 1326 legis

219 1387 235 1425 u
254 1362 360 1431 edicto
381 1360 561 1440 damnatos,
581 1369 720 1428 mortem
743 1364 811 1446 pati
833 1363 1020 1440 Petarenos,
1040 1361 1183 1445 aliosque
1207 1360 1316 1425 haereti-

220 1501 237 1542 c
255 1497 320 1556 cos,
340 1497 543 1563 quocumque
557 1479 686 1544 nomine
702 1487 908 1555 censeantur,
928 1476 1150 1554 decernimus,
1169 1484 1207 1540 ut
1220 1477 1280 1540 vivi
1291 1478 1317 1539 iu

220 1619 234 1654 a
251 1601 432 1680 conspectu
453 1595 618 1660 homiuum
639 1594 915 1662 comburantur.»
939 1595 986 1680 (lu
1003 1593 1141 1659 bullario
1165 1598 1319 1658 Dominici-

217 1733 334 1789 corum,
350 1719 429 1777 tom.
451 1716 483 1790 l,
502 1731 577 1796 pag.
597 1710 686 1795 126.)

267 1852 283 1890 u
302 1828 519 1896 statuimus...
541 1835 578 1892 ut
594 1828 747 1906 haeretici,
763 1845 967 1913 quartamque
986 1828 1115 1893 nominc
1128 1835 1318 1904 censeantur,

222 1967 237 2004 a
253 1943 452 2028 ubicumque
471 1963 532 2026 per
546 1943 719 2028 imperium
738 1943 882 2008 damnati
903 1943 1027 2008 inerint
1051 1945 1092 2009 ab
1119 1944 1269 2022 Ecclesia,
1294 1951 1320 2007 ct

224 2087 236 2116 v
258 2060 403 2124 saeculari
416 2058 539 2142 judicio
551 2061 711 2142 assignati,
724 2057 1004 2124 animadversione
1020 2057 1132 2124 debita
1147 2061 1319 2142 puniantur.

225 2175 288 2239 «Si
316 2177 371 2259 qui
401 2194 481 2240 vero
503 2173 747 2260 dc'praedictis‚
769 2183 937 2260 postquam
965 2175 1088 2239 fuerint
1117 2173 1319 2257 deprehensi,
1398 2253 1399 2256 Ἴ

226 2315 242 2354 «
258 2291 365 2357 territi
375 2298 465 2356 metu
478 2291 603 2368 mortio,
616 2289 725 2356 redire
737 2291 899 2356 voluerint
914 2290 956 2356 ad
972 2289 1049 2356 fidei
1064 2292 1233 2369 unitatem,
1243 2291 1322 2375 juxta
1398 2287 1400 2334 ἓ

226 2431 243 2470 «
261 2406 1082 2491 canonicassanctionesadagendumpoenitcntiam,
1094 2408 1321 2492 inperpetuum
1400 2495 1401 2498 Ἴ

228 2549 244 2588 v
261 2543 425 2592 carcerem
440 2521 701 2588 detrudantur...
719 2523 831 2588 Mortis
845 2524 1012 2588 sententiaa
1022 2522 1174 2588 ducimus
1186 2523 1323 2590 addicen-
1400 2511 1401 2514 ¹

230 2667 245 2703 a
264 2640 334 2719 dos,
358 2642 385 2706 si
401 2659 481 2726 quos
496 2639 723 2705 hereticorum
738 2637 951 2723 adjudicium
974 2645 1107 2718 tractos,
1130 2641 1164 2704 in
1186 2648 1323 2705 extreme

230 2782 246 2817 u
265 2758 336 2822 vitae
354 2756 501 2840 periculo
514 2755 659 2820 haeresim
680 2753 876 2838 abjurantes,
895 2753 1145 2837 postmodum...
1167 2774 1223 2820 eos
1242 2755 1325 2820 conti·

232 2875 346 2958 «gerit
374 2871 522 2956 ejusdem
552 2870 658 2936 morbi
682 2877 892 2954 spontaneam
924 2869 1092 2935 incurrere
1120 2871 1323 2988 recidiqam...

233 3014 248 3049 u
267 2990 369 3057 Omne
385 2990 518 3072 insuper
532 2987 791 3072 proclamationis
805 2995 840 3052 et
853 2986 1076 3070 appellationis
1092 2987 1284 3054 beneficium
1295 2988 1326 3053 ab

233 3105 434 3180 «hereticis,
459 3104 721 3187 receptatoribus
740 3110 774 3168 et
790 3101 971 3168 fautoribus
993 3103 1195 3182 corumdem,
1213 3107 1327 3188 penitas

235 3239 464 3287 «amovemus.
482 3243 497 3280 a
516 3220 565 3306 (In
577 3218 713 3284 bullario
728 3224 1001 3296 Dominicoucroru,
1017 3224 1098 3285 tona.
1120 3223 1148 3296 l,
1165 3216 1324 3306 pugili.)

233 3338 344 3402 Citatae
367 3337 456 3418 leges
476 3356 495 3399 a
512 3335 677 3402 Friderico
704 3336 899 3419 imperatore
924 3334 1021 3399 editae
1040 3344 1117 3400 sunt
1135 3338 1267 3416 Patavii,
1285 3336 1326 3401 die

234 3455 277 3517 22
292 3451 448 3517 februarii
465 3454 559 3516 1224.

280 3571 312 3634 3.
343 3573 509 3633 Promisso
540 3571 710 3650 imperiales
740 3575 844 3630 ccclrc
874 3569 1025 3631 haercticos
1046 3576 1230 3649 sanctiones,
1257 3571 1327 3634 Sedis

235 3690 411 3770 Apostolicoe
435 3692 613 3750 auctoritate
631 3686 761 3762 firmato
778 3688 917 3766 fueruat,
937 3694 966 3748 ct
981 3692 1014 3750 iu
1031 3691 1197 3767 pecoralem
1222 3692 1325 3770 procia

238 3808 434 3866 trucsie'rucl.
467 3837 511 3847 ·-
544 3801 676 3866 Constat
702 3801 791 3866 hulla
819 3805 893 3866 Com
921 3805 1065 3866 adversus
1095 3803 1265 3870 Innocentii
1289 3799 1324 3864 lv

239 3913 343 4005 (tomo
368 3923 378 3982 l
404 3917 533 3984 bullarii
553 3923 833 3995 dominicanorum,
852 3937 926 4002 pag.
955 3919 1051 4002 125),
1077 3921 1110 3983 in
1132 3939 1195 4005 qua
1211 3920 1252 3986 sio
1271 3934 1324 3982 mo-

237 4035 423 4118 gistratibus
448 4033 655 4100 saecularibus
687 4035 913 4099 nonnullarum
938 4035 1106 4118 regionum
1132 4036 1321 4120 praecipitur:

175 4137 182 4144 ’
240 4151 352 4216 «Cum
379 4150 535 4216 adversus
555 4151 739 4217 hereticam
764 4153 958 4234 pravitatem
981 4152 1144 4236 quondam
1167 4150 1323 4218 Fridericos

240 4289 256 4328 c
273 4267 489 4334 Romanorum
500 4268 678 4351 imperator
688 4268 902 4351 promulgarit
911 4267 1069 4353 quasdem
1080 4270 1179 4354 leges,
1195 4287 1249 4354 per
1261 4279 1323 4350 quos

243 4401 315 4448 une
335 4392 472 4466 vagetur
496 4385 654 4468 compesci
678 4386 799 4467 poterit
819 4387 917 4467 pestis
936 4385 1005 4468 illa3
1026 4387 1091 4450 Nos
1111 4388 1181 4450 illas
1205 4363 1322 4450 valenles
