2836 5118
196 449 198 458 ,
259 357 325 424 toll
603 349 1058 428 numerusnumerous

212 585 224 594 .
260 517 401 584 oposse3
419 499 466 566 ite
480 495 591 566 umen
604 506 643 566 ut
660 500 835 584 appellatio
854 519 918 568 non
934 499 1112 586 suspendat
1131 487 1356 578 executionem,

221 661 225 668 -
256 617 404 683 econtra
423 613 512 700 quod
535 617 694 683 nucitum
715 625 766 682 est
786 619 936 684 sessionis
951 619 990 683 24
1009 618 1187 701 capitelli,
1204 623 1239 681 et
1259 616 1359 682 sessio

257 734 339 796 onis
354 733 397 795 lt
412 731 519 814 capite
538 733 569 795 1.
588 732 673 797 Item
697 733 857 809 consulta,
880 751 958 798 num
982 731 1157 800 decretum
1170 730 1274 798 illud·
1285 731 1360 814 capi·

256 848 332 912 ctis
349 848 389 911 10
405 845 564 933 (sessionis
586 844 640 930 tt)
664 847 832 912 sustulerit
855 846 1104 932 appellationem
1130 843 1358 924 devolutiram,

190 960 201 974 “
256 961 416 1029 «censuit
435 980 501 1028 non
518 961 706 1040 sustulisse,
731 961 790 1027 sed
804 963 1022 1044 suspensivam
1041 969 1181 1030 tuntum
1202 980 1217 1021 a
1245 962 1359 1048 (Forum

252 1081 499 1159 eccltstmticom,
523 1078 623 1144 iniit.
643 1080 704 1156 28,
729 1077 806 1143 libri
821 1080 841 1142 2
856 1077 1091 1157 decretalium,
1114 1098 1147 1164 q.
1169 1076 1281 1163 1087.)
1349 1087 1352 1090 ’

255 1233 257 1238 -
296 1196 332 1261 3⁰
360 1199 440 1274 mm
467 1200 501 1258 io
528 1199 627 1258 caucis
646 1199 832 1258 visitationis
853 1201 882 1258 et
903 1201 1093 1258 correctionis
1111 1197 1277 1277 Episcopus
1296 1211 1359 1276 pro·

249 1314 337 1376 cedit
344 1311 552 1393 judicialiter,
575 1310 739 1391 appellatio
760 1311 799 1372 ct
821 1311 1170 1386 intermorientes
1192 1329 1359 1391 pcoctcmprc

188 1460 204 1482 a
250 1431 428 1509 pronomine
441 1432 512 1490 octe
529 1425 720 1502 definitivum
735 1430 925 1505 sententium,
943 1445 1035 1507 cepoe
1049 1427 1266 1506 domiminum,
1280 1444 1359 1506 ceput

249 1548 456 1624 euspocawrm
474 1544 609 1622 effectum
627 1541 727 1620 labet,
747 1545 810 1604 cisi
826 1545 860 1604 io
876 1545 967 1604 certis
983 1540 1160 1621 pcidtcsdom
1178 1544 1305 1606 molto.
1320 1575 1358 1590 -

253 1657 292 1725 ld
309 1675 464 1741 expressa
479 1654 685 1732 decernitur,
710 1655 859 1720 sessionis
876 1655 1036 1738 incapite
1059 1659 1089 1720 l.
1107 1657 1189 1722 llam
1203 1656 1251 1721 ibi
1264 1657 1358 1740 primo

252 1769 374 1840 dicitur
405 1771 628 1856 generaliter:
650 1769 765 1836 «uate
795 1769 998 1837 definitivam
1025 1767 1239 1849 senteutiam,
1257 1771 1359 1838 abiu·

249 1911 267 1951 a
282 1889 506 1965 terlocntoria,
517 1886 572 1951 vel
582 1886 644 1953 ulio
652 1895 858 1970 quocumque
866 1887 1053 1970 gravamine
1065 1905 1130 1952 uon
1143 1887 1355 1970 appelletur.»

248 2007 329 2070 Tum
354 2003 396 2068 ab
417 2003 478 2068 hec
498 2001 614 2085 regula
639 2002 783 2085 generali
810 2003 1018 2085 excipiuntur
1043 2009 1222 2086 sequentes
1247 2019 1355 2067 ossus:

252 2120 342 2184 «nisi
361 2114 742 2204 metmenhujusmodi
759 2135 820 2202 per
838 2115 1041 2186 delinitis-am
1057 2119 1358 2199 'seutentiamrepc-

254 2259 268 2294 c
283 2236 360 2312 rari,
378 2233 489 2300 veleb
504 2233 573 2316 ipsa
586 2231 753 2299 definitiva
762 2233 996 2317 appellarinon
1007 2233 1124 2317 possit;
1143 2241 1161 2294 o
1171 2248 1239 2316 pro
1253 2232 1357 2318 pibus

135 2345 136 2348 ’
250 2350 378 2420 casibus
391 2350 464 2416 vult
483 2347 630 2433 synodus
650 2350 761 2432 vigere
782 2346 835 2434 jus
850 2353 946 2414 antea
968 2349 1165 2433 stabilitum
1189 2348 1227 2415 id
1250 2357 1308 2427 est,
1323 2347 1356 2412 ab

248 2466 464 2552 appellatione
485 2471 563 2529 tum
588 2461 741 2547 produci,
761 2469 796 2529 et
822 2461 1058 2544 devolutirum,
1077 2471 1112 2530 et
1140 2455 1355 2550 'suspensivum
1411 2461 1412 2466 ’

250 2581 415 2649 ellectum.
903 2619 905 2626 ,
1196 2631 1197 2636 ,
1410 2581 1411 2646 l

256 2737 265 2744 -
293 2696 721 2779 &accommodetur
734 2695 1094 2775 appellatiooscoterttiis
1110 2695 1356 2759 interlocutoriis?

249 2837 294 2864 a·
310 2812 528 2894 Questionem
544 2811 648 2887 idam,
673 2808 750 2887 etsi,
765 2823 809 2874 ex
825 2803 924 2876 modo
946 2801 1042 2876 dictis
1057 2809 1145 2874 circa
1168 2829 1281 2876 causas
1293 2797 1355 2873 risi·
1407 2799 1409 2890 ἶ

250 2929 398 3004 tationis,
425 2933 460 2992 et
483 2925 712 3001 correctionis,
737 2924 841 2990 soluta
869 2923 936 3009 jam
960 2924 1067 2992 videri
1093 2927 1216 3010 possit,
1243 2925 1356 3010 plenius

249 3052 358 3109 umen
387 3042 451 3107 huc
479 3036 750 3126 expendendam,
780 3037 841 3123 pro
871 3040 920 3105 r'ei
947 3037 1126 3124 gravitate,
1162 3041 1350 3108 revocamus.
1405 3033 1406 3100 l

250 3161 455 3243 Exponemus
473 3157 611 3233 autem,¹
626 3158 659 3220 1⁰
676 3154 755 3239 quid
772 3155 973 3223 iustinianeo
989 3153 1063 3240 jure
1081 3153 1252 3224 statutum
1265 3159 1304 3223 sit
1319 3155 1352 3220 de

251 3271 435 3358 hujusmodi
463 3289 483 3335 a
508 3269 676 3335 sententiis
700 3269 952 3336 interlocutoriis
975 3271 1213 3356 appellatione3
1234 3275 1270 3337 2⁰
1287 3265 1351 3354 quid
1402 3303 1403 3372 t

252 3389 294 3454 de
311 3386 426 3454 eudem
442 3406 491 3464 re,
510 3405 559 3450 ex·
564 3383 640 3469 jure
654 3384 818 3462 canonico,
839 3394 914 3450 ente
941 3384 1164 3452 Tridentiuam
1190 3386 1348 3473 synodum,

251 3502 413 3588 riguerit,
447 3504 482 3567 3⁰
511 3517 683 3583 quamnam
711 3500 896 3582 generalem
928 3501 1075 3584 regulam
1106 3500 1195 3568 dicta
1224 3499 1351 3588 synodus

250 3612 629 3700 optemperantem
654 3613 809 3698 quosnam
839 3633 943 3680 casus
956 3615 1001 3682 ab
1020 3634 1059 3682 eo
1084 3611 1200 3701 regulo
1214 3621 1353 3700 exceptos

252 3731 406 3800 soluerit.
438 3763 442 3792 ι

264 3873 270 3888 -·
293 3849 321 3912 Ι.
338 3847 436 3911 Juxta
450 3844 469 3909 J
472 3843 684 3910 ustinianeum
705 3841 767 3927 jus,
785 3843 898 3926 regula
912 3844 1074 3928 generalis
1093 3853 1158 3924 est,
1173 3863 1241 3912 uon
1264 3844 1351 3912 darie

249 3961 418 4030 sententiis
429 3959 680 4024 interlocutoriis
692 3957 957 4042 appellationem.
976 3959 1075 4026 Casus
1089 3968 1201 4028 autem
1214 3961 1257 4028 eb
1268 3979 1302 4026 ea
1312 3975 1352 4024 re

249 4076 325 4161 gula
337 4074 490 4159 =generali
507 4071 690 4156 excipiendi
704 4080 795 4151 suut,
816 4076 848 4138 1⁰
862 4073 922 4140 nisi
939 4075 1196 4144 interlocutoria
1211 4077 1276 4143 vim
1287 4071 1351 4141 dei

247 4193 355 4258 uitivoe
380 4189 515 4273 habeat;
540 4191 574 4252 2⁰
598 4189 659 4253 nisi
682 4189 928 4256 interlocutoria
956 4189 1078 4258 inferat
1107 4211 1281 4276 grnvmen
1302 4202 1350 4273 pet

245 4291 445 4376 definitivam
462 4303 695 4388 irreparabile;
715 4305 750 4370 3ο
768 4304 830 4370 nisi
849 4323 910 4390 per
931 4305 1212 4376 interlocutoriam
1231 4308 1349 4376 tollatur

247 4427 322 4504 spes
335 4416 519 4506 obtinendo
539 4416 733 4502 ceumaco
750 4419 846 4486 verbi
865 4421 980 4504 gratie
998 4419 1348 4508 sijudexseseincon
