2878 5114
527 358 606 406 rsus
629 359 787 408 securos.
1130 344 1190 406 471

99 484 195 561 rerlra,
209 486 240 551 in
254 493 341 553 tomo
354 489 374 552 9
391 484 601 552 decretorum
617 483 882 568 Congregationis
892 484 1037 560 Consilii,
1047 483 1124 550 tolio
1138 486 1191 560 55,

95 600 134 665 sic
143 618 175 665 se
186 600 305 666 habent
320 623 329 686 ‚²
346 605 506 682 Grmcrtns
520 602 612 678 XIII,
629 620 668 662 ex
688 604 836 664 sententio
855 603 1103 680 Conprepotionts
1118 602 1196 664 coa-

94 719 151 779 citit
171 720 346 797 declaravit,
369 737 417 780 eos
443 724 496 798 qni
517 737 574 799 per
601 722 662 780 otro
689 725 719 779 et
742 724 902 780 metense
928 718 1101 796 retiptonera
1123 735 1196 797 pro-

92 836 172 911 fessos
190 836 423 914 pruetcndereat,
442 839 504 896 atsi
532 839 615 898 intru
639 839 872 914 quinquennium
897 834 1137 908 reclamaverint,
1164 851 1196 894 eo

91 949 179 1028 elapso
191 968 251 1012 non
268 950 515 1028 esseendiendcs‚
533 953 653 1012 tametsi
662 950 828 1028 ottepurent
840 953 903 1010 vim
921 954 949 1010 et
963 955 1189 1028 rtetumsempee

90 1064 214 1127 durasse.

126 1178 180 1242 III.
194 1177 313 1244 Postea
327 1186 437 1244 tamen
449 1177 620 1244 inductum
632 1184 692 1255 est,
705 1180 785 1243 utin
796 1177 856 1245 hoc
872 1195 947 1244 casu
958 1177 1197 1244 concederetur

87 1299 229 1357 restitutio
250 1300 284 1356 tn
299 1300 464 1374 interram·
479 1293 583 1372 idest,
605 1303 643 1359 ut
657 1302 767 1376 posset
793 1313 888 1360 causa
912 1292 1041 1358 admitti
1062 1301 1096 1359 et
1109 1292 1197 1378 jndi-

87 1410 156 1485 cari,
173 1411 320 1494 quamvis
338 1417 412 1494 post
428 1410 572 1494 elapsum
588 1411 842 1494 quinquennium
856 1411 940 1478 actio
952 1410 1109 1476 nullitatis
1125 1429 1197 1494 pro

84 1535 265 1609 poneretur.
285 1527 388 1614 (Bulla
404 1528 501 1592 citata
516 1531 551 1592 St
562 1525 692 1610 dotum.)

121 1643 173 1707 lv.
194 1641 362 1728 Ejusmodi
379 1643 544 1708 restitutio
563 1643 596 1706 in
616 1643 780 1726 integrum
800 1641 935 1710 concedi
949 1641 1073 1726 nequit,
1097 1641 1192 1708 nisis

82 1756 157 1824 Sede
172 1759 368 1842 apostolica.
393 1758 496 1844 (Dicta
510 1757 599 1823 balb
613 1762 649 1822 Si
662 1757 792 1842 datum.)
854 1764 856 1770 '

120 1879 155 1940 V.
170 1875 354 1944 Praeteritis
379 1874 598 1958 temporibus,
625 1874 751 1940 solebat
779 1873 879 1940 Sedes
903 1873 1101 1958 apostolico,
1122 1876 1191 1940 visa

81 1963 233 2074 probabili
250 1992 376 2056 ratione
389 2012 407 2056 a
422 1991 619 2056 reclamante
635 1992 792 2073 exposita,
811 1990 932 2056 dictam
951 1990 1190 2056 restitutionem

80 2106 271 2185 concedere,
291 2105 401 2184 idest,
420 2105 591 2189 indulgere
616 2114 654 2172 ut
678 2107 859 2172 reclamans
883 2105 1040 2172 adversus
1069 2105 1194 2190 profes-

79 2225 204 2301 sionem,
224 2223 301 2288 licet
316 2223 460 2305 elapsum
479 2230 565 2288 esset
584 2223 851 2307 quinquennum,
867 2222 1074 2288 nibilominus
1091 2221 1133 2286 dc
1152 2223 1189 2286 il-

77 2338 132 2404 lius
146 2340 299 2404 nullitate
311 2357 420 2404 coram
433 2337 597 2422 judicibus
612 2339 874 2422 competentibus
887 2339 1047 2404 actionem
1063 2356 1192 2420 promo·

77 2473 148 2520 vere
163 2463 287 2538 posset.
304 2455 408 2541 (Bulla
421 2456 519 2520 citata
541 2459 577 2518 Si
594 2451 724 2536 dotare.)

114 2574 168 2636 VI.
196 2573 317 2638 Postea
349 2591 427 2636 vero
456 2571 593 2636 invaluit
619 2578 653 2635 et
677 2569 855 2636 hodiedum
880 2571 969 2653 viget
995 2570 1054 2634 alia
1081 2569 1189 2652 praxis

75 2687 176 2770 quoad
203 2686 339 2752 modum
366 2685 585 2752 concedende
617 2684 776 2769 ejusmodi
805 2685 1018 2751 restitutionis
1046 2685 1078 2748 in
1105 2684 1189 2750 iute-

76 2821 182 2889 grum3
205 2824 353 2889 nempe:

114 2922 250 2990 Directa
265 2920 306 2987 ad
325 2919 442 2986 Sedem
457 2920 672 3002 Apostolieam
693 2921 808 3003 petitio
828 2920 1041 2986 restitutionis
1056 2920 1089 2984 in
1109 2919 1189 2986 inte·

73 3055 174 3122 grum,
198 3037 243 3104 ad
260 3037 398 3122 aliquam
415 3055 580 3100 romanam
601 3036 889 3118 &cogregationem
905 3043 961 3100 aut
976 3036 1120 3102 tribunal
1139 3055 1188 3102 re·

72 3157 224 3222 mittitur.
242 3156 336 3220 Sacra
352 3161 462 3218 autem
481 3151 696 3236 congregatio
712 3156 876 3218 Ordtacrr'o
890 3161 919 3217 et
934 3159 1083 3235 superiori
1101 3175 1186 3236 requ-

69 3273 127 3336 tart
161 3268 421 3355 expendendum
458 3269 629 3334 committit
664 3266 820 3346 dubium,
854 3290 895 3332 cn
925 3272 1111 3334 concedenda
1145 3276 1186 3334 sit

69 3395 225 3452 restincto
243 3393 276 3450 ta
303 3385 524 3466 integerrimis
548 3402 612 3467 qno
628 3382 786 3450 solvendo
810 3383 924 3464 dubio,
942 3385 975 3450 hi
999 3405 1064 3451 non
1079 3386 1185 3452 minus
1247 3405 1249 3408 ·

67 3511 220 3570 armante
244 3499 425 3585 procedere
448 3499 583 3576 debent,
602 3518 699 3582 quam
719 3501 748 3562 si
761 3518 859 3584 super
884 3501 952 3584 ipsa
976 3500 1185 3583 professionis

68 3617 233 3684 validitate
250 3616 304 3682 rel
320 3615 469 3680 nullitate
486 3615 680 3678 sententiam
698 3614 796 3678 laturi
811 3623 931 3680 essent.
950 3614 1047 3696 Quod
1064 3616 1091 3680 si
1106 3634 1183 3698 pro·

67 3735 217 3799 nuntient
233 3729 479 3797 concedendam
492 3729 598 3794 videri
612 3731 852 3794 restitutionem
864 3732 897 3793 in
910 3731 1087 3814 integrum,
1104 3739 1183 3796 tunc

65 3848 139 3931 ipsis
153 3850 330 3915 committit
349 3848 444 3912 Sacra
465 3847 680 3928 Congregatio
699 3847 804 3929 ipsum
829 3845 870 3912 de
895 3848 1044 3916 nullitate
1060 3847 1184 3931 proies·

65 3964 341 4052 ncnbjudieium.
547 3945 551 3953 ’

106 4085 179 4150 vn.
205 4082 400 4148 Praedictum
417 4081 542 4165 praxim
567 4078 765 4146 benedictus
787 4082 859 4148 XIV
884 4083 916 4147 in
940 4081 993 4167 jus
1013 4100 1183 4148 commune

63 4201 209 4278 sancivit,
227 4218 362 4284 eamque
377 4198 475 4262 simul
487 4194 668 4262 moderavit
678 4215 714 4260 ac
730 4195 961 4264 determinavit
972 4199 1005 4262 in
1017 4198 1103 4262 hune
1116 4215 1182 4277 mo·

63 4315 139 4382 dum
160 4340 167 4382 :

108 4435 332 4502 inauratum
355 4429 537 4514 huiusmodi
561 4449 696 4496 examen
722 4407 891 4498 musarum
912 4431 1128 4502 restitutionis
1148 4431 1181 4500 in
