2836 5118
456 263 537 342 nans
558 293 720 344 suornm.
1088 281 1148 347 stt

61 404 275 483 itenoomtm
299 416 471 500 cacapite·
484 421 619 482 aonam
637 418 680 504 (3,
698 419 736 483 de
749 421 883 502 Appell,
898 421 933 484 in
946 417 992 505 a),
1006 418 1066 486 uti
1090 428 1155 486 sta·

59 533 158 611 tuitur,
177 533 360 616 spreveris,
372 532 435 618 -qui
455 529 625 616 subjacent
645 531 861 618 jurisdictioni
877 533 1155 618 mmaganeorum

58 645 279 731 archiepiscopi
300 647 508 741 mensu,
532 648 765 731 appellandum
791 669 862 715 esse
882 653 925 714 nd
946 653 1155 734 mptopooeor

58 767 134 844 pas,
142 770 172 826 et
186 783 246 827 oon
259 766 301 828 od
315 765 449 826 mandem
461 760 698 848 (Rhemensem)
715 769 841 840 curiam,
857 769 976 828 anissis
988 767 1081 828 aare
1094 765 1155 846 sos·
1187 765 1190 772 '

55 879 202 958 (reposcis.
224 879 265 942 Et
286 885 440 944 consonat
459 877 695 943 iustiniaueum
707 876 761 962 jus
778 877 862 964 (lege
877 883 1077 962 Imperatores
1096 881 1152 957 21,

55 990 82 1056 E.
100 995 134 1056 dt
146 995 421 1076 Appellatiooitas;
436 999 470 1059 et
486 991 560 1076 lege
572 995 716 1056 sedatos
744 995 799 1070 29,
819 1012 848 1058 c.
873 993 1019 1080 ejusdem
1039 991 1152 1079 tituli).

54 1105 175 1192 Fnitque
193 1087 307 1174 norma
320 1106 388 1172 haec
406 1105 594 1190 appellandi
607 1114 747 1192 utroque
760 1107 835 1192 jure
849 1111 980 1188 sancita,
993 1110 1154 1194 triplicem

8 1225 10 1230 '
53 1224 201 1306 precipue
213 1223 257 1290 oh
271 1240 401 1288 caumm
419 1245 427 1288 :
443 1242 486 1288 ne
496 1220 742 1308 jurisdictiones
756 1222 998 1290 confundantur
1017 1245 1024 1290 :
1042 1244 1083 1290 ne
1097 1225 1154 1290 im·

51 1337 195 1416 uelim
214 1340 365 1423 superior
379 1339 543 1404 contemni
557 1336 720 1415 videatur,
737 1339 765 1402 si
786 1355 826 1403 eo
839 1341 1056 1421 praetemtisso
1077 1359 1154 1425 pro-

51 1461 175 1520 vocetur
191 1453 235 1520 ad
250 1453 431 1521 mediatum
451 1474 458 1518 :
479 1453 614 1520 taudem
625 1461 664 1518 ut
679 1459 834 1538 parcatur
844 1456 1005 1538 expensis.

86 1569 253 1633 Corollaria
268 1589 308 1632 ea
316 1575 476 1652 prumano
486 1575 702 1652 propositione.
716 1605 762 1619 -
780 1572 812 1632 1⁰
825 1568 988 1634 AVicario
1003 1570 1148 1652 fornace,

48 1679 141 1747 aliove
153 1681 267 1767 judice
284 1684 433 1767 Episcopi
443 1681 659 1767 jurisdictioni
673 1683 840 1769 subjecto,
859 1685 1090 1768 appellandum
1102 1695 1153 1753 est
1297 1728 1301 1735 ·
1398 1704 1402 1783 ἱ

48 1794 83 1859 ad
93 1799 295 1884 Episcopum,
307 1799 448 1882 ipsiusve
461 1799 649 1883 generalem
660 1799 836 1878 vicarium,
850 1798 928 1866 sede
945 1801 1042 1884 plena
1054 1823 1061 1868 :
1073 1803 1151 1870 sede

46 1916 145 1977 autem
158 1921 317 1991 vacante,
342 1911 384 1978 ad
400 1913 593 1998 capitulum,
612 1920 786 1997 antequam
805 1912 982 1998 deputatus
1000 1917 1043 1982 sit
1063 1917 1153 1983 Vica-

45 2025 139 2090 curius
152 2028 342 2111 capitularis
359 2051 367 2094 :
385 2027 428 2094 ad
443 2028 603 2094 vicarium
622 2029 835 2112 capitularem
851 2031 960 2095 statim
980 2049 1018 2096 oc
1036 2032 1153 2121 consti·

44 2144 123 2205 tutus
137 2143 164 2206 is
184 2141 262 2207 fuit.
289 2144 323 2206 2⁰
344 2141 567 2226 abepiscopo
585 2143 727 2226 ipsiusve
749 2147 876 2212 llicario
891 2148 1034 2232 generali
1048 2147 1148 2233 (item,

44 2255 111 2321 sede
134 2265 286 2334 vacante,
301 2267 320 2322 a
338 2259 480 2340 capitulo
495 2258 550 2324 rel
563 2257 690 2324 Vicanio
710 2259 892 2346 capitulari)
921 2260 1151 2346 appellandam

45 2379 87 2436 est
106 2371 152 2442 ,ovl
177 2371 479 2458 Arelviepiscopum.
505 2375 540 2438 3⁰
562 2371 611 2437 Ab
629 2371 878 2462 Arclriepisoopo
904 2378 1085 2444 successive
1107 2375 1150 2442 ad

42 2481 221 2562 Prinnatem,
241 2483 464 2550 Putrimclvum
480 2490 514 2550 ct
524 2485 659 2568 Papam.
672 2487 707 2550 4ο
717 2488 788 2554 llon
802 2498 912 2560 autem
922 2488 1151 2576 appellandum

44 2606 117 2664 esta
135 2599 268 2664 vicario
292 2598 438 2682 generali
456 2598 605 2682 Episcopi
620 2597 665 2663 ad
684 2599 891 2684 Episcopum,
911 2600 987 2688 quia
1006 2597 1150 2663 cfficivmt

40 2710 116 2778 idem
143 2713 309 2790 tribunal,
341 2721 376 2779 et
401 2720 488 2780 esset
518 2715 684 2800 appellare
712 2717 754 2784 ab
776 2717 893 2784 eodem
915 2715 958 2782 ad
983 2713 1146 2780 eumdem.

41 2831 73 2893 5ο
88 2831 265 2915 Appellare
277 2829 321 2896 ed
336 2830 626 2916 Congregaticuem
640 2834 780 2918 aliquam
793 2834 980 2909 Romanam,
998 2829 1086 2896 idem
1099 2835 1150 2894 em

39 2961 71 3010 ac
84 2947 253 3030 appellare
272 2943 315 3010 ad
329 2945 463 3029 Papam,
479 2948 556 3032 quia
574 2947 732 3034 ejusmodi
753 2948 1024 3032 congregationes
1049 2961 1151 3008 uuum

39 3069 68 3126 et
76 3061 163 3126 idem
177 3060 327 3127 tribunal
339 3079 413 3126 oum
441 3062 529 3146 Papa
542 3063 695 3130 efficiunt.
717 3066 752 3129 6ο
766 3061 793 3126 Α
808 3059 959 3142 delegato
985 3055 1151 3140 appellau-

39 3182 108 3250 (lum
123 3193 175 3252 est
188 3184 464 3268 adaleleguntem.
478 3187 511 3249 7⁰
524 3182 550 3247 Α
562 3176 787 3262 subdelegato,
800 3176 829 3242 si
843 3175 874 3240 ei
883 3181 954 3239 tota
965 3167 1148 3256 jurisdictio

39 3299 136 3382 quoad
153 3319 288 3368 causam
303 3299 469 3366 commissa
488 3298 539 3374 sit,
558 3291 792 3378 appellandum
810 3298 861 3356 est
873 3286 919 3353 ad
937 3286 1078 3370 primum
1090 3279 1149 3347 de·

37 3411 203 3498 legantem,
214 3421 402 3480 nouantem
412 3410 455 3478 ad
463 3411 652 3494 delegatum
665 3425 777 3473 :secus
786 3407 815 3470 si
829 3403 1000 3485 delegatus
1009 3397 1149 3479 aliquam

38 3534 155 3596 tautum
168 3528 407 3617 jurisdictionis
420 3535 549 3612 partem
573 3520 850 3606 subdeleguverit.
877 3512 971 3602 (Vide
987 3507 1153 3574 schmalz·

37 3629 182 3726 gueser,
200 3646 237 3709 in
260 3645 313 3709 ut.
332 3646 386 3720 ea,
406 3643 430 3707 1.
447 3645 467 3706 n
485 3641 638 3718 tecm.
663 3634 731 3720 sa.)
751 3638 785 3700 8⁰
800 3631 884 3696 lna
906 3624 1060 3704 delegato
1072 3617 1149 3701 npt-

37 3758 115 3842 scopi
125 3755 293 3842 appellari
307 3756 409 3838 possit
421 3753 464 3820 cd
474 3755 640 3822 vicarium
651 3745 840 3835 generalem
854 3733 1007 3822 ejusdem
1018 3731 1151 3813 Episco-

36 3870 362 3955 pi,oontrovertitur;
378 3869 438 3936 scd
455 3869 654 3954 probabilius
663 3852 933 3948 respondendam
944 3844 1147 3913 flffifmstfile·

38 3985 123 4071 (vide
139 3987 240 4068 thia,
252 3987 352 4054 modo
366 3989 501 4052 citatum
519 3975 713 4062 auctorem.)
736 3980 771 4042 9⁰
790 3969 839 4037 Ab
859 3964 1020 4047 Fclllssffll)⁰
1041 3975 1150 4026 mm·

36 4108 87 4184 pto
101 4113 135 4170 et
153 4103 232 4171 Sedi
255 4101 446 4186 Apostoliaae
469 4088 829 4174 immediatesubjecto,
854 4070 1085 4164 appellandum
1099 4075 1150 4136 est

36 4215 215 4303 udl’apam,
229 4237 298 4284 nou
308 4223 421 4282 autem
438 4214 482 4282 sd
495 4209 781 4293 Archiepiscopum
800 4219 808 4263 ε
825 4194 902 4280 quia
913 4197 992 4256 tunc
1003 4182 1090 4266 rapa
1100 4183 1150 4246 eal

35 4331 217 4402 immediate
241 4332 411 4418 proximus
434 4329 584 4414 superior
601 4322 739 4390 relative
760 4313 804 4382 ad
819 4307 1027 4393 Episcopum.
1048 4291 1103 4360 illl
1117 4288 1151 4355 st
