2914 5122
146 346 148 350 ·
216 329 258 392 80
561 341 747 390 raacrnrus
771 341 815 388 os
840 341 988 389 runicus.

213 470 351 556 quentia,
369 489 430 553 per
444 473 525 532 uiam
542 473 748 550 inquisitionis
758 463 884 550 proprie
904 469 994 532 dictae
1012 437 1227 553 procediturss
1250 469 1335 552 ergo

214 587 312 653 etiam
334 585 367 650 in
384 605 459 652 casu
479 585 554 651 talis
571 583 808 650 denuntiatoris
828 585 1076 668 presequiritur
1093 583 1237 651 infamia.
1335 613 1337 620 ⁴

258 705 410 769 Probatur
430 705 475 780 2⁰,
495 703 627 765 textibus
643 705 732 782 juris
751 701 1002 781 particularibus.
1015 739 1060 749 -
1074 701 1112 765 Iu
1134 701 1241 785 capite
1256 705 1336 766 Cum

214 828 348 904 oporteat
368 820 434 906 (19,
452 819 503 883 tit.
528 821 556 894 l,
575 815 633 882 lib.
653 817 671 880 5
689 812 796 900 decr.)
819 817 927 899 agitur
946 814 988 882 de
1009 816 1151 902 quodam
1170 817 1338 901 Episcopo
1453 873 1454 878 ,

213 935 302 1022 apud
321 936 437 1000 sedem
450 933 664 1018 Apostolieam
681 952 699 996 a
715 933 875 997 canonicis
890 930 1094 999 denuntiato.
1113 934 1216 1000 Porro
1239 933 1340 998 dele-

214 1052 295 1136 gatis
307 1050 472 1138 judicibus
483 1047 615 1114 mandat
630 1048 837 1113 Innocentius
851 1049 909 1126 Ill,
926 1067 967 1114 ne
979 1051 1021 1113 ud
1035 1055 1259 1132 inquisitionem
1277 1048 1341 1114 de-

213 1168 435 1235 nuntiatorum
459 1166 629 1232 criminum
648 1163 847 1247 procedant,
873 1165 934 1229 nisi
949 1165 1102 1231 noverint
1128 1165 1339 1250 praecessisse
1388 1170 1395 1182 ‘

214 1284 399 1350 infamium:
419 1287 487 1348 Nisi
504 1301 592 1363 super
601 1283 758 1363 predictis
773 1283 887 1361 famam
904 1287 1001 1363 ipsius
1017 1283 1119 1344 lesum
1137 1301 1197 1344 esse
1210 1288 1342 1344 uoueri-
1454 1353 1455 1366 χ

217 1406 271 1481 iis,
290 1421 342 1463 aas
355 1400 397 1462 ad
411 1402 632 1479 inquisitionem
652 1399 776 1459 illorum
791 1417 852 1460 non
870 1399 968 1460 sirbito
980 1400 1162 1480 procedatis.
1188 1394 1289 1462 Unde
1306 1399 1342 1461 in
1454 1443 1455 1456 ,

216 1516 347 1583 rubrica
364 1514 461 1600 hujus
479 1514 593 1597 capitis
617 1513 757 1596 positum
778 1520 853 1578 est:
882 1515 920 1577 de
941 1519 1070 1578 emitote
1089 1519 1250 1577 emmimm
1275 1533 1343 1579 non

215 1639 391 1715 inquiritur,
411 1638 472 1696 nisi
478 1637 568 1713 prius
578 1638 692 1693 constet
708 1614 745 1694 de
760 1631 900 1710 iufamia.
924 1629 965 1694 ut
978 1630 1081 1712 glossa
1102 1630 1146 1695 sic
1165 1628 1310 1695 adnotat
1331 1649 1340 1693 τ
1454 1711 1455 1714 ¹

215 1771 275 1815 uon
293 1758 337 1813 cst
352 1751 490 1830 facienda
512 1752 666 1829 inquisitio
682 1753 743 1810 nisi
760 1754 864 1810 contra
887 1749 1080 1828 infumatum.
1100 1747 1142 1811 Et
1157 1754 1275 1812 tamen
1293 1747 1345 1812 ibf

217 1865 469 1950 procedebatur,
490 1882 556 1928 non
584 1881 625 1926 ex
649 1881 740 1928 mero
767 1861 880 1941 officio,
909 1860 968 1928 sed
994 1863 1035 1928 ad
1063 1860 1345 1930 denuntiatorum

216 1985 410 2050 instantiam.
430 1985 497 2048 uec
513 1982 641 2048 dicatur
657 1981 739 2047 hanc
755 1981 1036 2049 denuntiationem
1054 1983 1140 2049 forte
1152 1987 1345 2067 judicialem
1455 2031 1456 2058 ,

217 2121 282 2167 non
295 2101 406 2178 fuisse,
423 2100 480 2166 sed
503 2099 671 2165 dumtaxat
689 2103 889 2180 counqeliccm
903 2121 913 2162 :
933 2120 1008 2166 nam
1027 2099 1063 2165 id
1088 2099 1234 2166 excludit
1258 2121 1347 2167 eon·

218 2223 348 2300 textus3
369 2224 403 2281 et
416 2222 577 2299 praeterea
597 2216 623 2280 si
646 2214 760 2281 fuisset
779 2216 981 2308 evangelica,
1006 2216 1158 2283 Pontifex
1178 2219 1345 2300 praeviam

217 2332 381 2396 infamiam
396 2350 462 2395 non
481 2330 711 2415 requisivisset,
732 2307 806 2395 cum
825 2333 994 2412 cuanqclicc
1010 2331 1137 2398 occulta
1155 2333 1255 2397 etiam
1280 2334 1348 2398 cri-

217 2445 303 2510 mina
319 2444 502 2510 denuntiari
515 2443 648 2527 possint.
666 2444 832 2533 Decretuli
851 2463 929 2529 ergo
945 2445 998 2511 illa
1013 2447 1157 2529 rigorose
1174 2445 1348 2530 probatur

219 2561 317 2628 etiam
334 2564 366 2626 in
388 2581 464 2627 casu
479 2557 702 2626 denuntiantis
718 2559 759 2624 ad
771 2577 900 2645 poennm
914 2561 1105 2646 praerequiri
1120 2561 1305 2629 infamiam.

239 2675 242 2680 '
263 2669 353 2736 Idem
369 2671 498 2734 eruitur
511 2687 552 2734 ex
569 2669 674 2752 capite
688 2671 898 2750 inquisitionis
914 2669 979 2756 (ΙΙ,
992 2671 1044 2735 tit.
1058 2674 1087 2748 f,
1106 2671 1163 2737 lib.
1176 2674 1195 2735 5
1210 2669 1345 2760 decr.):

219 2789 264 2854 ibi
275 2789 360 2853 enim
372 2785 573 2870 respondens
591 2785 634 2851 ud
649 2784 711 2850 hoo
725 2786 907 2870 quaesitum,
925 2795 1027 2850 utrum
1043 2796 1109 2852 cum
1125 2791 1184 2852 duo
1197 2792 1247 2852 cel
1266 2795 1348 2873 plu-

219 2925 267 2969 res
281 2911 384 2987 jurati
406 2905 573 2984 affirmant,
595 2906 725 2984 aliquem
745 2909 856 2968 crimen
878 2907 1001 2986 aliquod
1022 2907 1132 2970 eisdem
1164 2908 1349 2973 uidentibus

218 3025 408 3099 emansisse,
433 3023 470 3083 de
488 3039 545 3101 quo
565 3019 669 3100 aliqua
687 3022 816 3100 infamia
833 3023 1032 3100 conlaboret,
1050 3005 1155 3107 aliqua
1172 3014 1220 3087 illi
1238 3042 1349 3106 poena

219 3135 320 3219 infligi
344 3132 463 3200 debeat
482 3157 488 3198 :
521 3134 565 3198 sic
579 3133 808 3199 universaliter
820 3132 968 3201 decernit
983 3137 1189 3204 Innocentius
1200 3139 1272 3206 111:
1296 3143 1351 3204 Aa

219 3252 280 3314 leuc
291 3253 511 3332 respondemus,
528 3251 646 3314 nullum
660 3269 721 3312 csse
734 3268 793 3332 pro
813 3255 948 3331 crimine,
969 3271 1058 3335 super
1077 3273 1134 3335 quo
1149 3255 1254 3335 aliquo
1281 3275 1351 3319 uon

220 3371 336 3432 loborat
353 3371 500 3448 infamia,
520 3385 571 3430 scu
591 3370 721 3430 clamosa
742 3372 910 3431 insinuatio
922 3387 982 3431 uon
1000 3341 1197 3450 precesserit,
1208 3380 1351 3453 propter

219 3486 301 3548 dicta
316 3483 486 3564 liujusmodi
500 3484 687 3562 puniendum
699 3502 711 3543 .·
730 3487 875 3563 quinimo
889 3483 1039 3563 superbae
1050 3486 1249 3565 depositiones
1269 3505 1352 3550 εσυὲ

221 3608 269 3662 tru
285 3619 351 3663 eum
367 3603 460 3680 recipi
473 3617 533 3662 uon
547 3600 666 3677 debere,·
683 3617 750 3660 cum
765 3603 921 3678 inquisitio
936 3599 1007 3677 fieri
1026 3601 1130 3662 debeat
1152 3602 1353 3668 solummodo

219 3737 308 3799 super
319 3716 394 3795 illis,
413 3717 567 3796 dequibus
583 3717 727 3778 clamores
744 3717 842 3797 aliqui
857 3723 1084 3796 precesserunt.
1106 3717 1153 3780 Ex
1174 3715 1271 3801 cujus
1288 3739 1351 3787 re·

220 3835 327 3916 sponsi
348 3831 557 3915 generalitate
573 3830 618 3894 sie
632 3831 725 3914 argui
738 3831 815 3897 licet
832 3851 839 3895 :
861 3821 1008 3916 quamvis
1021 3831 1067 3898 ibi
1092 3850 1156 3899 non
1180 3851 1354 3904 memore·

220 3957 276 4015 tur
294 3965 385 4014 casus
402 3939 615 4031 inquisitionis
631 3945 672 4011 ad
686 3919 869 4012 instantiam
884 3945 1019 4032 aboujus
1035 3947 1276 4015 denuntiatoris
1296 3953 1356 4019 fa.

221 4076 292 4146 ctae,
307 4067 333 4130 si
343 4082 436 4130 casus
448 4061 536 4128 illea
549 4062 661 4146 regula
673 4062 726 4126 hic
739 4053 861 4128 tradita
874 4062 1086 4147 excipiendus
1106 4063 1232 4143 fuisset,
1247 4067 1357 4134 illum

221 4182 370 4249 Pontifex
388 4179 581 4261 excepisset.
600 4176 728 4242 Nedum
753 4169 862 4243 autern
884 4179 1033 4262 excipiat,
1054 4179 1288 4248 universaliter
1313 4193 1355 4253 et

220 4297 367 4364 absolute
388 4281 524 4358 affirmat
546 4281 783 4375 inquisitionem
809 4291 881 4359 fieri
905 4293 1036 4360 debere·
1055 4297 1239 4362 soimnmodo
1251 4325 1253 4332 ·
1266 4314 1355 4367 emm

218 4413 383 4504 praecessit
407 4407 547 4474 infamia.
