2914 5122
226 403 264 468 ti
565 411 754 464 morasus
777 415 820 463 oa
842 411 990 465 runicus.

224 542 325 611 debat
351 551 386 610 et
408 543 544 629 petebat
567 548 775 606 correctionem
800 541 1002 610 solummodo
1029 561 1088 610 sen
1112 546 1338 628 paenitentiam
1452 607 1453 618 ,

223 659 294 725 Rei.
321 659 362 725 Et
384 657 459 725 ideo
485 656 712 742 opponebatur
729 658 927 724 accusationi
954 659 1064 746 (atque
1088 661 1184 727 etiam
1210 663 1341 749 inquisi-

223 775 314 854 tioni,
328 781 366 840 ut
384 773 469 841 infra
482 771 690 858 ostenditur),
707 775 783 860 quia
798 774 867 840 istae
886 773 1059 858 adponam
1082 797 1140 844 seu
1162 778 1341 846 vindictam

224 891 386 976 publicam
400 889 625 955 instituuntur.
640 890 758 955 llincsi
773 889 904 975 quando
915 890 1123 968 denuntiator
1137 913 1268 979 poenam
1280 915 1342 965 seu

225 1007 402 1074 vindictam
417 1006 580 1090 publicam
597 1006 787 1089 postularet,
805 1013 839 1072 ot
852 1004 955 1092 judex
965 1007 1008 1074 ad
1022 1009 1095 1074 talis
1105 1009 1344 1080 denuntiatoris

224 1123 407 1208 instantiam
422 1122 614 1207 inquireret,
633 1119 668 1187 id
681 1140 746 1186 non
758 1128 829 1188 erat
843 1142 905 1188 nec
918 1122 1089 1190 dicebatur
1103 1128 1344 1193 wartiaticam

224 1245 287 1318 cit,
309 1237 369 1304 sed
383 1243 441 1302 oie
454 1242 661 1320 inquisitionis
674 1254 794 1304 acmen
808 1237 990 1323 retinebat3
1007 1238 1052 1306 ita
1063 1246 1101 1307 ut
1119 1243 1242 1326 precia
1258 1243 1345 1311 iota-

222 1355 376 1440 idioquae
392 1353 435 1420 ad
449 1369 636 1438 processum
655 1353 891 1440 inquisitoriuro
902 1355 1143 1441 requirebatur,
1161 1359 1347 1425 necessaria

225 1479 428 1548 censeretur,
445 1471 513 1537 sive
524 1470 625 1557 judex
639 1489 679 1537 ex
695 1486 787 1539 mero
802 1469 915 1550 officio,
935 1474 1002 1538 sive
1022 1469 1064 1538 ad
1082 1471 1267 1540 instantiam
1284 1471 1347 1542 de-

224 1588 433 1668 nuntiatoris,
457 1603 584 1672 poenam
606 1589 650 1676 (et
671 1607 736 1652 non
761 1587 997 1654 correctionem
1022 1585 1201 1674 dumtaxat)
1228 1597 1348 1673 postu·

222 1705 332 1782 lantis,
354 1703 561 1789 procederet.
587 1705 671 1788 Ergo
693 1721 809 1771 revera
832 1705 893 1770 alia
912 1711 985 1769 crat
1001 1700 1202 1771 denuntiatio
1220 1705 1263 1771 ad
1277 1726 1347 1771 eor—

226 1829 384 1887 rectioneoo
399 1841 457 1888 seu
468 1823 707 1907 paenitentiam,
726 1829 761 1888 et
778 1820 841 1886 alia
856 1819 1059 1886 denuntiatio
1077 1818 1262 1903 adpictum.

271 1941 306 2004 2⁰
323 1937 416 2005 idem
442 1939 516 2004 crui
540 1945 649 2022 potest
671 1957 712 2004 ex
738 1938 842 2022 capite
872 1941 948 2003 Com
971 1945 1105 2020 oporteat
1131 1935 1198 2024 (lc,
1224 1939 1278 2005 tit.
1312 1944 1344 2020 i,

222 2051 283 2124 lib.
301 2055 320 2121 5
336 2052 477 2141 decret.)
496 2074 503 2120 :
523 2047 765 2122 «Venientibus
777 2053 820 2120 ad
837 2053 1052 2138 apostolicam
1066 2052 1185 2121 Sedetn
1194 2055 1236 2121 c.
1250 2063 1289 2122 et
1303 2055 1347 2123 H.

231 2195 247 2233 a
263 2171 423 2238 canonicis
438 2171 726 2249 Vincennensibus,
744 2175 779 2237 et
799 2171 900 2236 multa
918 2169 1063 2236 enormia
1077 2177 1191 2236 cantia
1205 2171 1352 2239 Vincen-

228 2313 247 2351 «
262 2305 397 2356 oensem
409 2287 604 2373 Episcopum
618 2288 876 2374 proponentibus
894 2307 1004 2355 coram
1016 2289 1045 2354 N
1046 2287 1175 2366 obis...,
1191 2285 1286 2354 vobis
1302 2287 1350 2355 in·

231 2405 469 2492 aquisitionem
493 2405 623 2471 lllomm
648 2403 802 2471 duximus
826 2401 1351 2471 committendam...1iiscretioni

230 2543 247 2583 o
268 2529 384 2588 vestra
403 2520 607 2600 mandamus,
624 2519 723 2608 quod,
743 2521 803 2586 nisi
815 2538 916 2605 super
930 2517 1094 2604 praedictis
1108 2519 1226 2585 baram
1243 2521 1350 2604 ipsius

230 2637 372 2704 elasam
386 2659 457 2705 esse
473 2638 646 2726 nocentis,
665 2655 724 2704 uos
736 2637 779 2703 ad
796 2637 1035 2721 inquisitionem
1047 2631 1181 2701 illorum
1203 2652 1270 2702 non
1295 2653 1351 2702 su-

224 2773 246 2816 c
262 2754 331 2821 bito
345 2754 543 2839 procedatis.
565 2755 717 2822 »Contra
728 2753 958 2820 denuntiatum
978 2753 1064 2819 hunc
1081 2751 1275 2837 Episcopum
1293 2773 1349 2820 ac·

225 2869 406 2937 tumiuisse
426 2871 470 2935 cd
480 2889 611 2954 panum,
633 2876 667 2936 et
687 2886 752 2936 non
769 2870 811 2936 ad
828 2870 1063 2937 comestionem
1081 2878 1250 2955 patenam
1266 2875 1349 2936 tau·

223 2995 307 3064 tum,
326 2990 599 3052 tatuscontextus
610 2987 685 3051 satis
698 2985 829 3052 indicat.
845 2985 886 3052 Et
896 2995 1006 3052 tamen
1019 2981 1263 3070 procedebatur
1277 3003 1346 3072 per

220 3102 465 3187 inquisitionem
488 3101 587 3169 etad
610 3103 795 3168 instantium
817 3103 1094 3170 denuntiatorum.
1120 3103 1205 3188 Ergo
1220 3117 1345 3172 revera

223 3217 427 3285 denuntiatio
437 3218 480 3285 ad
493 3227 711 3299 consotiorum,
724 3237 787 3306 qua
802 3221 1011 3306 aperiebatur
1024 3228 1075 3286 oio
1089 3223 1343 3300 immersionis,

219 3330 354 3396 diversa
376 3340 483 3399 erata
499 3331 747 3401 denuntiatione
768 3337 809 3398 oct
826 3351 963 3417 penne,
981 3353 1045 3420 qua
1063 3333 1274 3418 aperiebatur
1289 3341 1345 3400 vic

219 3455 438 3533 atquisitionis.
497 3491 499 3498 ›

265 3567 304 3632 ’θ’
323 3566 416 3633 Idem
439 3572 565 3634 constat
589 3587 630 3634 ex
657 3567 777 3635 celebri
804 3569 909 3665 capite
924 3569 1067 3650 Qualiter
1085 3575 1114 3631 et
1135 3565 1254 3649 quondo
1269 3566 1340 3652 (Ἃ,

223 3686 275 3750 tit.
297 3687 326 3762 l,
342 3685 401 3750 lib.
421 3687 439 3750 5
455 3683 610 3771 decret),
628 3687 739 3772 inquo
758 3687 805 3751 sic
828 3686 1034 3752 Innocentius
1047 3680 1119 3750 ill:
1140 3705 1156 3745 a
1174 3682 1223 3749 Ad
1238 3685 1344 3751 corri-

224 3823 240 3862 a
258 3799 382 3886 gendos
396 3803 505 3888 itaque
525 3799 728 3868 subditorum
748 3819 901 3868 excessus
918 3810 1010 3868 tanto
1030 3795 1214 3886 diligentius
1235 3797 1343 3868 debet

223 3917 414 3984 «Praelatus
429 3935 609 4003 assurgere,
628 3929 749 4004 quanto
763 3917 977 3984 damnabilius
997 3935 1111 3984 comm
1128 3915 1265 3984 offensas
1280 3915 1344 3984 de-

225 4053 241 4094 o
261 4041 388 4100 sereret
403 4033 614 4100 incorrectos.
629 4031 751 4100 Contra
769 4053 860 4119 quos,
881 4042 918 4100 ut
939 4033 981 4100 de
997 4032 1134 4099 notoriis
1153 4031 1343 4099 excessibus

223 4171 241 4211 a
255 4155 411 4228 taceatur,
423 4151 488 4216 etsi
497 4149 603 4216 tribus
619 4148 724 4216 modis
738 4149 837 4234 possit
849 4147 1001 4235 procedi,
1017 4166 1081 4232 per
1099 4148 1341 4216 accusationem

224 4291 241 4328 a
262 4262 424 4346 videlicet,
443 4265 731 4345 denuntiationem,
749 4266 1033 4352 ctinquisitionem
1051 4265 1215 4349 ipsorum
1231 4271 1272 4328 ut
1287 4267 1341 4329 ta-

221 4403 241 4443 c
257 4400 333 4450 men
344 4385 377 4448 in
387 4383 539 4450 omnibus
551 4382 688 4468 diligens
699 4381 891 4450 adlibeatur
906 4381 1044 4460 cautela,
1063 4381 1146 4447 dont
1161 4381 1341 4446 accusatio-

224 4527 239 4564 α
257 4517 332 4571 cern
345 4499 488 4586 legitima
502 4498 603 4567 debet
614 4497 802 4584 praecedere
817 4499 995 4586 inscriptio,
1010 4497 1059 4568 sic
1072 4503 1107 4564 et
1117 4495 1339 4565 denuntiatis
