2878 5114
218 328 281 400 478
345 403 351 412 ,
564 347 751 398 nnscrnrns
774 350 817 398 or:
841 349 990 396 svmens.

216 478 384 537 uacationis
412 475 613 554 instituendi,·
636 477 821 557 coadjutores
852 475 1014 538 rectoribus
1036 474 1247 556 parochialium
1268 482 1311 538 im·

215 596 323 673 paritis
358 597 387 652 at
415 590 548 668 infirmis
582 593 701 670 dandi,·
731 611 837 654 causas
869 611 968 654 omncs
989 593 1031 655 ad
1061 595 1161 671 torum
1181 599 1308 671 nostntn,

218 714 279 768 tarn
307 709 344 770 dc
365 711 437 787 jura
466 725 555 786 quam
577 725 616 769 aa
646 683 857 770 consuetudine
884 712 1050 788 spectantes
1079 715 1108 769 at
1133 713 1309 788 pertinentes,

216 827 335 886 etiarnsi
364 823 485 886 baccus
512 827 586 902 sint,
618 825 810 904 capnosccudi
838 831 868 886 ct
901 825 1078 902 decidendi,·
1106 825 1203 886 edicta
1228 831 1315 886 nostra

216 941 401 1019 eaeqmcndi‚·
422 957 561 1002 censuras
581 941 768 1017 fulminandi
774 962 789 1018 ,·
802 941 840 1002 ab
857 941 974 1018 ordine,
1000 939 1116 1019 officiis,
1136 941 1317 1003 administra

217 1058 297 1118 lianc
311 1061 340 1116 et
361 1055 521 1134 tenendis,
540 1062 633 1136 prout
641 1060 727 1137 juris
745 1060 813 1132 erit,
837 1057 1048 1136 suspendendi,
1066 1058 1220 1137 privandi,
1237 1057 1317 1118 desti·

219 1172 357 1233 nunna
367 1171 723 1252 deportandi-inquisitas,
737 1177 1036 1236 excommunicatam
1050 1191 1172 1250 camna,
1183 1190 1321 1252 suspensos

217 1293 247 1348 at
264 1289 438 1350 interdictas
453 1307 472 1349 a
483 1292 566 1367 jure,
589 1294 622 1349 in
639 1289 756 1352 casibus
774 1291 867 1353 Nobis
877 1294 1046 1371 permissis,
1063 1290 1236 1351 absoluendi
1243 1311 1256 1366 ‚·
1266 1307 1322 1350 ceu-

218 1421 268 1467 sas
281 1405 453 1465 criminales
463 1405 665 1484 connascendi,
679 1403 712 1466 'ct
728 1405 885 1468 decidendi
889 1429 904 1483 ,·
920 1405 1075 1468 bracleium
1084 1405 1320 1485 saecularcimplo

218 1521 330 1597 randi,·
339 1524 411 1600 pias
427 1519 595 1582 voluntates
610 1523 774 1600 euepnendi
784 1543 798 1598 ;
814 1526 847 1583 in
863 1526 1008 1584 erectione
1023 1527 1052 1582 et
1065 1523 1240 1600 fondatione
1254 1522 1321 1582 benc

216 1633 354 1711 dcimam
361 1639 623 1718 jurapotrcnatus
631 1638 845 1718 [amatoribus
853 1639 1052 1716 reservandi,
1066 1641 1100 1700 in
1109 1637 1322 1700 alienationibus

131 1803 135 1810 .
218 1750 359 1814 bonorum
376 1753 577 1814 Ecclesiarum
590 1759 619 1814 et
638 1754 769 1814 locorum
779 1758 903 1835 piorum
918 1755 960 1816 ad
973 1755 1105 1832 sormam
1123 1772 1272 1818 sacrorum
1284 1771 1323 1814 ce-

215 1886 326 1932 nonum
345 1871 555 1932 auctoritatem
571 1870 750 1952 praestandi,
770 1875 799 1932 et
823 1869 941 1932 dareta
965 1870 1203 1949 interponendi;
1222 1870 1324 1930 litteras

215 1985 419 2048 monitorioles
434 1989 466 2046 in
477 1987 575 2064 forma
591 1983 819 2066 significantes
837 2004 893 2064 pra
906 1986 991 2048 rebus
1000 1987 1178 2066 deperditis,
1196 2003 1245 2046 san
1254 1969 1324 2064 furto

214 2103 386 2177 subtractis,
410 2105 505 2182 juata
527 2104 655 2180 formam
666 2105 760 2183 juris,
778 2107 807 2164 et
823 2102 937 2164 ballam
952 2107 1050 2165 sancti
1069 2105 1123 2164 Pii
1140 2101 1321 2166 Vconccdca·
1412 2155 1413 2158 ,

214 2217 269 2293 di‚·
285 2217 421 2278 ecclcsios
434 2235 544 2295 omnes,
566 2219 629 2278 loca
643 2221 700 2298 pio
714 2221 806 2280 etiarn
815 2223 964 2298 aaampta,
977 2223 1006 2277 et
1021 2222 1207 2280 monasteria
1221 2220 1320 2278 monn»

215 2329 289 2390 lium
302 2331 450 2392 visitandi
457 2352 472 2408 ,·
493 2331 612 2392 litteras
627 2331 806 2410 apostolicos
822 2331 915 2394 Nobis
931 2349 981 2391 scu
999 2333 1118 2392 Vicaria
1134 2337 1236 2392 nostro
1252 2329 1319 2390 dire·

198 2452 276 2507 -ctas
291 2452 321 2507 at
335 2448 510 2528 diripcndas
528 2447 695 2528 aperiendi,
719 2453 748 2508 et
770 2443 848 2530 (nisi,
867 2447 1020 2510 industria
1037 2465 1175 2527 persona
1191 2439 1316 2526 elipabnr)

213 2562 400 2642 aneqmndi;
412 2564 658 2641 jurisdictionem
682 2565 714 2623 in
735 2563 888 2642 repuleras
914 2568 943 2624 et
966 2568 1131 2642 exemptos,
1152 2563 1193 2624 ad
1207 2563 1317 2640 smmum

218 2682 297 2740 sacri
316 2679 436 2740 concilii
453 2679 635 2756 Tridentini,
658 2682 904 2740 constitutionum
919 2680 1163 2758 apostolicarum,
1186 2684 1215 2739 et
1233 2678 1316 2738 dare·

219 2799 316 2856 torum
330 2797 430 2856 Sacra
444 2797 691 2874 Conprapctionis
708 2793 885 2874 anercandi,·
897 2799 1116 2875 jurameutum,
1139 2795 1181 2856 ad
1201 2795 1316 2872 affectam

219 2915 336 2972 tanturn
350 2911 470 2989 apendi,
484 2917 514 2972 et
527 2910 684 2974 dummodo
693 2911 906 2974 absolutionem
915 2916 1050 2991 petentes
1058 2915 1180 2992 perpuri
1189 2912 1312 2982 nansint,

218 3027 402 3104 relaxandi·
423 3028 618 3105 confessarios
638 3033 701 3088 tum
721 3027 878 3088 saculares
899 3033 962 3090 tum
976 3029 1130 3106 copulares
1153 3025 1221 3110 (nan
1235 3032 1316 3087 iamet

217 3138 404 3224 mutulinm)
421 3144 628 3220 examinandi,
648 3150 677 3205 et
697 3143 740 3204 ad
759 3147 875 3224 tempus
889 3144 1078 3224 approbandi
1084 3165 1100 3221 ,·
1114 3149 1145 3206 et
1162 3143 1317 3223 [munim

217 3262 260 3319 ais
277 3277 442 3320 concessam
453 3277 492 3320 aa
509 3278 599 3322 causa
617 3261 798 3338 reuocandi;
812 3261 997 3322 uoluntatem
1008 3261 1183 3340 praeliarem
1202 3260 1317 3322 lodium

218 3375 373 3454 relipionis
383 3379 529 3456 suscipere
542 3379 604 3438 siae
614 3375 757 3456 profiteri
777 3377 939 3440 nolentium
951 3374 1054 3461 (Nobis
1061 3379 1214 3458 impeditis
1221 3382 1270 3438 aut
1280 3375 1319 3438 ab

219 3487 360 3572 sentibus)
376 3491 558 3572 explorandi
565 3513 580 3569 ;
604 3492 741 3554 licentias
750 3510 809 3572 pro
831 3497 969 3572 inpressu
986 3496 1019 3554 in
1037 3493 1208 3554 clausuram
1221 3494 1320 3554 monia·

220 3607 305 3684 liam,
326 3609 481 3688 prorabns
495 3613 612 3670 tantum
625 3614 810 3688 necessariis,
832 3608 1021 3688 officialibus,
1043 3609 1224 3686 artificium,
1246 3614 1321 3672 atro·

219 3721 296 3786 lonis
309 3724 496 3788 concedendi.
514 3727 638 3788 &narn
648 3725 861 3806 supellectilem
874 3725 994 3805 aliaque
1008 3727 1186 3790 indumenta
1201 3725 1322 3788 eccam

218 3843 312 3917 stica,
327 3843 361 3924 in
371 3841 476 3920 quibus
483 3858 569 3902 sacra
579 3845 680 3904 unctio
688 3859 748 3902 non
758 3841 918 3904 adhibetur
929 3838 1083 3924 (quantun
1093 3843 1135 3904 ad
1147 3861 1203 3906 nos
1212 3835 1321 3923 spectu)

219 3953 425 4032 benedicendi·
442 3974 534 4018 unum
553 3958 600 4017 nal
620 3957 726 4036 plures
748 3960 888 4033 aiamim,
911 3957 1004 4018 Nobis
1017 3957 1200 4035 absentibus,
1221 3961 1252 4018 in
1265 3971 1323 4018 casu

219 4072 347 4150 alicujus
369 4076 564 4150 necessitatis,
594 4090 661 4134 cunc
682 4073 784 4134 eadam
809 4071 857 4132 ael
880 4074 991 4134 minori
1016 4077 1197 4134 anctoritate
1221 4074 1324 4134 namna

219 4193 321 4248 nostro
333 4187 374 4248 ad
389 4191 502 4266 tempus
515 4187 714 4249 substituendi
721 4209 736 4265 ,·
749 4193 779 4248 et
788 4193 895 4250 catera
909 4187 1066 4252 enarrandi
1078 4206 1144 4267 pua
1153 4190 1196 4252 ad
1209 4187 1323 4266 officim

219 4307 384 4366 nunciatus
403 4308 564 4366 nocerentur
579 4307 742 4382 pertirnrc.
767 4305 908 4366 Volumus
922 4309 1023 4366 autam
1040 4305 1120 4383 qseod
1137 4308 1172 4367 in
1187 4307 1322 4367 Vmarinn

159 4495 161 4499 ,
220 4425 249 4482 at
264 4418 427 4498 Officialam
450 4425 584 4482 nastrum
594 4421 760 4497 panaraiem
774 4439 873 4484 omnm
889 4422 981 4484 Nobis
1004 4425 1038 4484 in
1058 4425 1237 4502 episcopatu,
1256 4426 1283 4482 et
1294 4421 1319 4480 in
