2930 5114
269 350 331 414 552
616 369 802 416 ennarrans
826 367 869 415 on
891 367 1040 415 ruamus.

265 494 301 556 -20
314 495 403 574 qnod.
412 542 418 556 .
427 541 449 570 .,
465 501 536 558 eia:
551 513 672 576 onmqne
689 515 729 558 en
738 487 856 580 proerin
867 501 959 558 anria
970 498 1183 576 informatione
1197 519 1216 561 a
1229 503 1305 564 neiis
1316 502 1358 564 ia·

185 674 188 680 ,
267 610 341 684 iiio,
356 617 450 690 proni
471 615 504 673 in
523 615 612 688 ariis,
632 612 814 692 snffioieniia
828 616 1013 689 emerserint,
1032 618 1067 674 ni
1080 620 1274 694 pronaniiare
1288 618 1359 680 deie-

267 743 375 804 remas,
391 733 483 807 prom
504 735 534 789 ei
549 734 826 809 pronuntiavimus,
844 736 978 792 constare
995 732 1032 793 de
1045 733 1130 810 samo
1142 733 1261 814 probino
1272 740 1361 796 ranira

263 845 429 924 prasainm
442 845 597 907 Andrean
615 849 645 908 Ν
648 894 669 924 .,
693 865 814 928 eamqne
829 848 943 926 sonmm
957 865 1017 908 non
1033 850 1071 911 oi
1089 852 1220 910 inimicis
1241 857 1267 910 ei
1284 851 1362 911 nale·

267 960 354 1034 veiis,
372 959 424 1022 sed
436 979 455 1022 a
468 963 612 1041 pravidos
622 967 760 1044 personis
775 969 872 1026 ariam
886 983 897 1024 .·
912 965 1068 1026 ideirooni
1081 969 1158 1027 satis
1174 965 1266 1044 affinio
1278 974 1363 1028 nostro

264 1074 421 1152 sodames,
436 1078 619 1139 deorenimns
631 1080 764 1142 eamdem
777 1081 931 1142 dominnm
948 1082 1100 1144 Andream
1115 1083 1156 1145 N.
1171 1086 1276 1161 citare,
1287 1089 1363 1163 praui

267 1191 459 1254 iarnmserie
472 1196 610 1272 eiiamns,
630 1195 712 1259 ad...
732 1194 914 1280 (etreliqua
933 1202 1079 1278 utsupra
1096 1201 1111 1274 5
1128 1193 1171 1280 1).
1189 1218 1205 1257 n

775 1469 791 1541 S
810 1465 864 1527 lv.

267 1686 350 1734 Farina
363 1685 450 1735 cinnii
466 1687 519 1747 Rei,
534 1685 626 1750 quaudo
647 1685 783 1747 proceditur
797 1700 825 1734 ox
838 1697 902 1734 mero
917 1683 1001 1747 officio,
1019 1687 1048 1735 oh
1063 1687 1143 1748 gravia
1160 1687 1337 1749 omnimoda,
1349 1689 1368 1736 ia

388 1781 538 1846 inquisitione
564 1781 676 1844 generali,
700 1782 736 1830 vel
765 1783 788 1830 in
812 1780 858 1830 alio
884 1795 1007 1844 processu,
1029 1782 1174 1844 judicialiter
1199 1783 1285 1833 hahita.

314 2034 330 2072 a
346 2016 407 2078 Nos
423 2017 454 2077 N
457 2062 479 2090 .,
493 2019 735 2106 reverendissimi
749 2021 889 2100 Episoopi
901 2024 930 2083 Ν
933 2066 956 2096 .,
978 2022 1118 2082 Vioarins
1132 2023 1280 2101 peneraiis
1293 2041 1302 2082 :
1314 2039 1370 2083 ann

267 2136 300 2194 in
317 2149 494 2212 praeessu...
518 2129 563 2216 (ei
578 2130 623 2196 ibi
633 2130 824 2216 designetur
838 2133 893 2200 ille
909 2131 1090 2218 prooessus)
1106 2139 1191 2217 apad
1201 2142 1309 2200 cariam
1321 2141 1371 2216 epi·

269 2250 415 2330 seopaiem
433 2251 582 2330 pendente
599 2247 663 2334 (vel
686 2269 781 2332 nnper
801 2251 919 2334 dadiim·
933 2251 986 2316 vel
1011 2256 1043 2314 in
1065 2255 1178 2314 nitima
1197 2257 1372 2334 inq-nisidoro

268 2367 402 2444 paeanii
417 2385 437 2428 a
452 2367 697 2430 reverendissimo
718 2369 863 2447 Episcopo
886 2370 924 2430 Ν.
935 2368 1130 2448 jndiciaiiier
1151 2367 1245 2452 saeta)
1264 2387 1371 2432 enema

270 2488 335 2546 rint
349 2485 540 2563 probationes
559 2481 625 2567 (vel
642 2488 750 2564 pradia
772 2479 898 2567 indicia)
919 2487 956 2548 de
974 2487 1129 2550 nannniiis
1150 2489 1268 2550 deiieiis
1291 2506 1308 2548 a
1327 2487 1372 2548 da-

271 2605 352 2664 nina
371 2601 492 2666 Andron
506 2605 545 2666 Ν.
562 2604 734 2682 presbytero
745 2607 889 2682 patratis,
904 2609 996 2684 proed
1009 2607 1042 2664 in
1054 2609 1132 2667 neiis
1148 2605 1224 2668 dieii
1235 2621 1372 2686 praeesses

273 2715 341 2800 (vel
350 2721 439 2782 dieta
451 2718 601 2798 peneraiis
617 2714 852 2801 inquisitionis);
865 2737 968 2800 nempe
986 2720 1204 2800 1⁰qaod...,2⁰
1215 2722 1300 2800 qnod,
1313 2725 1371 2781 eia:

273 2836 386 2898 ideireo
404 2841 439 2898 ni
462 2839 579 2896 mnneri
590 2841 691 2898 nostro
705 2836 940 2914 satissaeiamas,
957 2842 986 2898 ei
999 2854 1036 2898 ne
1054 2837 1166 2900 delirio
1180 2841 1325 2918 imponito
1336 2854 1373 2897 re·

275 2959 426 3030 maneani,
458 2957 553 3014 nitore
575 2953 759 3014 dederimus
777 2953 942 3032 prasainm
970 2953 1125 3014 dominnm
1147 2954 1297 3016 Andrean
1324 2952 1369 3027 Ν.,

271 3075 363 3150 proni
381 3068 573 3130 nornmserie
587 3072 725 3145 adamas,
745 3069 786 3132 od
802 3071 1032 3150 comparandam
1046 3087 1148 3132 eornm
1163 3071 1257 3133 Nobis
1271 3073 1303 3130 in
1309 3069 1373 3130 aaa

276 3187 441 3265 Episcopii,
458 3190 492 3248 in
507 3204 563 3265 qno
586 3187 729 3248 reniiiari
747 3187 842 3246 saleni
864 3204 961 3247 easnsa
986 3187 1205 3264 ecclesiastieae,
1221 3192 1256 3248 ni
1284 3185 1323 3246 iii
1343 3181 1374 3242 od

271 3305 451 3382 praeempta
469 3318 621 3364 saorornm
640 3320 787 3364 eanonnrn
801 3305 838 3365 de
856 3306 1027 3365 memoratis
1045 3304 1165 3366 deiieiis
1180 3306 1372 3366 examinetur:

270 3436 329 3498 pro
347 3436 403 3497 qno
419 3422 446 3478 ei
467 3423 628 3480 siaiaimns
649 3424 784 3500 spniinm
806 3423 934 3500 iripinia
955 3421 1084 3497 diernm,
1107 3419 1187 3481 ab...
1208 3415 1373 3504 (etreliqua

278 3539 428 3616 utsupra
446 3539 462 3612 5
483 3530 525 3616 l).
547 3555 563 3594 n

801 3768 871 3846 Π.

599 4003 682 4050 Formo
696 3999 781 4050 citandi
796 4013 863 4050 reum
876 4012 918 4063 per
932 3998 1041 4049 edietum.
1115 3995 1118 3998 '

323 4241 478 4309 Adhiberi
493 4247 611 4326 potest,
632 4258 692 4324 pro
708 4241 796 4306 varia
812 4235 1012 4322 procedendi
1027 4239 1089 4316 via,
1104 4257 1170 4304 una
1193 4259 1235 4304 ex
1253 4234 1371 4323 premis

280 4361 322 4425 sis
340 4361 488 4425 formulis
499 4377 601 4443 usque
616 4358 658 4424 ad
672 4374 784 4442 voees;
800 4348 911 4424 ideireo
922 4364 956 4422 ni
974 4363 1091 4420 maneri
1106 4364 1211 4421 nosiro
1225 4357 1370 4437 sarasan·

282 4497 358 4556 rans,
379 4493 517 4560 quorum
542 4477 612 4541 looo
628 4477 672 4540 sio
694 4481 856 4558 ponatur:
