2848 5118
370 405 372 413 ·
495 387 574 436 ross
594 387 753 438 morans.
1122 377 1182 442 ist

92 511 293 594 ratlegaverit
307 531 342 578 se
355 511 501 596 judicem
516 511 636 578 habere
648 517 848 594 suspectum,
862 533 970 578 ooram
984 514 1101 582 eodem
1113 535 1190 582 oau-

93 643 173 691 csam
192 625 288 712 justae
310 628 499 710 suspicionis
521 628 678 710 assignet;
695 627 815 710 etipse
832 646 905 693 cum
921 629 1118 710 adversario,
1136 631 1190 698 uei

92 741 245 828 «tetrarte
258 741 484 810 adversarium
498 761 562 810 non
576 741 704 827 habeat)
720 763 796 810 oum
808 742 932 829 judice,
951 745 1091 814 arbitros
1103 765 1190 812 com·

94 857 252 924 unaniter
273 859 373 942 eligat
389 880 397 923 :
414 864 471 924 aut
487 859 513 924 si
528 860 743 924 communiter
766 861 941 927 convenire
963 879 1028 926 non
1053 861 1188 946 possint,

94 973 226 1060 «ubsque
245 976 366 1040 molitio
382 976 451 1059 ipse
466 993 579 1052 unum,
597 982 631 1040 et
645 975 699 1041 ille
716 976 812 1042 ulium
831 977 940 1060 eligat,
958 979 1014 1063 qui
1030 976 1072 1044 dc
1090 980 1192 1063 suspi*

93 1091 206 1156 arionis
220 1109 317 1158 eausa
333 1099 549 1175 cognoscant:
572 1099 617 1169 et,
637 1092 664 1157 si
678 1093 888 1176 nequiverint
902 1093 1046 1159 inunum
1060 1113 1193 1160 concor·

94 1205 188 1274 «dare
202 1209 414 1286 sententiam,
439 1207 601 1274 advocent
624 1208 779 1292 tertium3
800 1215 839 1274 ut
860 1207 949 1294 quod
968 1209 1034 1275 duo
1054 1230 1096 1277 es
1118 1211 1194 1294 ipsis

94 1321 332 1402 «decreverint,
352 1324 455 1390 robur
471 1323 616 1392 obtineat
639 1324 803 1391 firmitatis
827 1347 834 1390 :
859 1327 1026 1411 sciantque
1046 1345 1080 1392 se
1101 1323 1193 1392 adid

93 1437 253 1506 «fideliter
276 1439 527 1524 exequendum,
552 1459 593 1507 en
615 1439 762 1526 iniuncto
780 1440 912 1507 aNobis
927 1442 960 1505 in
977 1441 1098 1506 virtute
1116 1441 1194 1507 obc-

94 1553 252 1633 rdientiae,
270 1555 332 1620 sub
351 1554 568 1622 obtestatione
588 1554 690 1620 diuini
705 1553 837 1640 judicii,
863 1556 1012 1622 districto
1027 1562 1193 1640 praecepto

93 1671 224 1738 «teneri.
241 1671 344 1738 Causa
356 1690 435 1738 vero
446 1671 633 1755 suspicionis
645 1671 788 1755 legitima
802 1689 910 1738 coram
925 1673 1001 1758 ipsis
1011 1674 1097 1738 intra
1111 1688 1195 1738 conr·

93 1794 276 1872 «petentem
302 1787 480 1855 terminum
503 1807 567 1854 non
590 1785 744 1872 probata,
769 1808 827 1853 suo
847 1788 1071 1874 jurisdictione
1093 1786 1195 1874 judex

92 1912 232 1970 «utatur.
249 1904 290 1970 Aa
302 1905 371 1987 ipsa
385 1903 521 1989 probato
537 1904 692 1988 legitimo,
707 1903 749 1970 de
764 1906 959 1970 recusatoris
975 1923 1106 1970 assensu
1121 1922 1196 1988 pcr-

91 2038 194 2086 rsonae
220 2018 348 2114 idoneae
372 2019 551 2085 committat
577 2019 742 2102 negotium
765 2027 949 2098 recusatus,
969 2021 1023 2084 vel
1042 2019 1084 2085 ad
1100 2017 1197 2104 supc'·

91 2137 229 2202 ariorem
244 2136 494 2212 transmittatur,
509 2137 593 2202 utin
608 2155 648 2201 eo
663 2138 733 2222 ipso
749 2135 906 2220 procedat
918 2135 1096 2203 seeundum
1108 2134 1196 2221 quod

90 2251 210 2328 «inerit
226 2251 482 2336 procedendum.
500 2281 515 2308 »

124 2370 219 2436 Praeit
244 2375 354 2436 nutem
381 2369 455 2436 huic
481 2367 639 2436 decretali
667 2369 799 2435 rubrica
824 2369 985 2456 ejusmodi
1011 2369 1197 2436 :attolens

90 2482 253 2567 «judicem
271 2502 439 2560 recusare,
459 2481 561 2551 debet
583 2501 691 2550 coram
716 2483 832 2550 eodem
855 2485 1046 2568 suspicionis
1068 2503 1195 2550 causam

89 2597 314 2682 «probabilem
336 2616 531 2682 proponere,
553 2605 587 2662 et
605 2616 677 2662 eam
696 2617 805 2664 coram
827 2599 957 2664 arbitris
980 2598 1196 2664 communiter

89 2712 269 2796 religendis
280 2712 421 2797 probare
438 2734 445 2777 ε
460 2730 524 2796 qua
535 2705 600 2778 aon
612 2712 759 2796 probata,
774 2731 832 2778 sua
845 2711 1070 2798 jurisdictione
1092 2710 1196 2796 judex

90 2831 217 2896 «utitur
229 2829 264 2894 in
279 2828 453 2912 principali
471 2849 479 2893 ε
497 2847 536 2894 ea
552 2847 633 2894 uero
647 2827 801 2912 probata,
818 2829 956 2894 remittit
973 2829 1138 2912 negotium
1154 2825 1197 2892 ad

90 2945 332 3029 «superiorem,
351 2942 404 3010 rel
418 2963 545 3012 causam
562 2945 734 3010 committit
747 2943 789 3012 de
805 2946 1000 3011 recusatoris
1015 2963 1157 3010 assensu.
1177 2965 1194 3008 r
1304 2991 1307 2996 .

124 3065 164 3130 11.
189 3067 242 3128 Es
261 3068 428 3146 promissis
450 3064 655 3126 ecelesiasticis
679 3065 809 3144 lapibus,
837 3066 911 3145 qaid
928 3069 1012 3146 juris
1035 3067 1197 3126 eommunis

86 3189 208 3262 emcrpot
230 3183 460 3246 armentar.
477 3215 523 3228 --
541 3182 570 3244 1ο
583 3180 727 3245 Tenetur
749 3199 902 3246 recusans
926 3199 1034 3246 coram
1055 3179 1197 3262 ¹ipsomet

86 3304 229 3362 recusato
241 3293 352 3380 judice
369 3281 498 3360 causam
513 3295 703 3378 suspicionis
717 3313 893 3378 exponere.

125 3413 160 3476 2⁰
173 3411 305 3479 Debent
329 3417 442 3493 posteo
463 3410 539 3493 eligi
563 3409 696 3487 arbitri,
722 3410 778 3495 qui
802 3408 845 3476 de
871 3430 966 3476 causa
989 3410 1198 3477 recusationis

85 3539 272 3612 cognoscant
291 3538 326 3597 et
343 3529 502 3614 judicent.
1186 3525 1189 3532 ’

125 3648 158 3712 3⁰
170 3647 201 3712 Si
215 3645 302 3714 adsit
317 3645 432 3731 aliquis
447 3652 550 3721 actor,
567 3644 670 3712 debet
686 3645 803 3711 electio
819 3643 1020 3710 arbitrorum
1031 3643 1073 3710 ab
1087 3651 1197 3712 actore

87 3769 117 3828 et
138 3782 195 3830 reo
213 3763 377 3830 communi
392 3779 551 3828 consensu
566 3760 655 3839 fieri,
671 3762 698 3828 si
712 3760 911 3828 concordare
924 3760 958 3826 in
973 3760 1172 3844 hoo-possint
1188 3783 1195 3826 ι

87 3893 191 3957 secus,
209 3879 311 3946 debet
333 3897 410 3944 reus
431 3897 532 3944 uuum
551 3877 710 3942 arbitrum
730 3878 868 3961 eligere,
887 3883 920 3942 et
934 3876 1140 3970 sdversarius
1154 3877 1199 3943 al·

87 3997 201 4060 terum.

131 4109 165 4172 4⁰
184 4111 213 4176 Si
229 4109 332 4196 judex
349 4108 507 4194 procedat
523 4131 564 4177 ex
580 4109 697 4188 officio,
723 4111 770 4176 ita
792 4118 830 4176 ut
851 4108 976 4176 nonsit
993 4106 1199 4174 adversarius

91 4224 193 4304 quiin
208 4225 331 4312 judicio
349 4234 462 4292 contro
481 4245 573 4292 reum
590 4234 681 4310 agat,
705 4225 806 4293 debet
823 4224 982 4311 praedicto
1000 4223 1096 4290 modo
1112 4220 1198 4288 arbi·

92 4342 213 4408 trorum
227 4343 345 4412 electio
359 4341 432 4410 fieri
445 4363 464 4407 a
477 4361 536 4410 reo
549 4350 583 4410 et
598 4363 617 4408 a
629 4341 738 4428 judice
755 4348 916 4408 recusato.

137 4459 170 4520 5⁰
190 4459 300 4526 Siduo
318 4460 433 4527 arbitri
446 4460 492 4528 sia
505 4459 603 4530 electi
622 4458 822 4530 concordare
834 4461 868 4531 io
883 4457 1019 4536 ferenda
1038 4455 1198 4532 sententia
