2878 5114
265 361 330 426 aas
611 378 798 430 ranchinus
822 380 865 430 nu
888 382 1037 431 runicus.

267 507 376 572 aierit
398 505 440 572 ad
469 506 609 572 secunda
633 513 723 585 vota,
754 507 874 592 absque
900 528 940 573 eo
965 503 1053 592 quod
1073 505 1143 590 ipse
1167 507 1254 571 testis
1276 509 1349 570 sciat.

268 644 283 683 a
297 622 328 685 Si
339 620 547 705 responderit
562 619 768 696 alllrmative,
789 621 1044 706 supersedeatur
1058 622 1092 685 in
1107 622 1246 699 licentia,
1268 619 1354 685 donec

266 759 283 799 a
300 735 523 820 producantur
532 743 644 814 testes,
658 757 719 821 per
732 757 812 822 quas
828 739 976 821 negativa
990 745 1175 803 coarctetur
1188 734 1356 802 concluden-

267 862 357 918 nter.
377 855 409 918 Si
425 873 504 919 vero
523 855 683 936 negative,
1042 855 1044 860 '

311 973 365 1036 14ιι
384 972 638 1053 alitterrogetur
657 969 698 1034 de
721 989 816 1036 causa
836 971 994 1053 scientiae3
1014 989 1076 1055 qua
1096 989 1261 1055 perpensa,
1274 969 1357 1054 jader

267 1107 283 1148 a
300 1087 422 1170 poterit
437 1084 595 1169 judicare,
611 1107 651 1151 an
670 1087 710 1149 sit
725 1085 934 1151 concedenda
942 1077 1073 1150 lieentia
1090 1087 1143 1152 vel
1160 1107 1212 1152 ne.

314 1225 329 1262 a
351 1201 382 1266 si
397 1201 626 1266 contrahentes
647 1208 722 1266 sunt
739 1203 824 1284 vagi,
849 1221 913 1266 non
934 1201 1135 1284 procedatur
1154 1201 1196 1267 ad
1216 1201 1358 1266 licentiam

268 1307 528 1395 «contrahendi,
553 1319 611 1383 nisi
634 1317 771 1384 doceant
798 1339 857 1401 per
879 1317 962 1383 tides
978 1317 1224 1385 ordinariorum
1247 1335 1358 1383 suorum
1414 1305 1415 1322 ¹

269 1457 285 1496 a
301 1453 370 1499 esse
394 1433 533 1516 liher‘os5
557 1440 591 1498 et
611 1434 643 1497 in
673 1434 742 1498 aliis
762 1443 889 1499 servata
909 1435 1013 1499 forma
1034 1435 1164 1500 concilii
1179 1431 1357 1504 Tridentini,

272 1573 289 1611 n
305 1551 410 1633 capite
428 1554 528 1626 Multi,
546 1550 695 1614 sessionis
712 1551 765 1614 24.
866 1625 873 1637 Ι

313 1664 452 1742 «Fides,
471 1667 595 1750 aliaque
617 1665 809 1730 documenta
831 1686 901 1751 qma
919 1665 1148 1749 producuntur
1164 1665 1206 1731 de
1222 1663 1357 1749 partibus,

268 1807 285 1844 n
302 1803 366 1848 non
385 1782 609 1860 admittantur,
633 1783 691 1847 nisi
715 1785 778 1848 siiit
797 1775 919 1847 munita
942 1784 1045 1866 sigillo
1061 1791 1095 1848 et
1117 1783 1282 1866 legalitate
1303 1781 1361 1863 lipi-

269 1921 284 1961 a
304 1901 392 1982 scopi
410 1897 578 1977 ordinarii,
599 1906 632 1963 et
647 1899 813 1982 recognita
833 1899 947 1964 saltem
966 1918 1026 1982 per
1045 1907 1147 1964 testes
1164 1901 1220 1983 qui
1241 1897 1361 1962 habeant

271 2023 415 2079 anetam
437 2023 620 2080 manumet
646 2015 806 2098 sigillum3
829 2023 862 2078 et
886 2021 1011 2079 attente
1036 2013 1265 2079 consideretur
1283 2011 1358 2086 fides,

271 2155 287 2193 a
303 2151 362 2196 scu
381 2132 565 2196 testimonia
587 2131 671 2196 hene
695 2137 728 2196 et
748 2129 983 2195 concludenter
999 2127 1209 2195 identificent
1229 2146 1361 2214 personas

272 2273 288 2311 a
307 2247 349 2314 de
368 2248 486 2333 quibus
501 2248 619 2332 agitur.

314 2385 330 2424 a
344 2364 410 2427 Pro
424 2363 563 2428 testibus
580 2361 615 2424 in
634 2361 693 2426 hac
707 2361 843 2426 materia
861 2362 1060 2444 recipiantur
1076 2361 1179 2444 magis
1199 2359 1362 2442 consangui·
1416 2387 1417 2408 a

270 2501 287 2542 a
303 2481 357 2545 nei
374 2497 470 2564 (param
486 2478 652 2562 extranei3
670 2478 746 2562 quia
764 2486 1006 2562 presumuntur
1018 2477 1133 2542 melius
1145 2475 1323 2559 informati3
1337 2479 1361 2538 et

270 2623 284 2652 a
304 2597 390 2661 cives
404 2597 504 2678 magis
520 2613 616 2679 qnam
631 2594 746 2660 exteri.
765 2595 831 2658 Nec
848 2591 1064 2658 admittantur
1090 2593 1238 2658 homines
1254 2591 1319 2674 vagi
1336 2595 1361 2652 et

269 2713 432 2788 «milites,
452 2711 514 2775 nisi
526 2709 602 2774 data
621 2727 717 2774 eausa
730 2715 764 2773 et
772 2717 902 2773 maturo
918 2709 1063 2774 consilio.
1086 2709 1126 2773 iit
1146 2710 1361 2774 notariusera-

270 2845 288 2888 n*
301 2837 352 2894 cte
377 2826 540 2892 describat
561 2845 732 2910 personam
758 2827 870 2908 testis3
894 2843 991 2908 quem
1007 2825 1034 2888 si
1057 2825 1244 2908 cognoscit,
1271 2831 1363 2890 utatur

266 2943 450 3020 «clausula,
466 2945 542 3005 mihi
553 2946 622 3005 hene
636 2949 781 3023 capotius.
797 2941 850 3004 Sin
865 2942 980 3017 minus,
996 2959 1132 3005 examen
1146 2961 1213 3004 non
1230 2941 1360 3024 recipiat,

267 3085 284 3124 «
298 3061 359 3126 nisi
383 3079 447 3124 una
472 3079 546 3124 cum
562 3078 699 3142 persona
712 3060 815 3136 testis,
836 3059 942 3142 aliqua
960 3057 1022 3122 alia
1038 3065 1237 3142 compareat,
1254 3057 1363 3141 cognita

268 3201 284 3239 n
299 3177 443 3255 notario,
465 3182 500 3240 et
519 3195 590 3260 quae
606 3181 781 3240 attestetur
802 3174 844 3240 de
869 3177 996 3240 nomine
1016 3181 1049 3239 et
1073 3179 1265 3257 cognomine
1283 3175 1363 3258 ipsius

268 3318 284 3357 a
304 3295 413 3371 testis,
423 3312 550 3358 necnon
564 3291 605 3355 de
621 3289 797 3356 idoneitate
812 3290 956 3375 ejusdem
976 3291 1017 3356 ad
1033 3292 1259 3356 testimonium
1275 3292 1362 3356 fercn-

268 3410 387 3475 ndum.
406 3411 446 3474 ut
467 3407 652 3492 hujusmodi
680 3407 880 3472 examinibus
908 3407 1008 3473 debet
1037 3410 1211 3485 interesse,
1229 3411 1262 3473 in
1290 3406 1362 3472 Urbe

268 3556 281 3583 a
301 3529 387 3593 ultra
401 3529 572 3603 notarium,
589 3525 730 3591 officialis
746 3525 930 3608 specialiter
947 3523 1158 3608 deputandus
1174 3526 1216 3590 ab
1233 3526 1364 3590 Eminen

267 3667 283 3704 α
304 3644 426 3708 tissime
441 3643 582 3724 Vicari03
606 3649 639 3705 et
653 3649 745 3705 extra
766 3641 896 3717 urbem,
918 3642 972 3705 vel
985 3639 1131 3704 vicarius
1146 3641 1308 3724 Episcopi,
1323 3637 1363 3702 ael

268 3759 400 3840 «siliqua
410 3757 470 3820 alia
484 3773 620 3838 persona
632 3755 763 3838 insignis
775 3755 945 3832 etidonea,
964 3754 1006 3819 ab
1022 3755 1180 3839 Episcopo
1197 3755 1363 3839 specialiter

268 3870 485 3956 «deputanda
507 3893 514 3935 ε
536 3872 612 3935 alias
633 3871 788 3954 puniatur
809 3873 953 3936 notarius
974 3871 1226 3937 arbitriosaerae
1243 3873 1362 3954 Congre-

267 3989 404 4065 «tianis
423 3995 457 4051 et
470 3986 662 4052 Ordinarius
676 4007 741 4052 non
757 3989 927 4071 permittat
946 3987 1276 4071 fleripuhlicationes.

311 4129 327 4166 «
348 4102 708 4186 Ordinariipraecipiant
717 4103 866 4168 omnibus
876 4109 909 4168 et
921 4102 1053 4186 singulis
1068 4103 1217 4188 parochis
1226 4104 1257 4167 in
1268 4117 1358 4169 eorum

268 4219 490 4286 adioecesihus
506 4218 729 4296 existentibus
743 4226 780 4283 ut
795 4237 855 4301 pro
869 4219 1078 4283 matrimoniis
1092 4238 1166 4283 cum
1177 4217 1295 4284 exteris
1304 4232 1359 4280 con·

269 4362 283 4396 n
302 4332 468 4400 trahendis
482 4352 547 4397 non
564 4332 682 4397 faciant
705 4333 939 4416 publicationes
953 4335 986 4397 in
1006 4351 1120 4399 eorum
1138 4334 1298 4410 Ecclesia,
1313 4326 1356 4394 nisi

268 4451 473 4517 neentiorato
486 4449 669 4527 Ordinario,
688 4469 709 4515 a
723 4469 798 4537 quo,
818 4452 870 4516 vel
886 4450 955 4538 ejus
973 4451 1115 4536 generali
1130 4451 1267 4529 vicario,
1286 4448 1354 4534 prius
