2838 5114
232 335 295 402 orl
576 341 763 398 ruacra‘rus
785 341 830 398 nt
851 340 998 397 sonions.

234 481 268 542 1ο
283 475 440 544 adoneus
457 475 639 560 emptiones
660 480 695 538 et
713 471 927 556 venditiones,
945 473 1044 538 etism
1060 471 1147 538 scota
1164 471 1336 556 solutione3

232 591 268 660 2⁶
280 592 438 670 adsersus
453 591 718 676 permutationes,
736 589 923 666 locationes,
943 585 1190 667 conductiones,
1208 587 1339 655 societa-

230 715 293 788 tes,
311 717 434 785 mutua,
452 715 487 773 et
504 721 725 793 quoscumque
742 705 821 771 alios
837 721 990 771 onerosos
1011 709 1216 789 contractus3
1239 707 1274 770 3⁰
1290 704 1340 770 ad·

231 835 346 891 versas
365 823 632 908 compromissum
655 823 689 886 in
708 820 872 906 judicem3
899 824 933 885 50
944 819 1102 886 adversus
1120 817 1337 897 donationem,
1414 883 1415 898 ,

203 969 205 974 ·
232 939 330 1005 etiarn
357 957 398 1004 ex
424 957 532 1015 caum,
554 937 648 1003 vorbi
678 937 791 1020 gratia,
812 936 1099 1019 remunerationis3
1131 937 1167 1002 60
1192 935 1341 1002 adversus

232 1054 408 1121 aditionem
440 1052 657 1130 haereditatis,
683 1052 711 1116 si
737 1051 907 1135 damnosu;
933 1053 987 1117 vel
1018 1051 1296 1135 repudiationem,
1319 1055 1340 1118 si

232 1171 323 1238 utilis
344 1170 444 1236 inisse
462 1167 636 1236 haereditas
660 1173 816 1252 appareat
836 1166 948 1254 (modo
972 1173 1083 1233 tamen
1105 1187 1158 1234 res
1177 1170 1219 1234 sit
1244 1167 1339 1234 adhuc

231 1285 389 1372 integra);
407 1292 441 1353 7⁰
457 1285 614 1364 adversus
638 1286 848 1369 sententiam
876 1287 910 1350 80
940 1283 1101 1350 adversus
1124 1285 1339 1370 appellationis

233 1402 343 1491 fatalia
356 1425 363 1487 ;
378 1407 414 1470 90
428 1401 585 1468 adversus
599 1402 841 1484 usucapionem.
859 1399 942 1466 l'ide
963 1399 998 1465 id
1010 1400 1177 1467 'firmatum
1195 1396 1283 1486 aptid
1296 1422 1338 1467 oo-

233 1519 386 1597 nonistas,
408 1519 466 1584 ubi
483 1518 659 1601 explanant
673 1517 805 1582 titulum
820 1517 875 1595 ll,
889 1516 989 1582 libril
1012 1515 1239 1584 decretalium.

278 1615 538 1718 Respondeoi‘,
557 1651 576 1697 s
591 1633 755 1717 praemissa
770 1631 914 1716 generali
932 1631 1044 1715 regula
1058 1631 1166 1716 excipi
1179 1633 1338 1700 nonnullos

234 1756 337 1826 actus,
353 1756 466 1814 contra
484 1765 565 1834 quos
586 1767 650 1814 non
674 1745 782 1824 datur,
804 1747 903 1812 etiam
923 1747 1112 1826 minoribus,
1134 1749 1295 1815 restitutio
1310 1749 1336 1812 in

233 1865 408 1947 integrum.
426 1860 592 1948 Ejusmodi
607 1869 706 1928 suat:
728 1866 760 1926 10
772 1863 1022 1928 matrimonium.
1040 1863 1336 1945 Quantumviseain

234 1979 322 2064 qais,
348 1979 447 2044 etiam
476 1979 595 2056 mium,
622 1995 663 2044 ex
686 1977 890 2042 matrimonio
915 1985 1081 2046 contracto
1110 1981 1206 2046 laesus
1228 1979 1335 2058 luerit,
1416 1971 1417 1994 ³

234 2095 323 2162 nullo
336 2094 483 2161 remedio
500 2093 530 2159 el
548 2095 695 2159 succurri
712 2101 823 2177 potest
841 2101 879 2159 ut
892 2096 1086 2162 restituatur
1101 2097 1136 2162 in
1151 2103 1241 2163 statu
1253 2097 1338 2162 liher-

233 2211 322 2289 tutis,
343 2210 419 2296 qaia
434 2210 672 2275 matrimonium
687 2216 738 2274 est
748 2207 982 2275 indissolubile.
1005 2213 1040 2275 2⁰
1054 2209 1086 2276 Si
1101 2212 1206 2278 minor
1226 2213 1339 2277 venian

234 2325 341 2390 etatis
362 2325 608 2409 impetraverit,
629 2329 743 2390 contra
761 2331 854 2390 aetus
877 2331 990 2409 postes
1012 2333 1120 2410 gestos
1143 2347 1209 2394 non
1231 2327 1340 2393 hahere

233 2441 358 2526 peterit
369 2441 610 2506 restitutionem
619 2424 653 2504 in
662 2441 838 2525 integrum,
858 2443 918 2507 nisi
931 2443 963 2506 ln
975 2441 1014 2507 iis
1028 2443 1156 2509 casibus
1172 2452 1207 2510 'et
1223 2447 1341 2511 cumeis
1417 2411 1418 2462 Τ

234 2553 488 2637 conditionibus,
517 2554 637 2638 quibus
658 2555 746 2620 illam
774 2553 895 2622 hahere
917 2562 1041 2640 posset,
1071 2559 1099 2624 si
1121 2557 1211 2626 foret
1239 2559 1338 2646 major.

239 2674 275 2737 30
289 2671 379 2736 Idem
398 2677 448 2735 est
468 2670 505 2747 si,
526 2669 628 2755 major
640 2651 761 2759 'factus
777 2678 886 2738 actum
905 2682 1012 2739 ratum
1029 2675 1192 2742 habuerit.
1216 2677 1251 2742 4⁰
1269 2677 1340 2741 ltem

241 2787 279 2864 si,
296 2786 376 2851 lioet
398 2786 515 2863 minor,
538 2793 648 2851 uotum
666 2783 853 2870 juramento
878 2788 1075 2869 firmaverit,
1101 2789 1144 2858 ob
1162 2792 1341 2877 religionem

236 2921 355 2987 nempe
377 2901 554 2987 juramenti
576 2901 693 2989 (capite
714 2905 789 2968 Curet
806 2911 960 2988 continuat
981 2909 1041 2985 28,
1065 2909 1104 2972 de
1126 2913 1342 2994 Jorejorandn·

237 3019 343 3103 cupite
359 3023 505 3099 momnis
522 3019 557 3097 2,
574 3021 612 3082 de
626 3022 741 3098 Poetis,
755 3020 835 3104 in8;
853 3021 927 3104 lege
938 3025 979 3088 st
996 3030 1095 3087 minor
1113 3028 1141 3102 l,
1162 3032 1196 3090 et
1218 3025 1342 3092 authen·

236 3133 301 3199 tica
326 3137 521 3198 &commta
540 3136 699 3216 pubem
729 3155 759 3199 c.
784 3140 819 3200 st
837 3139 982 3202 adoneus
996 3137 1124 3224 coedit).
1148 3145 1182 3206 5⁰
1197 3143 1231 3207 Si
1250 3144 1342 3207 minor

238 3248 402 3315 simularit
423 3267 458 3315 se
473 3267 546 3314 esse
568 3248 736 3334 inaurem,
753 3258 791 3317 ut
809 3252 907 3318 alium
923 3253 966 3320 ad
983 3255 1245 3324 contrahendum
1259 3257 1341 3324 inda·

238 3371 341 3430 aeret.
360 3365 395 3428 6⁰
410 3363 443 3428 Si
465 3363 624 3438 beneflcio
645 3366 861 3433 restitutionis
886 3369 920 3432 in
942 3371 1106 3456 integrum
1134 3373 1242 3440 minor
1263 3371 1341 3459 jura·

239 3486 354 3546 monto
364 3479 612 3544 renuntiaverit.
631 3485 667 3546 70
682 3477 801 3547 Gontra
817 3483 1050 3566 professionem
1073 3486 1257 3572 religiosam
1276 3507 1341 3553 con

239 3595 313 3663 cedi
326 3595 566 3662 restitutionem
583 3597 617 3660 in
634 3597 810 3681 integrum,
827 3601 924 3665 etiam
944 3601 1055 3686 elapso
1070 3605 1298 3690 quinquennio,
1313 3607 1341 3667 et

238 3712 467 3778 nonobstante
486 3710 676 3778 Tridentino
700 3715 734 3778 in
754 3715 953 3783 contrarium
975 3718 1122 3798 decreto,
1143 3717 1219 3786 vide
1237 3715 1341 3806 proba·

237 3835 310 3893 tum
327 3827 418 3899 infre,
438 3826 546 3914 (hujus
565 3831 715 3896 sectionis
734 3829 841 3915 capite
862 3835 896 3913 l,
915 3831 990 3919 52).
1014 3839 1047 3901 80
1067 3834 1098 3900 si
1112 3837 1201 3902 laesio
1214 3827 1285 3903 'non
1307 3835 1341 3898 sit

212 3931 219 3956 ⁸
239 3941 402 4023 notabilis,
420 3960 486 4008 aon
505 3942 605 4009 datur
618 3947 784 4011 restitutio
797 3945 830 4013 in
843 3949 1017 4034 integrum.

234 4041 250 4114 ’.
284 4058 557 4138 Qunsr105·.-
570 4064 864 4140 menomenas
879 4085 899 4128 o
914 4069 1077 4149 onjooocs
1092 4071 1238 4150 ceperam
1254 4065 1337 4150 poor

239 4174 415 4252 demetrium
429 4181 676 4240 restitutionum
694 4183 868 4262 intepram?
879 4219 923 4230 —
939 4183 987 4247 Ex
1005 4181 1118 4262 dictis,
1141 4205 1207 4250 non
1225 4191 1332 4250 natan

240 4290 430 4370 minorihus,
451 4292 542 4357 otiis
563 4295 619 4376 qni
644 4295 821 4362 minoribus
844 4299 1086 4384 equiparentur
1103 4300 1209 4389 (verbi
1223 4299 1328 4386 gratia.

242 4407 386 4472 emissus
399 4415 433 4470 et
447 4407 526 4472 louis
538 4407 609 4493 piis)
625 4414 779 4494 competit
799 4414 993 4480 beneficium
1017 4419 1227 4486 restitutionis
1246 4417 1273 4481 ia
1293 4415 1329 4476 in·
