2848 5118
444 373 448 382 ·
508 353 587 402 naas
607 330 769 402 mennon.
842 379 855 394 ·.
1137 336 1201 400 att

95 476 291 563 attonitam
318 479 391 562 lage
410 476 563 563 laedit,
592 475 625 544 ff.
653 481 727 558 Qua
752 480 900 542 saltatio
920 479 985 540 ιίιιε
1003 477 1204 558 appellatam

94 591 243 677 raatiad.);
258 599 294 660 et
307 592 379 676 lege
395 597 430 658 Si
444 611 618 676 aapreasm
628 591 696 678 (19,
714 590 748 656 ff.
765 595 802 656 da
816 593 935 674 Appetl.
949 598 979 656 at
993 587 1113 674 relat).

130 710 161 774 Si
177 728 257 776 vero
275 727 369 774 error
382 709 417 773 in
434 709 596 774 sententia
611 727 676 776 noa
695 707 909 790 exprimatur,
940 703 1115 772 dicendum
1130 724 1203 773 sen·-

93 825 231 902 tantiam,
248 823 309 890 etsi
323 822 569 906 logtslaesivam,
590 841 659 888 esse
675 820 815 888 validam
829 843 838 904 ;
852 821 900 888 ita
913 827 951 886 ut
969 821 1030 887 nisi
1043 820 1129 886 intra
1139 819 1197 886 de-

94 957 157 1008 oaat
174 938 456 1021 dieaappellatur‚
478 943 623 1002 transeat
636 937 670 1002 in
683 955 754 1002 rem
774 935 963 1020 judicatam.
984 935 1069 1002 Vide
1082 934 1118 1001 id
1129 954 1204 1024 prta¹

93 1052 196 1120 ntum
209 1050 298 1137 apud
313 1051 600 1135 Sohmalzgrueher
620 1051 667 1136 (in
682 1053 735 1116 tit.
756 1053 811 1128 27,
831 1050 909 1116 libri
924 1048 1059 1128 idean,
1080 1048 1202 1140 1¹·42ie

130 1169 171 1234 Π.
192 1173 241 1236 Ao
266 1170 367 1232 voleat
391 1172 539 1234 enatato
564 1174 669 1232 contro
684 1171 739 1248 jus
755 1169 907 1247 litiqootis
930 1168 1019 1230 toto?
1036 1201 1081 1216 -
1095 1167 1206 1248 Quan-

92 1285 204 1350 tuntais
231 1267 392 1367 eiusnodi
415 1283 577 1348 sententia
598 1283 709 1366 iniqua
733 1284 776 1348 sit
801 1279 909 1371 (modo
926 1288 1036 1349 tamen
1053 1281 1203 1366 iniquitas

93 1404 205 1464 aalma
220 1395 365 1481 nonsit),
381 1377 568 1464 'sustinetur
582 1417 642 1462 sen
657 1395 765 1464 valida
779 1403 846 1480 est;
863 1397 909 1460 ita
922 1402 960 1461 ut
975 1395 1033 1461 nisi
1049 1394 1203 1464 condem·

96 1519 194 1590 natus,
214 1512 301 1580 intra
318 1511 513 1578 decendium
538 1511 692 1594 appellet,
714 1510 749 1574 in
768 1529 837 1576 rem
849 1491 1029 1594 indicatam
1044 1503 1200 1578 transeat.

96 1629 141 1694 lta
153 1635 266 1696 tenent
284 1626 437 1692 doctores
451 1627 678 1709 communitar3
697 1633 795 1710 atque
814 1625 861 1690 ita
880 1644 996 1691 revera
1009 1623 1201 1704 tenendum,

97 1741 352 1826 videprobatum
367 1740 455 1824 apud
473 1740 763 1826 schmalzgrueb'er
781 1735 991 1828 (citato-loco,
1003 1760 1037 1804 n.
1052 1738 1120 1824 43).
1181 1790 1184 1796 ,

135 1857 284 1937 Quasno
299 1864 343 1922 7².
355 1859 461 1932 Ὶ--Αιι
467 1859 569 1939 jodici
582 1858 745 1938 aliquando
762 1858 850 1919 liceat
863 1861 967 1918 eontra
980 1860 1034 1936 jos
1049 1860 1200 1946 strictam,

97 1990 133 2036 aa
147 1978 284 2052 equitate
303 1973 351 2034 ael
369 1974 434 2035 olio
456 1974 493 2034 de
519 1991 609 2034 conso
631 1973 852 2052 pronuntiare?
869 2006 914 2020 —
932 1968 1206 2053 Respondendum

98 2087 237 2169 negative
258 2085 367 2170 quoad
390 2083 535 2170 judicem
558 2085 764 2163 inferiorem,
786 2084 871 2150 idest
895 2103 995 2170 penes
1018 2103 1116 2169 quem
1139 2101 1204 2159 non

97 2209 152 2268 stat
162 2210 305 2285 potestas
318 2202 426 2285 legem
438 2204 542 2284 ipsam
560 2195 698 2268 tollendi
713 2208 770 2266 aut
785 2200 944 2270 mutandi.
961 2200 1067 2286 Atque
1077 2201 1123 2268 ita
1137 2209 1204 2268 tra-

99 2314 172 2382 tlnnt
196 2316 348 2384 doctores
380 2318 652 2384 communissima.
676 2316 801 2384 «Ratio
823 2322 885 2394 est,
905 2317 980 2400 quia
1003 2315 1083 2382 iacti
1100 2316 1203 2406 solunt

104 2459 115 2484 ·
133 2434 261 2516 questio
277 2431 397 2516 judicis
418 2433 555 2498 arbitrio
573 2432 786 2517 relinquitur;
807 2450 878 2516 quae
893 2438 1004 2496 autem
1017 2439 1094 2497 sunt
1107 2430 1200 2515 juris,

105 2547 202 2631 «legis
214 2547 414 2616 authoritati.
434 2546 567 2614 Undesi
583 2554 696 2613 eontra
707 2545 761 2631 jus
772 2564 927 2630 expresse
937 2544 1042 2630 judex
1058 2565 1203 2638 pronunf

104 2665 200 2740 «tiet,
220 2663 423 2734 lunationem
435 2661 555 2746 judicis
569 2680 738 2746 egressus,
754 2661 974 2746 legislatorem
992 2681 1028 2728 aa
1046 2661 1166 2742 facit..
1183 2692 1197 2720 ι

100 2776 398 2861 (tamalzgauahen
413 2777 452 2842 in
464 2777 516 2842 tit.
531 2781 586 2856 27,
603 2778 627 2843 1.
646 2776 786 2856 idean,
798 2797 831 2840 n.
854 2774 923 2860 47.)

135 2891 280 2973 Qnasno
304 2895 397 2958 8·.-
418 2895 467 2957 Αιι
479 2896 520 2956 od
535 2895 667 2958 votnem
686 2899 839 2957 sententio
853 2913 966 2958 neeesse
980 2898 1021 2956 ait
1044 2912 1111 2988 eant
1123 2883 1201 2988 ferat

98 3011 359 3090 calamanno.
379 3045 425 3056 -
444 3007 676 3092 Respondetur
692 3007 893 3075 affirmative.
912 3005 1101 3094 etquidem
1116 3008 1201 3079 trina
1328 3009 1329 3014 ’

98 3124 247 3204 citatione,
276 3125 332 3189 vel
354 3143 419 3205 nna
445 3126 681 3208 peremptoria,
705 3132 817 3208 portes
839 3123 951 3191 vocari
972 3144 1107 3193 neeesse
1134 3133 1195 3194 ast.

97 3235 216 3305 Constat
228 3259 272 3305 ex
286 3240 485 3315 clementina
498 3244 669 3320 Pastorolis
676 3240 720 3326 (2,
732 3243 770 3304 de
778 3243 934 3330 Sententia
944 3248 973 3303 et
987 3239 1193 3334 rejudtootnii

95 3373 208 3422 aaonon
234 3375 276 3422 ex
299 3355 371 3439 tage
388 3360 436 3440 Ea
451 3377 516 3438 qna
530 3364 562 3434 7,
579 3364 615 3422 et
629 3355 757 3444 duabus
777 3355 997 3441 sequentibus,
1018 3357 1106 3425 tituli
1120 3362 1199 3438 Quo·

96 3473 173 3538 modo
184 3479 214 3534 at
229 3465 471 3566 qomodojodeoe,
482 3471 674 3538 iustinianei
688 3470 825 3554 oodiois3
841 3490 883 3538 ex
899 3470 1020 3556 quibus
1039 3471 1194 3558 textibus,

96 3587 269 3662 sententia,
288 3603 358 3670 qnae
373 3586 438 3652 lata
456 3593 506 3652 est
526 3587 631 3654 altero
653 3587 848 3672 litigantium
869 3606 934 3655 non
952 3587 1068 3668 citato,
1085 3587 1135 3654 rei
1143 3585 1197 3674 ju·

97 3681 199 3766 nean
212 3692 348 3768 firmitas
365 3709 514 3784 negatur.
552 3757 556 3764 .
628 3761 630 3765 .

134 3815 247 3900 st-pars
260 3818 373 3894 citata,
385 3838 443 3901 per
457 3824 674 3884 contumaciam
696 3836 760 3884 non
780 3824 983 3910 compareat,
1001 3815 1109 3885 valide
1124 3836 1198 3902 pro·

98 3931 223 3997 nuntiari
237 3933 399 3998 sententia
412 3939 531 4017 potest.
547 3933 680 3998 Constat
694 3952 735 3998 ex
750 3932 846 3998 modo
859 3932 957 3997 citata
972 3933 1045 4016 lege
1056 3937 1103 3996 Ea
1116 3953 1193 4022 quaa,

98 4058 209 4112 necnon
229 4065 271 4112 ex
292 4046 477 4114 authentica
502 4053 562 4128 Qut
592 4051 681 4112 semet
717 4047 816 4134 (ood.‚
853 4051 1005 4128 Quomodo
1024 4055 1054 4112 et
1078 4051 1197 4132 quoodo

97 4159 207 4244 labala
229 4161 273 4228 Si.
291 4180 368 4248 para
391 4163 490 4228 citata
515 4163 614 4242 absit,
644 4162 703 4229 sed
730 4167 839 4246 alsqtae
862 4167 1064 4242 contumacia,
1092 4162 1193 4240 idest,

100 4291 134 4338 ex
146 4273 226 4360 insta
249 4293 356 4356 eausa
384 4279 437 4356 val
455 4279 509 4352 tlta
532 4278 619 4365 juata
635 4299 731 4348 onam
751 4287 829 4346 nota
847 4288 899 4348 est
916 4279 1030 4365 judici,
1048 4278 1103 4344 ael
1115 4297 1191 4366 non,

101 4390 129 4450 St
148 4399 245 4472 onos,
275 4401 311 4459 et
338 4392 543 4460 nihilominus
569 4393 676 4486 judan
697 4396 904 4478 pronuntiet,
934 4393 1014 4478 ejus·
1035 4393 1196 4478 sententia
