2848 5118
205 338 267 402 am
549 352 736 406 moranus
758 355 803 406 na
825 355 974 408 auctoris.

86 473 90 492 '
200 477 294 548 litem
311 478 375 546 sibi
399 495 476 546 reus
494 477 745 548 contradiceret.
767 482 848 548 Nam
874 477 1084 548 contestando
1101 469 1207 556 litam,
1223 477 1316 546 verbi

202 594 317 680 gratia,
330 593 491 662 consentit
505 595 540 660 in
549 593 694 679 judicem
705 603 860 681 tanquam
872 603 1114 679 competentem
1125 602 1161 662 et
1171 613 1238 660 non
1249 612 1318 662 sas·

203 717 353 795 peetum;
370 709 512 779 absurde
530 729 610 796 ergo
628 720 742 796 postca
756 711 982 797 pretenderet
1002 710 1156 788 eumdem
1171 709 1315 796 judicem

202 825 266 894 adai
276 844 346 892 esse
358 825 477 892 'meritc
491 833 696 910 suspectum,
715 829 770 896 ael
782 826 1007 913 jmisdictione
1024 845 1150 894 carere.

248 942 377 1008 Dantur
390 948 501 1008 mmen
518 940 561 1007 ad
575 941 764 1028 predictam
782 944 968 1028 generalem
986 943 1133 1028 regum
1152 943 1319 1026 exceptio·

205 1074 274 1124 nes.
286 1057 367 1122 Nam

223 1213 226 1220 .
251 1175 284 1236 1⁰
302 1172 485 1258 «Quinque
512 1189 605 1240 casus
629 1173 853 1244 adactorihns
872 1175 1106 1259 excipiuntur,
1138 1174 1174 1238 in
1202 1172 1322 1258 quihus

206 1287 450 1371 «exceptiones
466 1285 624 1356 dilatodae
640 1292 760 1376 opponi
781 1298 856 1375 post
871 1292 938 1356 litis
957 1290 1229 1356 contestationem
1247 1307 1321 1372 pos·

207 1410 339 1469 esunt:
365 1411 400 1470 et
428 1405 526 1488 primi
549 1405 683 1491 quidem
707 1414 776 1473 tres
795 1407 991 1474 authoritate
1018 1406 1133 1492 capitis
1150 1409 1322 1472 Pastorclta

209 1519 633 1606 stemmataclara:
662 1519 729 1588 duo
754 1521 873 1607 reliqui
897 1523 944 1587 sic
971 1521 1129 1588 suadente
1153 1521 1318 1606 acquitate.
1420 1523 1421 1570 ἐ

253 1639 388 1700 aPrimc
402 1635 547 1721 quidem,
569 1637 596 1702 si
618 1657 695 1704 reus
717 1638 808 1722 prius
830 1644 1029 1721 protestatus
1054 1637 1096 1702 sit
1110 1634 1200 1721 quad
1215 1635 1323 1700 salvas

158 1803 160 1806 .
208 1774 224 1814 a
241 1751 302 1818 sibi
319 1751 398 1818 velit
412 1769 482 1818 esse
496 1753 573 1817 alias
584 1755 794 1838 exceptiones
812 1753 882 1820 :hae
898 1761 1006 1820 tanmn
1026 1751 1214 1818 nominatim
1230 1755 1266 1816 et
1283 1752 1323 1824 in

206 1890 224 1931 a
242 1867 354 1952 specie
369 1867 590 1951 exprimenda
610 1877 701 1946 sunt,
720 1868 903 1954 etquidem
919 1869 953 1933 in
966 1869 1109 1953 scriptis,
1127 1885 1190 1933 nec
1204 1867 1324 1934 sufficit

206 2009 223 2042 a
238 1983 404 2066 ingenere
421 1981 533 2048 dicere
553 1986 648 2048 sclao
667 1983 1082 2068 metamaucensem
1103 1982 1262 2050 aliasnon
1277 2002 1323 2049 sa·
1421 1968 1422 2004 ³

208 2121 225 2162 a
241 2099 284 2166 tis
300 2099 467 2181 provisum
484 2099 809 2166 essetahbreviandis
816 2101 939 2166 litibus.

252 2216 435 2294 amado,
457 2214 645 2297 siprimum
666 2221 740 2299 post
758 2215 849 2282 litem
872 2222 1087 2282 contestatam
1107 2217 1258 2300 exceptio
1280 2215 1323 2282 de

208 2354 225 2393 a
240 2349 325 2397 novo
336 2335 451 2396 exorta
461 2329 580 2415 luerit3
594 2332 701 2398 velex
715 2333 801 2397 facto
816 2330 1006 2409 adversarii,
1021 2336 1060 2397 ut
1081 2331 1234 2414 exceptio
1246 2349 1321 2414 spo·
1422 2409 1423 2424 1

207 2470 224 2510 a
239 2446 291 2529 lii;
305 2446 360 2512 vel
370 2453 524 2529 respectu
532 2446 664 2532 judicis,
679 2448 783 2533 qualis
794 2455 845 2514 est
856 2449 1006 2531 exceptio
1018 2448 1249 2531 recusationis3
1269 2447 1324 2514 rel
1422 2427 1423 2438 ἵ

208 2581 224 2628 a
237 2561 387 2628 aliunde:
406 2563 561 2649 quiaque
571 2561 614 2629 dc
628 2582 714 2631 novo
730 2570 912 2647 emergunt,
929 2583 1014 2631 novo
1029 2561 1177 2647 indigent
1188 2561 1320 2630 auxilio.

253 2683 396 2756 «Tertia
414 2679 441 2743 si
452 2681 602 2762 exceptio
610 2679 744 2765 quidem
753 2679 963 2762 competebat
970 2687 1046 2744 ante
1054 2680 1324 2746 contestationem

209 2821 226 2858 a
242 2797 318 2871 litis,
335 2794 396 2862 sed
410 2801 484 2878 post
495 2815 568 2864 eam
583 2798 725 2880 primum
739 2798 880 2864 innotuit
898 2794 987 2882 qnod
1001 2803 1217 2880 competeret.
1233 2797 1324 2862 Hanc

209 2913 329 2980 «enim
348 2929 425 2978 reus
446 2911 553 2979 adhuc
572 2920 889 3000 potestoppoaere‚
911 2914 937 2979 si
957 2913 1144 2999 juramento
1166 2917 1321 2989 testetur,

210 3027 331 3117 equod
361 3028 519 3096 malitiose
545 3050 611 3100 non
640 3030 791 3113 excipiat,
814 3027 969 3096 videlicet
992 3028 1061 3094 litis
1093 3027 1324 3112 protrahendae

211 3149 355 3235 «gnada,
376 3141 437 3208 sed
450 3147 539 3229 quod
555 3151 668 3230 postea
683 3145 824 3228 primum
837 3145 983 3210 notitiam
992 3142 1063 3228 ejus
1076 3144 1251 3226 acceperit.
1262 3144 1325 3210 lla·

211 3289 228 3330 a
244 3267 290 3334 tio
304 3275 355 3334 cst
365 3265 441 3353 quia
453 3261 699 3347 impossibilium
711 3261 800 3334 nulla
812 3267 862 3327 est
876 3260 1048 3343 obligati03
1065 3265 1138 3324 erat
1147 3266 1259 3324 autem
1268 3259 1326 3326 im·

209 3406 227 3446 a
242 3383 394 3470 possibile
406 3380 631 3463 exceptionem
642 3393 822 3460 opponere,
835 3383 1008 3461 antequam
1018 3375 1073 3440 illa
1084 3374 1322 3442 innotesceret.

253 3504 413 3581 «Quarto,
433 3498 461 3562 si
473 3496 620 3580 ignorata
635 3492 769 3578 quidem
789 3511 854 3558 non
878 3491 944 3558 fuit
956 3491 1110 3575 exceptio
1123 3497 1200 3557 ante
1217 3499 1328 3558 conte·

210 3615 417 3683 «stationem
444 3614 521 3692 litis,
544 3610 604 3678 sed
628 3615 700 3676 tum
723 3609 855 3696 probari
869 3629 935 3676 non
958 3615 1100 3692 poterat,
1125 3625 1201 3674 cum
1214 3615 1324 3676 mmen

210 3740 358 3818 «postea
380 3727 541 3816 probandi
554 3728 694 3794 facultas
719 3726 822 3792 fuerit
845 3724 1019 3809 acquisita;
1037 3724 1112 3810 quia
1133 3724 1226 3806 paria
1248 3731 1325 3792 sant

210 3871 227 3912 a
244 3869 310 3918 non
324 3854 514 3931 competere
527 3846 765 3929 exceptionem,
779 3849 814 3908 et
827 3859 899 3907 eam
913 3840 1045 3924 probari
1061 3859 1127 3906 non
1136 3857 1245 3925 posse.

254 3971 412 4048 «petato,
441 3962 633 4047 siexoeptio
655 3968 751 4029 antea
772 3959 897 4037 omissa,
919 3959 1030 4024 statim
1052 3964 1087 4023 et
1107 3963 1324 4026 incontinenti

210 4090 317 4168 «post
338 4081 430 4148 litem
454 4084 667 4146 contestatam
691 4084 890 4162 opponatnr;
908 4076 983 4160 quia
1007 4093 1078 4160 quae
1105 4082 1138 4139 ta
1159 4079 1323 4140 continenti

210 4221 228 4262 a
248 4195 341 4277 liunt,
356 4198 461 4264 inesse
477 4202 662 4262 censentur.
680 4217 697 4256 a
712 4192 1026 4280 (schmalzgrueber,
1040 4192 1136 4258 intit.
1152 4194 1207 4270 25,
1225 4191 1282 4258 lib.
1300 4194 1322 4257 2

209 4313 350 4392 decret,
368 4333 405 4379 n.
428 4309 498 4396 tl.)

252 4433 287 4495 Ψ
315 4430 442 4494 Prater
456 4425 620 4510 expositos
638 4425 780 4511 quinque
799 4443 909 4503 casm,
931 4443 950 4490 a
974 4423 1088 4508 regola
1105 4422 1247 4508 generali
1266 4439 1321 4487 su·
