2878 5114
602 350 789 402 TRAG'MUS
811 353 856 401 DE
876 354 1026 404 runicus.

592 783 890 918 SECTIO
929 789 1042 922 lll.

580 1178 758 1283 Generale
784 1183 1043 1259 formularinm.

739 1530 885 1566 *00*-

301 1871 382 1935 Cum
406 1871 434 1935 is
456 1870 557 1936 luerit
580 1873 782 1938 tractationis
801 1871 935 1957 hujusce
960 1889 1078 1956 socpns
1093 1879 1141 1950 ut,
1159 1891 1221 1938 nou
1239 1877 1341 1938 tantun

255 2004 330 2051 suna
345 1993 379 2051 et
395 1987 531 2070 probata
545 1985 587 2052 de
601 1987 732 2072 judiciis
748 1989 972 2054 ecclesiasticis
986 1987 1136 2054 doctrina
1151 1994 1341 2072 exponeretur

254 2108 352 2185 atque
371 2101 570 2181 firmaretur,
587 2103 646 2169 sed
667 2112 700 2169 et
716 2106 854 2170 maxime
874 2113 912 2170 ut
930 2104 1034 2170 facilis
1054 2112 1089 2170 et
1103 2111 1222 2170 amcino
1232 2108 1341 2186 procum

255 2217 467 2301 expediendae
495 2219 544 2284 rei
563 2217 740 2305 judiciario
761 2241 875 2287 norma
899 2219 1133 2298 exhiberetur,
1159 2219 1296 2285 subnecti
1313 2213 1343 2280 ad

254 2352 348 2399 usum
361 2336 524 2400 curiarum
538 2336 830 2402 ecclesiasticarum
853 2336 1012 2402 sufficiens
1032 2336 1244 2402 formularum
1258 2351 1340 2418 pron-

253 2451 427 2533 ptuarium‚
446 2452 515 2534 ipsa
527 2453 635 2535 operis
649 2453 732 2517 ratio
748 2453 945 2536 postulabat.

297 2564 394 2647 Quod
407 2565 539 2650 quidem
557 2566 792 2646 formularum,
811 2589 852 2635 ex
867 2568 971 2652 magis
984 2567 1155 2651 probatoa
1170 2565 1341 2638 doctoribus,

253 2688 288 2746 et
306 2683 489 2765 generalius
506 2683 650 2749 incuriis
665 2685 889 2750 ecclesiasticis
903 2690 1038 2766 recepto
1053 2683 1152 2767 stylo,
1170 2688 1340 2754 extractum,

252 2799 297 2862 ita
312 2799 396 2864 notis
409 2799 467 2864 ubi
481 2818 563 2882 opus
578 2800 641 2865 fuit
657 2799 917 2876 interseruimus,
936 2806 974 2863 ut
988 2798 1123 2863 seorsim
1141 2799 1239 2863 etiam
1255 2816 1272 2861 a
1288 2795 1343 2860 reli·

252 2930 317 2998 quo
342 2932 441 2997 opere
469 2915 667 2998 perlectum,
700 2914 895 2999 judiciorum
924 2915 1217 2980 ecclesiasticorum
1243 2911 1344 2996 praxim

252 3030 329 3093 satis
348 3048 409 3113 per
427 3050 462 3095 se
484 3029 665 3114 panderet3
687 3007 785 3115 atque
808 3031 846 3095 iis
866 3028 1030 3116 judicibus
1048 3027 1283 3105 ecclesiasticis,
1301 3025 1343 3109 qui

252 3164 367 3229 magna
396 3146 559 3212 volumina
580 3148 776 3231 pervaluere
806 3151 991 3231 nequeunt,
1019 3163 1080 3228 pro
1105 3144 1243 3229 quadam
1262 3140 1343 3210 veluti

252 3260 504 3342 manuductione
518 3282 587 3328 esse
604 3270 723 3347 posset.

296 3375 359 3441 Sed
374 3385 409 3443 et
421 3379 454 3455 ii,
473 3397 553 3463 quos
567 3381 729 3464 reliquum
748 3384 924 3444 tractatum
944 3385 1095 3443 nostrum
1110 3376 1222 3460 legere
1240 3394 1298 3442 uon
1311 3372 1344 3456 pi·

250 3493 368 3576 guerit,
392 3494 495 3559 multa
514 3494 639 3559 facilius
653 3503 687 3560 et
707 3495 826 3560 elarius
840 3513 882 3559 ex
898 3493 1100 3569 formulario,
1125 3511 1222 3577 quam
1234 3512 1273 3558 ex
1290 3490 1343 3572 ipsa

250 3609 395 3675 theorica
414 3609 649 3693 disceptatione
663 3611 856 3694 intelligent.

293 3724 389 3807 Quod
405 3732 514 3791 autem
530 3724 695 3808 duplicem
714 3725 884 3791 dumtaxat
904 3724 1119 3790 formularum
1140 3723 1341 3790 collectionem

249 3841 457 3907 exhibeamus
475 3842 598 3928 (earum
616 3861 734 3926 nempe
753 3861 823 3927 quae
841 3841 884 3907 ad
903 3842 1001 3907 ouriae
1014 3841 1209 3926 episcopalis
1228 3838 1341 3907 ordinu-

247 3956 380 4034 tionem‚
398 3965 432 4023 et
450 3978 563 4023 earum
579 3977 649 4043 quae
667 3957 709 4024 ad
725 3977 913 4043 processum
926 3958 1127 4022 criminalem
1143 3949 1338 4032 referuntur),

246 4092 311 4138 non
326 4072 466 4139 miretur
484 4075 598 4152 lector,
620 4082 677 4140 aut
695 4073 778 4140 adeo
799 4093 949 4140 mancum
967 4074 1192 4140 formularium
1215 4077 1339 4138 nostrum

248 4189 421 4254 existimet.
441 4188 600 4255 Advertet
621 4192 707 4256 enim
724 4192 902 4274 praecipuas
918 4197 1021 4256 esset
1036 4189 1263 4274 frequentioris
1279 4201 1338 4250 usus

247 4323 335 4389 esse;
351 4310 483 4370 caeteras
510 4324 589 4370 vero
612 4324 684 4391 que
709 4304 987 4386 desiderarentur,
1016 4325 1059 4372 ex
1083 4306 1146 4370 illis
1171 4299 1333 4389 precipuis

246 4420 348 4494 ueluti
364 4440 404 4487 ex
419 4430 509 4506 typo,
525 4421 611 4487 facili
633 4424 763 4506 negotio
783 4443 874 4511 posse
899 4425 1053 4513 suppleri.
1073 4421 1167 4492 Unde
1198 4441 1256 4487 non
1282 4421 1334 4480 crui
