2848 5118
563 341 750 409 'mcum
771 351 816 403 bu
836 353 985 410 dumetis·
1013 356 1018 368 '

664 643 797 714 carun
822 647 893 712 var.
914 595 927 743 ζ

263 913 308 962 on
329 889 546 960 amurmcnn
562 909 705 957 acsrruu
729 907 792 956 nno
815 879 1075 959 cncrrrnnrmnn
1097 910 1284 961 rnocnssus.

261 1163 412 1264 Questuo
435 1180 476 1244 1·.
497 1213 543 1227 -
556 1179 604 1242 Ao
620 1183 785 1242 necessario
802 1179 942 1260 socienda
957 1181 999 1241 sit
1015 1183 1135 1242 testium
1151 1183 1185 1241 io
1195 1197 1324 1260 procem
1406 1201 1407 1214 2

216 1297 410 1388 informottoo
425 1299 665 1358 examinatorum
680 1297 838 1378 repetitio?
849 1331 895 1342 -
910 1291 1106 1378 Respondeo
1125 1315 1133 1360 :
1150 1293 1177 1358 si
1190 1312 1264 1358 reus
1278 1309 1325 1357 no

215 1408 314 1486 luerit
328 1405 492 1474 declarare
509 1427 542 1472 se
558 1405 679 1473 habere
690 1415 793 1474 testes
807 1425 867 1492 pro
882 1407 1028 1492 legitime
1041 1407 1148 1474 citatis
1164 1415 1199 1472 et
1219 1407 1323 1472 exomi-

216 1523 312 1602 natis‚
329 1524 458 1589 omnino
472 1541 603 1588 necesse
627 1529 678 1587 est
696 1521 769 1586 fieri
792 1522 935 1607 ipsorum
951 1522 1192 1608 repetitionem,
1209 1520 1243 1586 id
1267 1527 1319 1597 est,

217 1657 273 1706 cos
288 1637 397 1705 denuo
420 1638 606 1716 examinari,
624 1638 724 1702 citato
744 1637 835 1720 prins
849 1656 917 1715 reo,
934 1635 976 1701 ad
994 1635 1174 1702 videndum
1201 1633 1322 1701 eosdem
1407 1631 1408 1666 ³

213 1753 432 1847 jrnromentum
459 1750 500 1818 de
515 1751 651 1820 dicenda
675 1753 813 1818 veritate
839 1759 1041 1838 praestantes.
1067 1751 1153 1816 Alias
1171 1751 1218 1816 illi
1232 1757 1322 1816 testes

216 1869 296 1935 nihii
313 1879 426 1935 contra
440 1888 534 1934 rcum
549 1866 738 1952 probarent,
757 1868 883 1933 etiarnsi
904 1867 991 1938 mille
1011 1875 1120 1962 essent
1134 1868 1222 1931 onmi
1237 1883 1322 1932 exce-

215 1987 325 2080 ptione
351 1984 508 2072 majores;
535 2004 597 2050 nec
620 1991 730 2068 posset
747 1981 851 2069 judex
874 2004 914 2049 ex
939 2003 1054 2052 eorum
1078 1981 1321 2068 depositionibus
1408 2033 1409 2058 t

215 2120 308 2170 reum
330 2100 559 2167 condemnare.
583 2101 636 2166 Est
662 2099 822 2166 unanimis
838 2099 1010 2168 doctorum
1028 2101 1207 2177 sententia,
1235 2115 1319 2185 quam

215 2217 292 2284 uide
323 2192 571 2284 auctoritatibus
599 2217 760 2284 firmatam
794 2215 882 2304 opud
907 2218 1128 2304 Pellegrinum
1153 2217 1265 2304 (parte
1289 2215 1316 2290 t,

213 2338 292 2400 sect.
309 2331 374 2418 11).
392 2335 462 2398 Imo
477 2353 538 2399 nec
550 2334 613 2398 uim
626 2332 738 2399 indicii
751 2341 864 2403 contra
875 2353 969 2400 reum
982 2342 1060 2399 tunc
1077 2333 1237 2400 haberent
1247 2330 1319 2416 ejus

213 2449 301 2520 modi
314 2450 507 2531 testimonia,
519 2458 557 2515 ut
574 2449 692 2535 probat
704 2449 803 2518 citato
818 2449 890 2514 loco
902 2448 1054 2518 laudatus
1068 2445 1194 2516 auctor.

257 2566 408 2648 Quorsum
431 2568 475 2630 2⁸.
489 2603 535 2616 -
556 2570 698 2646 Quaenam
714 2571 777 2630 siat
795 2571 939 2650 requisito
961 2569 1002 2629 ud
1018 2569 1184 2648 lepitr'moor
1210 2569 1318 2628 testium

213 2663 438 2768 repetitionem?
453 2720 498 2731 -
520 2686 551 2748 1⁰
566 2681 676 2748 Debet
693 2700 755 2766 per
772 2680 947 2766 ipsummet
956 2679 1103 2766 jndicem
1122 2679 1319 2768 (regulariter

212 2795 386 2882 loquendo)
406 2793 492 2881 fieri3
510 2816 572 2862 nec
587 2802 696 2882 potest
712 2795 816 2881 judex
831 2816 902 2862 eam
927 2795 1025 2864 alteri
1039 2795 1222 2862 faciendam
1243 2811 1318 2872 oom-
1410 2795 1411 2844 t

212 2911 342 2978 mittere
355 2934 362 2996 ;
379 2911 477 2998 idque
494 2913 619 2978 etiamsi
630 2889 768 2997 ipsemet
782 2920 884 2978 testes
897 2913 931 2977 in
950 2932 1105 2998 processu
1120 2912 1317 2978 informatiro

211 3024 455 3090 examinaverit.
477 3023 609 3092 Constat
621 3044 662 3090 eu
674 3026 779 3109 capite
793 3025 897 3108 primo
913 3028 950 3091 de
964 3029 1098 3090 restitus
1110 3027 1268 3107 caporatie·
1282 3040 1317 3088 ex

209 3139 282 3224 lege
302 3145 465 3222 Quoniam,
487 3149 522 3206 et
546 3161 587 3208 ex
612 3141 797 3209 authentica
815 3144 905 3226 Apud
922 3145 1216 3224 eloquentissimum,
1244 3161 1272 3205 c.
1286 3140 1317 3202 dr

210 3259 284 3322 Fide
293 3263 567 3322 instrumentorum.
589 3257 684 3345 (Vide
700 3257 930 3345 Pellegrinum‚
948 3256 1023 3323 laco
1038 3255 1162 3342 citato.)

251 3373 400 3439 Diximus
417 3377 609 3456 reputorr'ter.
627 3375 707 3438 Nam
720 3373 878 3439 committi
896 3371 1037 3459 ajudice
1049 3379 1159 3457 potest
1173 3371 1316 3457 repetitio

208 3490 341 3555 testium
359 3491 393 3554 in
412 3490 623 3578 sequentibus
648 3490 794 3556 casibus:
818 3496 928 3574 primo,
956 3491 983 3555 si
1002 3492 1044 3554 sit
1066 3489 1254 3555 infirmitate
1269 3484 1316 3550 vel

208 3605 271 3673 alio
291 3607 375 3674 serio
386 3605 619 3698 impedimento
639 3604 804 3674 detentus.
823 3609 968 3687 Secundo,
987 3608 1014 3672 si
1034 3612 1137 3672 testes
1150 3599 1315 3690 repetendi

208 3723 342 3793 alterius
351 3721 582 3807 jurisdictionis
597 3724 677 3808 sint3
695 3725 769 3812 quia
783 3731 862 3788 tunc
884 3743 999 3792 eorum
1013 3741 1150 3792 examen
1173 3738 1311 3787 necessa·

208 3839 258 3904 rio
271 3846 321 3904 est
336 3838 430 3905 alteri
451 3837 726 3905 demandandum.
746 3844 858 3920 Tertio,
880 3839 907 3904 si
926 3845 1028 3905 testes
1041 3836 1214 3921 repetendi
1229 3849 1313 3901 senes

209 3956 273 4022 sint
286 3961 343 4020 aut
357 3957 482 4042 aegroti,
496 3959 551 4023 uel
565 3976 689 4042 magnae
700 3955 882 4042 dignitatis3
898 3965 978 4027 tunc
993 3957 1079 4022 enim
1093 3961 1202 4040 potest
1219 3951 1311 4038 judex

209 4073 304 4140 alteri
325 4059 579 4140 committerent
593 4073 681 4142 domi
702 4092 817 4140 eornm
830 4074 1005 4142 testimonii
1021 4073 1248 4157 repetitionem
1267 4087 1312 4132 re·

208 4191 317 4277 cipiat.

254 4311 289 4374 2⁰
314 4307 425 4392 Debet
449 4307 602 4393 repetitio
626 4309 760 4374 testium
783 4307 871 4388 fieri,
897 4305 1034 4392 perinde
1061 4325 1099 4372 ac
1125 4307 1152 4373 si
1177 4303 1309 4372 nondum

210 4423 346 4490 inissent
360 4423 555 4495 examinati:
576 4423 693 4502 idest,
721 4425 859 4492 seruatis
879 4425 918 4490 iis
935 4424 1085 4492 omnibus
1100 4442 1171 4509 quar
1190 4425 1222 4489 in
1247 4437 1310 4486 cna·
