2914 5122
252 301 293 371 82
599 314 786 364 moranus
809 317 853 364 nn
876 317 1024 384 runicus.

252 437 477 516 «stationarii,
495 437 649 515 latrones,
677 429 849 521 sacrilegos
872 447 907 506 et
930 439 1009 509 alios
1029 441 1201 511 eriminum
1230 463 1318 516 reos·
1334 448 1363 510 in

250 582 266 614 a
285 555 457 638 provinciis
473 533 717 640 conquirebant,
738 554 780 620 de
797 555 954 640 sociisque
981 565 1016 622 et
1043 560 1307 642 receptatoribus
1321 563 1364 628 in-

250 672 489 756 rterrogabant
503 672 836 755 interrogationesque
853 671 973 738 litteris
987 672 1125 741 inclusas
1137 683 1171 740 et
1183 676 1364 760 obsignator

249 812 266 856 u
280 788 322 854 ad
333 789 546 872 cognitionem
559 790 765 871 magistratus
781 788 965 871 mittebant;
981 789 1096 874 reique
1114 793 1199 858 missi
1213 813 1289 865 curu
1304 796 1365 860 alo

248 927 265 966 c
287 907 338 988 gio
356 924 398 969 ex
419 906 546 988 integro
568 901 796 981 audiebantur,
818 922 883 968 non
903 911 1030 968 tanturn
1050 906 1078 970 si
1100 907 1172 991 quis
1195 917 1365 978 aecusator

246 1041 262 1081 a
277 1027 379 1099 esset,
402 1037 518 1086 verum
534 1021 597 1086 etsi
614 1027 784 1084 accusator
799 1038 864 1083 non
881 1027 1065 1102 appareret.
1082 1045 1099 1082 n

284 1139 334 1202 De
352 1137 400 1202 his
423 1134 612 1202 officialibus
636 1133 790 1218 publiciS,
809 1134 888 1200 dicit
911 1144 1043 1202 sanctus
1067 1138 1265 1222 Augustinus
1284 1143 1360 1229 (epi-

241 1254 322 1320 stola
337 1252 424 1338 159),
438 1255 680 1331 Ireuarclrorum,
698 1256 740 1316 ad
749 1273 821 1334 quos
833 1256 949 1318 tuende
958 1257 1088 1335 putrere
1096 1263 1185 1337 pacis
1200 1262 1364 1340 cipiluntio

236 1376 379 1452 pertinet.
406 1370 451 1436 Ea
469 1376 560 1435 certe
579 1369 667 1434 notio
697 1370 773 1433 satis
789 1367 927 1445 didicat,
946 1389 1010 1436 non
1031 1372 1186 1455 quaslibet
1208 1377 1360 1456 erimina,

239 1488 419 1568 prasertim
434 1486 569 1563 occulta,
580 1486 622 1551 ab
634 1486 672 1550 iis
685 1485 821 1568 publicIs
838 1485 1027 1552 officialibus
1042 1487 1228 1559 denuntiari
1240 1495 1363 1575 potuis

240 1622 286 1676 se,
301 1603 360 1669 sed
374 1603 480 1688 aliqua
493 1610 640 1668 tantum:
657 1604 721 1666 imo
736 1601 800 1666 diei
817 1609 925 1685 potest
941 1603 1073 1672 crimina
1089 1623 1164 1672 cum
1177 1607 1223 1671 sic
1238 1607 1364 1676 denun-

241 1721 406 1786 tiabantur
421 1719 486 1804 jam
502 1719 633 1784 infamia
651 1718 704 1785 rel
725 1719 822 1784 etiam
840 1721 1036 1786 notorietate
1055 1741 1120 1788 non
1140 1725 1296 1790 caruisse.
1319 1727 1362 1792 Et

235 1835 367 1902 tandem
382 1837 409 1900 si
419 1854 532 1900 verum
547 1834 637 1900 foret
649 1835 792 1918 potuisse
810 1833 898 1918 apud
921 1836 1081 1904 Romanos
1100 1837 1222 1922 absque
1238 1843 1362 1922 proavia

237 1953 368 2018 infamia
396 1949 531 2033 procedi
552 1951 585 2012 in
618 1951 751 2014 crimina
770 1969 831 2033 per
858 1949 1025 2020 officialem
1045 1952 1210 2035 publicum
1237 1954 1358 2036 delata,

235 2067 312 2132 inde
325 2066 408 2132 male
419 2059 519 2130 illatio
532 2064 628 2144 fieret
643 2063 746 2149 adjus
758 2067 957 2144 canonicum,
974 2069 1000 2132 si
1015 2065 1056 2132 de
1072 2073 1234 2136 contraria
1247 2073 1360 2150 Eccle-

237 2185 289 2248 siae
305 2181 472 2264 disciplina
492 2180 687 2246 sufficienter
706 2189 843 2247 constet.
857 2182 1061 2256 Contrarium
1078 2192 1189 2253 antem
1213 2185 1361 2271 discipli

234 2317 308 2364 narn
327 2297 719 2362 exlnibentlnnocentiana
737 2300 919 2380 prasertim
933 2297 1078 2377 decreta,
1097 2301 1215 2383 quibus
1232 2306 1356 2386 praevia
1439 2393 1440 2398 ἵ

233 2416 364 2482 infamia
382 2412 424 2480 ad
435 2414 671 2498 inquisitionem
691 2415 865 2497 specialem
876 2417 1036 2498 exigitur3
1051 2415 1150 2501 idque
1163 2421 1355 2500 nominatim

234 2531 363 2617 quando
377 2529 419 2596 ad
433 2531 616 2596 instantiam
635 2529 873 2597 denuntiatoris
891 2531 1092 2614 proceditur.
1118 2535 1232 2618 Neque
1248 2537 1354 2605 ullum

231 2649 385 2720 indicium
395 2656 454 2726 est,
468 2645 674 2731 excipiendas
686 2646 726 2712 ab
736 2647 794 2712 hac
806 2649 951 2732 generali
964 2651 1078 2733 regula
1088 2670 1159 2716 esse
1173 2651 1349 2722 denuntia-

229 2768 343 2843 tiones,
360 2784 421 2849 per
444 2761 614 2832 officialem
633 2763 801 2847 publicum
816 2763 928 2838 iactas.
956 2766 997 2833 Et
1010 2765 1053 2830 de
1076 2767 1133 2832 tali
1155 2772 1352 2852 exceptione

230 2899 432 2965 nequaquam
449 2881 603 2961 cogitavit
618 2879 715 2942 citata
726 2879 841 2962 glossa,
853 2878 932 2946 dum
953 2899 1063 2946 casum
1075 2882 1291 2966 inquisitionis
1307 2885 1352 2951 ad

231 2996 451 3064 denuntiantis
465 2995 651 3060 instantiam
669 2995 836 3077 expendit.

273 3114 357 3180 Hinc
369 3112 477 3195 potius
485 3108 747 3202 concludendum
759 3109 892 3178 videtur
900 3115 1091 3199 praerequiri
1101 3117 1277 3202 infamiam,
1288 3141 1352 3190 ncn

228 3237 355 3308 tantum
366 3226 494 3313 quando
509 3227 656 3309 superior
671 3247 714 3303 en
723 3244 814 3292 mero
827 3225 943 3307 cilicio,
963 3231 1016 3298 vel
1029 3230 1071 3298 ad
1084 3232 1218 3318 alicujus
1232 3238 1352 3318 privati
1438 3303 1439 3320 ,

229 3345 463 3420 denuntiatoris
471 3345 665 3420 instantiam,
681 3341 841 3425 procedit,
855 3343 913 3409 sed
925 3346 1023 3412 etiam
1035 3347 1164 3431 quando
1173 3350 1217 3417 ad
1228 3352 1350 3420 instan-

228 3464 305 3528 tiam
319 3460 434 3526 fiscalis
450 3477 508 3532 seu
518 3460 714 3541 promotoris
728 3459 824 3525 curiae
841 3477 905 3524 suae
932 3461 1180 3546 inquisitionem.
1192 3467 1343 3536 instituit.

227 3579 362 3662 Semper
375 3587 495 3654 tamen,
518 3575 606 3640 salva
624 3575 827 3657 exceptione,
845 3584 1009 3645 certorum
1032 3598 1178 3660 casuum,
1193 3600 1277 3667 quos
1294 3605 1346 3652 su.

227 3715 288 3780 pra
300 3695 361 3760 sub
375 3712 512 3760 numero
531 3697 560 3770 l,
579 3692 801 3776 propositione
815 3695 847 3770 2,
865 3692 1105 3778 descripsimus.

270 3809 366 3892 Quod
377 3810 402 3876 si
417 3811 532 3886 lector,
548 3809 590 3876 ob
607 3807 758 3874 doctores
770 3810 965 3876 eontrarium
982 3812 1221 3882 conclusionem
1231 3823 1343 3886 tenen·

224 3934 286 4006 tes,
303 3927 456 4010 exposita
471 3925 627 3994 doetrinae
642 3925 676 3988 in
689 3932 797 3990 toturn
821 3929 977 3992 assentire
996 3928 1201 4009 reformidet,
1218 3939 1258 3998 ut
1282 3935 1342 4002 sal·

223 4054 291 4114 tem
302 4041 410 4129 quoad
420 4061 529 4110 casum
541 4043 649 4104 comitti
659 4043 773 4120 delicti,
786 4043 844 4134 soli
855 4045 1039 4124 delinquenti
1051 4053 1159 4127 noemi,
1174 4067 1247 4118 enm
1259 4053 1342 4118 reci.

222 4164 302 4246 piat,
319 4159 478 4228 nonnullis
487 4156 810 4242 adjectisrationibus
818 4161 976 4244 tantisper
990 4164 1153 4254 urgebat
1156 4166 1339 4236 udicialiter

222 4280 343 4348 scilicet
351 4273 581 4361 inquirendum
592 4294 657 4346 nott
668 4293 738 4340 esse
747 4275 781 4341 in
791 4273 912 4343 delicta
925 4279 1054 4346 occulta
1063 4281 1137 4346 solis
1147 4281 1337 4371 delinquen·

219 4393 308 4461 tibus
320 4392 445 4468 nociva,
461 4387 597 4456 suadere
614 4387 755 4467 videtur,
771 4398 843 4457 tum
854 4393 937 4457 ratio
946 4392 1024 4460 boni
1038 4395 1169 4478 publici,
1187 4405 1259 4466 tum
1269 4403 1335 4484 ipsa
