2930 5114
523 333 602 382 rins
628 331 786 382 sncaann.
1151 321 1213 385 557

136 481 153 520 u
172 461 256 523 Cum
272 465 370 520 autent
387 459 487 521 distros
499 460 634 521 Andreas
650 462 704 537 Ν.,
722 477 777 538 per
791 464 1016 538 procuratorene
1032 479 1052 521 a
1066 479 1129 523 reo.
1150 465 1180 525 N
1183 509 1206 538 .,

82 579 191 657 judiee
204 581 448 658 prorepattanern
461 579 582 639 tantini
592 580 787 656 peremptorii
798 577 1008 658 postulaverit,
1023 577 1058 638 ab
1069 579 1214 640 martula

88 691 310 769 impedimenta
322 691 428 770 quibus
441 669 655 771 prohibebatur
667 693 823 769 qtromtnus
834 693 916 751 intra
927 690 1043 766 dietum
1055 695 1215 752 taratrum

87 812 299 887 compareret,
323 809 454 888 prefato
477 825 539 868 rao.
559 807 662 886 judici
679 807 871 868 rationabilis
887 810 954 867 otsu
977 812 1022 868 est
1036 813 1215 886 eaeusatio;

86 923 167 983 trude
190 927 222 984 et
246 924 405 985 transtulit
420 926 651 1003 peremptorium
670 925 828 984 terrninuon
852 923 894 983 uui
916 924 1049 985 etim...
1074 959 1120 970 -
1136 901 1208 999 vet,

82 1040 220 1118 praefato
236 1057 299 1100 reo.
319 1042 358 1103 Ν.
369 1040 472 1120 judici
486 1039 678 1100 rationabilis
691 1042 757 1100 uisa
774 1045 892 1100 nonest
908 1042 1079 1118 excusatis·
1092 1041 1172 1102 ande
1185 1047 1214 1102 et

87 1145 238 1232 aborruit,
252 1175 286 1217 eu
300 1174 359 1218 nou
373 1162 501 1234 attento,
515 1157 644 1218 ulterius
659 1173 720 1218 esse
732 1157 958 1236 mundandum.
979 1156 1052 1217 Acta
1066 1163 1137 1218 sunt
1151 1156 1212 1218 bae

87 1273 179 1335 tlte...
198 1309 249 1320 -
263 1276 317 1350 Ν.,
327 1275 440 1354 judea.
457 1308 502 1321 -
519 1277 558 1336 N.
564 1322 575 1352 ‚
593 1277 760 1336 actuarius.
778 1293 794 1332 n

130 1392 170 1452 lu
177 1394 347 1470 posteriori
362 1409 443 1468 casu,
464 1387 499 1453 id
515 1396 575 1467 est,
592 1387 722 1472 quando
738 1406 814 1453 reus
826 1385 892 1472 jam
902 1385 1012 1472 elapso
1029 1396 1212 1472 perempta·

86 1504 134 1568 rio
148 1505 297 1570 termino
313 1507 536 1572 excusationes
555 1525 616 1589 per
630 1513 879 1589 procuratorem
896 1504 1006 1581 mittit,
1024 1503 1149 1571 videbit
1160 1525 1213 1589 pa·

87 1618 170 1686 riter
181 1619 289 1706 judex
304 1627 415 1686 utrum
432 1621 641 1686 rationabiles
659 1622 734 1702 sint,
752 1639 793 1685 an
807 1639 881 1684 non.
903 1621 1016 1685 Potest
1035 1621 1119 1685 enim
1140 1620 1212 1687 dari

88 1755 182 1802 casus
193 1757 261 1822 quo
278 1756 354 1803 rcus
368 1738 511 1822 legitime
523 1735 701 1821 impeditus
715 1737 826 1816 fucrit,
840 1737 1012 1822 quominus
1026 1737 1122 1802 etiarn
1137 1757 1211 1822 pro·

88 1859 279 1918 curatorem
300 1847 465 1932 mitteret,
483 1852 578 1919 verbi
602 1854 721 1937 gratie,
736 1854 762 1918 si
783 1852 898 1919 fuisset
920 1853 966 1918 ita
990 1872 1091 1938 ager,
1107 1861 1145 1919 ut
1159 1830 1211 1918 'ne

89 1969 234 2034 valuerit
253 1969 384 2056 quidem
399 1977 646 2054 procuratorem
663 1970 798 2054 eligere.
817 1969 848 2033 Si
870 1988 948 2056 ergo
963 1968 1065 2055 judex
1080 1989 1214 2036 excusa·

90 2085 196 2152 tiones
237 2087 406 2178 legitimas
431 2089 609 2165 existimet,
639 2086 674 2152 id
702 2086 901 2166 declarabit,
928 2095 965 2151 ut
999 2107 1076 2155 reus
1108 2088 1213 2170 poenis

90 2203 335 2270 contumacium
354 2225 419 2271 non
438 2203 620 2288 subjaceat3
642 2211 676 2269 et
692 2205 737 2268 sic
757 2204 880 2288 poterit
897 2205 929 2268 in
946 2205 1026 2269 actis
1043 2203 1183 2270 describi
1201 2225 1209 2270 τ

136 2324 249 2386 «Cum
273 2329 373 2384 autera
400 2324 498 2384 dictas
520 2325 657 2386 Andreas
679 2325 733 2398 N.,
755 2325 854 2404 elapso
865 2328 1065 2404 peremptorio
1085 2327 1212 2384 termino

91 2453 148 2500 uon
165 2443 392 2518 comparuisset,
410 2445 445 2500 ut
455 2458 559 2520 poeaas
572 2443 787 2501 contumacium
811 2441 970 2517 territaret,
987 2446 1210 2524 procuratorem

91 2558 185 2631 misit,
204 2559 258 2636 qai
270 2575 375 2618 causas
391 2557 532 2618 absentia
542 2559 645 2638 judici
657 2563 847 2638 proponeret.
874 2561 956 2636 Orias
983 2558 1036 2618 ille
1058 2560 1211 2638 reputanti

93 2669 256 2751 iepttirnas,
276 2679 305 2734 et
318 2678 524 2753 cousequenter
537 2675 698 2754 prestatura
715 2673 866 2736 Anarearu
882 2675 921 2735 N.
936 2679 1133 2734 contumacem
1152 2690 1211 2734 uon

91 2789 183 2862 fuisse
193 2791 362 2870 deciarans,
382 2795 410 2851 ei
424 2792 519 2852 aliurn
534 2794 693 2854 terminant
699 2793 944 2870 peremptorium,
958 2789 1036 2850 ateu
1048 2805 1190 2870 nempe...
1194 2835 1206 2866 ,
1257 2835 1259 2838 -

93 2905 131 2964 aa
146 2909 376 2988 comparendum
388 2912 567 2987 assipnaoit.
586 2929 603 2966 »
1108 2885 1114 2896 ⁴
1191 2915 1193 2920 '

123 3019 167 3086 'si
180 3041 262 3088 vcro
277 3023 498 3089 excusationes
512 3022 637 3088 irivolae
649 3019 754 3105 judici
767 3018 951 3098 videantur,
971 3016 1133 3084 scribatur
1148 3013 1210 3084 cir-

94 3135 176 3203 citer
193 3137 228 3202 in
243 3138 331 3204 hunc
348 3135 482 3202 modum
502 3159 508 3202 :

139 3278 155 3316 a
167 3261 244 3321 Cura
257 3265 397 3322 atatem...
416 3255 464 3342 (ut
478 3256 511 3320 in
531 3251 740 3340 praecedenti)
818 3258 900 3334 (tuos
918 3257 971 3318 iile
987 3261 1139 3338 reputavit
1153 3258 1210 3337 sri-

95 3375 188 3452 colas,
208 3380 236 3436 et
255 3378 460 3454 cousequenter
478 3375 592 3436 diction
607 3373 755 3434 Andrean
779 3373 809 3434 N
811 3419 832 3448 .‚
850 3376 883 3433 in
901 3378 1115 3436 contumaciam
1136 3377 1209 3435 tari·

51 3559 53 3566 Ι
95 3489 172 3551 disse
185 3492 364 3564 declaravit,
376 3497 405 3552 et
416 3491 546 3552 decreuit
557 3494 591 3551 iu
602 3507 667 3550 eum
680 3491 856 3568 proutjttris
865 3490 1035 3568 procedere.
1050 3491 1124 3552 Acta
1137 3495 1207 3552 suut

95 3602 268 3686 laedio...,
284 3612 449 3686 utensis...‚
464 3612 579 3672 aaut...
598 3641 639 3656 -
657 3609 710 3685 Ν.,
722 3607 833 3688 jutta.
858 3642 891 3651 -
905 3609 960 3684 Ν.,
982 3611 1147 3668 actuarius.
1165 3629 1182 3666 o

515 3875 648 3942 CAPUT
672 3876 787 3940 Xlllli.

213 4144 324 4195 FQRMA
348 4144 556 4199 PROGEDNDI
580 4143 708 4192 CONTRA
730 4141 956 4192 CONTUMACEM
979 4143 1083 4192 naun.

140 4414 275 4497 Quando
289 4417 505 4495 constitutus
520 4415 742 4500 peremptorie
754 4405 815 4498 per
829 4413 1047 4493 nutritorium,
1062 4433 1123 4482 nec
1137 4416 1206 4501 ipse
