2848 5118
467 342 545 390 11111
570 341 728 390 susurros.
1106 332 1170 394 209

78 466 177 550 juncti,
193 466 573 550 peculiareccpitulorum
590 485 708 531 nomen
728 486 768 532 ex
792 466 1010 554 frequentiori
1032 489 1092 534 usu
1113 470 1174 536 sibi

7 639 8 642 ,
80 581 236 648 vindicant.
256 580 351 646 Unde
368 585 504 663 capituto
526 578 605 645 nihil
624 580 712 647 aliud
728 589 804 648 sunt
819 602 916 669 quom
931 582 1080 668 praedicti
1100 588 1174 651 arti-

78 698 129 762 culi
139 706 171 762 et
190 697 374 782 positiones,
387 704 547 781 quatenus
561 697 594 760 in
610 697 712 762 causis
730 699 949 764 criminalibus
963 698 1170 766 adhibentur.

83 814 295 898 «Capitulum,
316 815 361 888 ait
386 812 590 896 Pellegrinus
607 813 689 900 (loco
705 815 775 891 cit,
798 836 831 880 n.
855 813 926 899 14),
950 822 1001 881 est
1016 819 1175 883 terminus

83 931 193 1014 :magis
213 929 393 1013 generaliS,
416 927 697 1013 comprehendens
716 929 907 1012 positionem
924 938 958 996 et
984 931 1172 998 articulum.

82 1046 177 1109 «Hinc
193 1046 352 1110 terminus
369 1043 464 1112 datus
474 1043 516 1110 ad
527 1047 767 1126 capitulandum,
788 1053 943 1111 censetur
954 1046 1050 1112 dotus
1067 1047 1110 1114 ad
1121 1069 1179 1134 po·

82 1159 238 1225 incudum
253 1167 288 1225 et
309 1158 550 1226 articulondum
569 1159 687 1225 :sede
707 1168 819 1225 contra
834 1163 994 1227 terminus
1017 1162 1113 1230 datus
1134 1165 1177 1231 cd

81 1280 278 1358 «ponendum,
304 1295 370 1339 non
397 1284 551 1342 censetur
574 1275 670 1340 dotus
690 1276 731 1341 ad
747 1277 1002 1360 capitulandum.
1029 1281 1109 1345 Hinc
1126 1289 1176 1368 est

80 1392 184 1477 «quod
205 1393 237 1456 in
261 1393 483 1458 criminalibus
509 1391 645 1457 inolevit
661 1393 788 1476 praxis,
813 1393 901 1477 quod
925 1396 1054 1480 quando
1074 1395 1178 1484 judex

79 1507 237 1591 «procedit
254 1515 368 1572 contra
384 1527 457 1574 reos
472 1515 506 1572 et
522 1506 672 1573 concedit
685 1509 745 1573 illis
757 1507 977 1589 defensiones,
997 1511 1177 1580 decernere

17 1617 21 1628 '
79 1622 177 1690 «solet
194 1621 283 1710 quod
299 1622 422 1689 dentur
437 1625 570 1704 capitulo
588 1642 646 1688 roo
664 1625 833 1708 inquisito,
856 1622 898 1689 cd
913 1624 1177 1709 respondendum

77 1768 86 1791 1
102 1758 191 1823 super
212 1738 291 1819 illis,
315 1757 386 1824 quae
407 1737 542 1802 collecta
558 1745 633 1802 sunt
648 1759 667 1803 a
682 1738 760 1804 fisco
781 1759 821 1804 ex
837 1739 1066 1808 informatione
1082 1750 1178 1827 capta

76 1883 85 1906 a
103 1864 208 1922 contra
225 1856 333 1940 ipsum
351 1852 470 1942 (reunc);
488 1853 530 1919 ad
553 1853 614 1920 hoc
629 1861 667 1919 ut
684 1854 782 1919 fiscus
797 1855 899 1938 possit
914 1856 1034 1923 habere
1055 1859 1179 1925 confes-

75 2000 85 2024 «
103 1972 217 2038 sionem
231 1973 273 2038 ab
287 1973 456 2057 inquisito,
476 1991 576 2055 super
590 1970 711 2036 delicto
728 1969 770 2036 de
787 1991 851 2056 quo
867 1973 1059 2059 inquiritur;
1082 1983 1115 2041 et
1131 1976 1177 2042 sio

75 2088 264 2172 «inquisitus
279 2086 472 2174 quandoque
488 2089 608 2152 citatur
621 2090 663 2150 od
672 2090 849 2168 capitulum,
868 2086 903 2153 id
918 2097 968 2153 est
986 2088 1029 2155 ad
1041 2097 1176 2176 respod-

75 2233 84 2256 «
102 2204 241 2271 dendum
254 2209 412 2289 capitulis·
424 2212 458 2270 et
466 2223 595 2287 semper
611 2203 825 2268 criminalistae
840 2211 979 2270 utuntur
997 2206 1058 2272 hoo
1074 2206 1176 2274 verbo

74 2348 84 2373 «
101 2309 271 2404 capitulumss
288 2321 436 2404 capitula
452 2321 537 2386 enim
552 2316 734 2384 succedunt
744 2319 816 2384 loco
832 2321 1028 2403 positionum
1041 2329 1075 2386 et
1095 2322 1175 2414 apti-

75 2438 249 2517 ·culorum,
265 2457 364 2522 super
379 2437 498 2523 quibus
510 2436 598 2501 curia
615 2433 754 2519 probare
763 2434 904 2501 intendit
915 2455 1005 2503 suam
1017 2438 1172 2506 intentio-

75 2581 85 2606 «
100 2573 167 2620 nem
180 2563 294 2620 contra
313 2572 406 2619 reum
420 2552 617 2638 inquisitum,
635 2551 689 2617 vel
703 2571 765 2635 per
779 2551 1023 2632 confessionem,
1039 2554 1093 2618 vel
1107 2573 1168 2638 per

75 2677 197 2749 «testes,
215 2679 253 2736 ut
270 2670 412 2736 habetur
425 2669 458 2733 in
476 2670 581 2752 capite
602 2671 741 2748 Qualiter
756 2676 786 2731 et
802 2671 933 2749 quondo,
950 2673 988 2732 de
1004 2673 1171 2734 denuntio·

76 2812 92 2846 ⁸,
102 2789 191 2851 uilitas.
215 2817 229 2842 ¹·

106 2903 180 2968 Huic
191 2903 316 2970 notioni
336 2900 604 2985 depositionibus,
623 2903 762 2964 articulis
782 2907 816 2965 ct
840 2903 993 2982 capitulis,
1012 2903 1172 2988 tantisper

70 3015 291 3086 immorandum
319 3017 483 3097 duximus,
505 3038 545 3082 ne
565 3017 679 3082 relicta
697 3015 757 3081 hac
772 3017 805 3080 in
825 3035 861 3080 re
885 3016 1043 3096 confusio,
1063 3015 1172 3083 dicen-

69 3129 171 3202 dorum
186 3135 435 3220 intelligentiam
446 3131 561 3199 lectori
570 3130 798 3216 praecluderet.

448 3437 450 3444 >
566 3403 659 3479 511.

68 3621 97 3668 lu
118 3631 139 3672 et
159 3625 274 3688 quomodo
304 3638 362 3674 usus
386 3625 545 3688 positionum,
569 3623 720 3672 articulorum
746 3629 769 3670 et
802 3621 974 3685 capitulorum,
999 3622 1031 3672 ait
1063 3621 1092 3672 da
1112 3624 1166 3685 11111

462 3717 579 3767 communi
598 3715 746 3766 serrandus?

102 3957 292 4026 Puorosmo
312 3959 351 4022 1¹.
378 3993 424 4004 -
448 3959 525 4020 Usus
538 3962 741 4038 positionum,
771 3955 968 4018 articulorum
993 3960 1170 4047 1111111111-Ἰ

67 4070 165 4152 luam,
189 4083 251 4139 cim
268 4080 352 4157 Juris
366 4078 529 4136 communis
546 4074 653 4134 iubere
675 4073 835 4134 censendus
864 4075 923 4166 est.¹
937 4083 983 4116 -“
1005 4070 1169 4136 Probatur

68 4187 94 4246 1⁰
108 4205 144 4252 ex
158 4191 358 4256 clementina
373 4193 456 4270 Soepe
471 4189 514 4273 (2,
529 4190 566 4251 de
579 4189 741 4250 Verborum
755 4182 887 4267 sigonii),
903 4203 967 4269 qua
976 4183 1168 4270 praedictum

66 4317 159 4382 usum,
177 4309 273 4372 etiarn
289 4308 324 4370 in
344 4303 475 4390 judiciis
497 4304 678 4368 summariis
701 4299 898 4368 servandum
921 4319 991 4365 esse
1001 4299 1066 4388 ‘boo
1075 4299 1174 4368 modo

65 4412 259 4488 decernitur:
278 4425 319 4486 Ei
329 4428 401 4504 quic
408 4427 575 4503 positiones
586 4421 628 4486 ed
641 4421 807 4500 faciliorem
822 4417 1042 4498 expeditionem
1055 4419 1168 4494 litium,

197 4537 229 4594 ll.
1021 4529 1054 4585 lt
