2878 5114
433 409 436 414 Δ
504 355 581 404 PAR!
605 357 762 410 SECUNDA.

613 645 653 712 X.

244 894 400 944 rounam
422 895 659 946 DEPUTATIONIS
682 860 845 949 inuocem
869 905 1019 955 Flscffls.

129 1155 143 1189 e
159 1137 212 1210 N„
230 1137 393 1215 Episcopus
407 1139 447 1198 N.
464 1171 509 1182 -
527 1137 641 1197 Dilecto
654 1139 695 1200 N.
705 1171 751 1183 —
766 1139 806 1198 Ut
819 1155 926 1216 consu,
947 1159 1021 1218 quas
1039 1147 1071 1203 iu
1088 1154 1189 1209 nostro

89 1251 225 1310 trimmoii
239 1255 374 1330 eopuosm‘
387 1255 561 1330 coutiperit,
579 1253 680 1312 debita
694 1270 761 1312 oum
776 1257 951 1314 maturitate
971 1256 1186 1339 discutiantur,

89 1370 114 1424 et
123 1367 195 1444 jura
209 1371 308 1427 nostri
323 1365 401 1444 fisci,
421 1384 581 1445 mensaeque
605 1373 755 1443 tueantur,
775 1369 954 1446 aduocatum
967 1368 1101 1444 fiscalem
1121 1393 1192 1454 pro-

89 1481 182 1541 uidere
196 1485 359 1562 cupientes,
377 1487 410 1543 in
425 1488 476 1544 tuo
488 1486 674 1562 intepritate,
692 1486 829 1561 scientio,
851 1490 881 1544 et
896 1503 995 1546 rerum
1009 1491 1194 1566 apendarum

88 1601 266 1678 experientia
284 1598 453 1678 plurimum
469 1602 502 1658 iu
523 1597 648 1658 Domino
670 1595 792 1674 conlisi,
821 1601 859 1660 Te
880 1600 921 1660 od
942 1601 995 1661 doc
1011 1620 1119 1665 munus
1142 1608 1197 1667 eii-

88 1715 189 1791 pimns,
209 1719 239 1774 ct
255 1713 442 1793 deputamus,
462 1731 529 1774 cum
545 1714 680 1774 omnibus
698 1713 868 1792 nonoribus,
890 1724 1111 1798 proeropotiois,
1129 1728 1199 1802 pri·

89 1829 200 1908 oiiepiis
214 1834 244 1891 et
264 1831 479 1908 emolumentis,
504 1837 564 1891 tom
584 1831 621 1892 de
634 1835 706 1911 jure
726 1849 815 1910 quam
835 1833 872 1894 de
892 1835 1101 1898 cousuetudine
1115 1842 1200 1918 cripi

88 1944 180 2006 solitis
204 1965 214 2006 :
238 1947 418 2007 Mondautes
439 1947 574 2007 munibus
587 1947 755 2025 etsiupuiis
779 1954 890 2008 nostroe
904 1951 1116 2028 jurisdictioni
1133 1954 1201 2014 sub·

86 2063 175 2137 jectis,
194 2068 230 2124 ut
249 2063 289 2124 Te
304 2067 337 2123 in
356 2063 445 2124 talem
462 2062 589 2123 imbuant
613 2068 642 2122 et
664 2069 889 2140 reeopuoseom,
907 2069 936 2124 et
949 2065 1000 2125 ubi
1017 2084 1090 2145 opus
1108 2070 1201 2147 suerit

86 2179 204 2254 faveant
230 2184 262 2239 et
279 2183 436 2240 assistant.
463 2181 501 2242 Iu
523 2197 665 2258 quorum,
688 2185 745 2240 etc.
764 2181 892 2254 Datum,
909 2187 965 2242 etc.
988 2217 1030 2228 —
1044 2185 1099 2261 N„
1129 2185 1203 2264 Epi·

86 2313 183 2376 scopus
209 2297 251 2358 N.
270 2330 315 2340 -
329 2297 385 2373 N.‚
407 2296 615 2358 concellarius.
643 2316 658 2353 s
681 2330 726 2342 —
748 2293 788 2358 m
810 2301 951 2376 ponatur
967 2296 1106 2378 sigillum
1123 2317 1199 2364 oon·

83 2415 172 2475 sueto
183 2408 269 2474 loco.

612 2641 666 2706 XI.

86 2913 239 2965 sonuum
272 2911 508 2959 DEPUTATIOMS
530 2908 727 2959 nsssnsolus
754 2908 1047 2970 MATRIMONIORUM,
1070 2913 1198 2962 NEGNOI(

314 3027 511 3078 DEFENSORIS
533 3025 759 3074 Pnornsslon'ls
782 3026 971 3076 RELIGIOSAE.

129 3292 141 3315 «
162 3268 194 3330 N
197 3312 220 3342 .,
241 3265 402 3344 Episcopus
413 3265 452 3326 N.
469 3296 515 3306 -
530 3261 645 3323 Dilecto
659 3263 689 3324 N
693 3310 699 3322 ,
714 3263 841 3322 -Cum
854 3241 1046 3324 anemurio
1063 3264 1146 3344 XIV,
1165 3271 1199 3329 in

82 3385 365 3460 constitutioneque
384 3381 491 3459 incipit
514 3375 576 3438 Dei
589 3359 809 3449 miseratione,
822 3379 952 3457 procide
965 3385 1113 3441 statutum
1133 3383 1199 3460 fuc-

82 3500 133 3574 rit,
157 3503 193 3558 ut
209 3500 244 3557 in
261 3495 445 3558 ocutiiandis
464 3481 723 3554 matrimoniorum
747 3490 871 3576 (quoties
882 3494 919 3554 dc
938 3513 1037 3556 eorum
1056 3497 1199 3558 nullitate

82 3609 193 3694 coitur)
218 3616 328 3690 coasts,
359 3612 471 3690 aliquis
487 3611 659 3698 deputetur,
677 3613 740 3688 qui,
764 3609 817 3669 sub
839 3609 1116 3673 matrimoniorum
1141 3610 1201 3676 de·

83 3726 218 3794 tonsoris
237 3732 364 3804 nomine,
394 3727 562 3788 eorumdem
597 3725 728 3785 ociorem
750 3741 790 3783 eu
817 3723 913 3802 officio
953 3730 1123 3804 sustiucot;
1155 3730 1200 3789 id-

82 3851 156 3910 eirco
178 3847 252 3923 Nos,
279 3846 316 3906 de
337 3851 390 3906 tua
408 3845 571 3906 idoneitate
590 3847 619 3902 et
635 3841 788 3919 probitate
808 3844 944 3920 opprime
965 3846 1085 3920 conscii,
1107 3843 1200 3906 Tcod

82 3964 262 4044 cupiendum
274 3965 306 4022 iu
319 3966 423 4022 nostro
439 3963 523 4020 curia
538 3959 652 4018 dictum
664 3955 807 4036 officium,
818 3959 915 4036 juxta
923 3958 1122 4040 proeioudutoe
1136 3979 1203 4022 cou-

83 4083 250 4146 stitutiouis
269 4085 397 4140 tenorem
410 4083 438 4138 ct
447 4078 639 4158 proscripta,
661 4077 861 4150 nominamus,
880 4078 1089 4136 constituimus
1102 4094 1137 4136 oe
1151 4065 1202 4138 de-

78 4203 245 4276 putamus;
260 4213 326 4256 cum
351 4197 479 4256 ouueuis
498 4193 535 4253 de
550 4195 622 4272 jure
638 4191 733 4251 cidcm
750 4189 847 4268 officio
862 4189 1033 4269 honoribus,
1051 4193 1199 4267 oneribus,
1231 4199 1233 4202 ’

83 4313 288 4381 emolumentis
295 4318 324 4372 et
334 4311 523 4392 prioitepiis:
536 4309 714 4369 mundantes
729 4308 864 4368 omnious
871 4311 989 4369 Nostro
993 4309 1206 4388 jurisdictioni

86 4431 231 4504 subditis,
254 4434 289 4490 nt
307 4431 344 4490 'i'c
362 4432 394 4488 iu
410 4428 591 4505 defensorem
612 4428 872 4484 matrimoniorum
899 4431 1073 4504 apuoscant,
1099 4431 1128 4485 et
1144 4444 1209 4506 qua
