2914 5122
246 375 304 445 lit
589 397 775 445 rnacvarus
799 399 842 444 nn
864 396 1013 446 tunicas.

286 522 425 590 Videtur
449 509 568 607 nempe
598 525 704 590 citatis
727 523 928 591 documentis
955 509 1079 605 evinci,
1098 544 1160 609 per
1189 531 1229 592 10
1247 527 1359 595 saltem

241 641 349 726 priora
363 641 480 706 saecula
503 641 604 706 solum
625 641 658 706 in
677 640 750 707 foro
774 642 993 708 eeclesiastico
1016 651 1233 708 accusatorium
1243 665 1360 727 proces-

241 777 307 820 scm
322 757 519 839 regulariter
540 757 740 824 obtinuisse:
757 756 1028 824 consuetudinem
1051 777 1130 826 vero
1160 759 1359 843 procedendi
1443 831 1446 841 ,

242 889 305 956 per
317 863 398 936 mam
413 878 627 954 inquisitionis,
645 873 712 939 sive
726 893 766 938 ex
780 861 872 939 mero
891 873 1005 952 officio,
1024 875 1092 939 sive
1104 873 1294 962 adalicujus
1310 874 1360 941 de

243 979 489 1065 nuntiationem,
511 985 655 1053 nondum
673 988 840 1054 inductam
853 988 965 1055 fuisse.
982 989 1128 1054 Dicimus
1152 999 1262 1057 autem
1280 1010 1361 1073 repu-

241 1105 360 1180 iuriicr,
380 1101 422 1167 ob
438 1111 612 1188 sequentes
628 1105 846 1190 exceptiones
1449 1181 1450 1187 η

286 1223 402 1299 Primo,
429 1218 655 1302 excipiendam
675 1241 693 1284 a
716 1221 860 1304 generali
881 1219 940 1286 hac
960 1221 1074 1304 regula
1097 1239 1207 1288 casum
1233 1229 1357 1302 notorii,
1449 1268 1450 1304 3

243 1343 335 1400 extra
352 1335 606 1400 controversiam
619 1343 685 1420 est;
704 1342 738 1400 ct
753 1337 829 1401 satis
844 1357 885 1402 ex
901 1338 1039 1402 Patrum
1061 1323 1211 1422 dogmate
1233 1345 1268 1404 et
1292 1357 1362 1403 con-

241 1469 339 1516 sensu
350 1437 544 1516 Pontificum
555 1451 739 1517 illustratet
752 1451 868 1534 probat
879 1451 1060 1517 Gratianus.
1075 1451 1163 1540 (Can.
1175 1456 1216 1518 15
1230 1461 1265 1518 et
1279 1472 1358 1538 seq..
1449 1500 1450 1504 =

244 1577 357 1652 qviaest.
378 1573 406 1644 l,
425 1586 528 1632 causae
541 1567 588 1653 2.)
939 1575 943 1582 ’
1449 1651 1450 1654 ¹

285 1689 430 1765 Secundo,
447 1685 615 1769 probabile
631 1689 729 1752 etiam
742 1685 885 1765 videtur,
901 1687 1094 1752 accusatorii
1110 1705 1285 1771 processus
1301 1687 1363 1755 for·
1449 1719 1450 1730 =

241 1819 325 1865 mam
342 1821 408 1865 non
428 1821 557 1886 semper
578 1803 689 1868 stricte
709 1800 915 1868 observatam
930 1803 1042 1881 fuisse,
1061 1803 1119 1869 sed
1134 1803 1176 1868 ad
1195 1803 1363 1889 inquisito
1449 1833 1450 1893 3

239 1918 325 1982 rium
340 1935 527 2000 processum
544 1915 741 1982 declinatum
757 1918 953 2003 quandoque
975 1917 1086 1997 tuisse,
1108 1927 1179 1985 tum
1198 1919 1232 1984 in
1256 1921 1362 1984 conci·
1449 1995 1450 2006 χ

239 2031 301 2109 liis,
319 2039 390 2096 tum
406 2033 438 2095 in
452 2033 555 2097 causis
571 2029 662 2109 fidei,
684 2041 755 2099 tum
776 2034 809 2096 in
831 2030 990 2097 visitanda
1014 2030 1157 2098 dioeoesi.
1176 2031 1275 2116 Quod
1291 2053 1360 2098 cum
1449 2093 1450 2124 3

180 2139 182 2146 ’
239 2147 334 2211 nimis
348 2147 479 2230 longum
496 2155 581 2214 esset
594 2148 918 2232 penitusenucleare,
935 2146 1161 2214 adnotabimus
1176 2146 1357 2226 dumtaxat,
1449 2206 1450 2210 ,

240 2261 277 2328 id
297 2263 499 2349 aliquatenus
517 2265 614 2331 fateri
638 2271 785 2330 coactum
810 2265 908 2330 fuisse
930 2264 1106 2348 ipsummet
1122 2272 1360 2349 protestantem
1449 2325 1450 2362 ᾗ

241 2377 468 2458 Bobemerum,
488 2383 694 2464 quantumvis
710 2380 751 2446 ad
768 2380 1006 2446 ostendendam
1024 2381 1235 2465 inquisitoris
1248 2381 1359 2448 forma
1449 2442 1450 2465 ζ

242 2491 420 2557 novitatem
439 2500 472 2558 et
489 2494 530 2558 ab
545 2495 734 2559 Innocentio
746 2495 795 2560 Ill
807 2493 1083 2559 introductionem
1093 2492 1278 2560 desudarit.
1449 2475 1450 2480 ἵ

289 2635 304 2668 «
320 2611 358 2674 In
375 2629 473 2675 cansa
492 2610 653 2676 hereseos
669 2630 727 2676 seu
746 2609 842 2690 fidei,
862 2611 983 2695 iuquit,
998 2627 1069 2694 quae
1085 2609 1216 2694 publica
1233 2611 1361 2679 videba-
1449 2675 1450 2704 3

244 2749 260 2784 a
276 2731 342 2803 tur,
357 2744 421 2791 non
437 2726 520 2791 adeo
535 2725 673 2791 sollicite
692 2732 915 2792 accusatorem
932 2724 1129 2804 desiderari,
1148 2723 1360 2810 probabiliter

244 2863 260 2900 a
281 2861 321 2906 ex
337 2839 466 2906 duobus
481 2842 683 2926 collegerunt
703 2863 709 2907 :
727 2845 759 2905 1⁰
774 2841 863 2927 quod
878 2841 1037 2906 haereticae
1049 2840 1215 2919 doctrinae,
1232 2841 1360 2926 publice
1449 2823 1450 2828 ἵ

245 2979 261 3015 a
278 2943 405 3022 traditae
422 2958 476 3022 vel
490 2956 596 3036 editae,
618 2965 769 3022 unionum
783 2965 895 3022 crimea
910 2958 1127 3036 continerent,
1149 2959 1182 3024 iu
1204 2977 1270 3044 quo
1292 2960 1360 3024 siue
1449 3024 1450 3032 ,

244 3095 260 3131 a
283 3079 470 3140 accusatore
489 3075 626 3158 procedi
637 3074 798 3159 deberet;
817 3079 850 3140 2⁰
866 3075 953 3160 qaod
973 3093 1075 3140 causta
1098 3073 1189 3153 fidei,
1207 3085 1360 3161 tanquam
1449 3053 1450 3064 ἢ

232 3194 262 3248 ἰι
280 3173 406 3274 majores
418 3199 447 3254 et
464 3195 578 3270 arduo,
601 3191 742 3256 conciliis
761 3199 935 3257 reservatae
956 3201 1083 3275 essent3
1100 3192 1195 3257 iubis
1210 3211 1300 3271 vero,
1320 3213 1359 3258 ex

246 3331 262 3367 a
280 3291 371 3392 prasi
384 3291 557 3384 communi,
577 3327 641 3373 non
660 3309 713 3373 alii
731 3315 768 3373 ut
790 3309 965 3394 plurimum
978 3307 1105 3394 judices
1129 3306 1200 3374 dari
1217 3311 1360 3376 solerent
1449 3287 1450 3292 ἵ

247 3405 373 3511 «quam
397 3431 612 3503 accusatores
630 3433 663 3491 et
687 3426 743 3510 qui
769 3424 940 3490 adversam
964 3433 1093 3509 partem
1108 3427 1355 3503 constituerent,

246 3567 262 3602 a
281 3527 379 3626 prout
396 3543 430 3608 in
447 3540 719 3607 antecedentibus
738 3539 940 3606 declaratum
965 3549 1014 3607 est
1035 3538 1092 3627 (l).
1110 3543 1234 3608 Haresi
1248 3552 1356 3609 autem

279 3839 314 3902 (1)
333 3839 498 3902 superioribus
510 3850 592 3898 nenvpe
611 3837 711 3899 paginis,
728 3823 797 3885 stulte
816 3838 958 3886 Bobemeras
973 3837 1162 3898 exprobraverat,
1176 3837 1239 3899 qaod
1252 3838 1359 3900 Episcopi

245 3934 269 3982 in
283 3934 387 3983 conciliis
407 3932 498 3995 judices
519 3945 599 3981 earum
623 3931 735 3993 sederint,
756 3945 855 3994 quorum
875 3930 1003 3979 adversarii
1025 3931 1111 3978 notorii
1129 3937 1197 3978 antea
1214 3931 1317 3993 fuerant;
1333 3945 1359 3980 ar

246 4030 393 4077 vehementer
408 4029 534 4076 insectatus
554 4033 604 4074 erat
625 4026 649 4076 in
670 4027 718 4074 baec
739 4025 811 4074 rerba
829 4025 914 4074 Clerici
937 4021 1096 4086 (ltili-toties.
1110 4026 1235 4086 tunicare,
1247 4033 1302 4074 tom.
1319 4028 1358 4085 to,

232 4103 292 4188 'pag
309 4123 367 4186 468)
383 4139 389 4172 :
406 4144 415 4166 ι
433 4124 503 4172 Arius
521 4123 666 4171 anathemate
679 4135 805 4184 percussus
817 4121 892 4170 luerat
907 4121 935 4170 ab
950 4121 1070 4170 Athanasii
1084 4119 1206 4170 decessore
1218 4119 1357 4178 Alexandro,

250 4236 260 4264 v
280 4219 378 4282 aliisque
392 4201 525 4280 Episcopis,
539 4217 579 4277 qui
589 4222 711 4278 antequam
724 4215 848 4264 concilium
862 4224 1007 4277 evocaretur,
1018 4216 1039 4264 ei
1048 4215 1125 4276 palam
1135 4213 1250 4263 adversati
1260 4215 1357 4264 lucrant.

234 4293 259 4358 ἰι
280 4312 344 4362 ldem
362 4313 491 4362 factitatum
507 4311 531 4359 in
543 4311 651 4359 omnibus
666 4309 837 4372 Episcoporum
852 4311 957 4370 cetibus,
969 4311 1009 4372 qai
1028 4312 1056 4359 ab
1077 4309 1118 4357 illo
1139 4323 1187 4358 avo
1202 4317 1256 4358 sunt
1276 4309 1356 4358 ccacd.

234 4383 236 4390 ⁵
250 4424 259 4451 a
279 4407 337 4456 llam
347 4407 459 4468 singulari
470 4407 524 4468 jure
535 4420 583 4470 prae
595 4405 662 4454 laicis
672 4403 772 4466 gaudem
785 4403 947 4465 ecclesiastici,
956 4417 1001 4466 quo
1012 4403 1082 4452 simul
1091 4403 1220 4452 adversarii
1233 4409 1256 4452 et
1262 4404 1357 4466 legitimi

249 4516 257 4546 v
277 4499 368 4564 J'udices
379 4513 432 4552 assa
446 4507 552 4563 possunt.
571 4518 580 4544 ι
