2848 5118
246 331 309 398 loo
593 342 781 400 rasorum
802 345 847 396 nn
866 339 1018 400 tumens.

233 505 261 575 ¹a
280 483 387 566 ipsum
412 483 586 566 parvamne
607 483 719 566 possit.
736 485 772 549 30
787 479 925 563 Quando
941 479 1124 566 comparuit
1137 475 1352 566 quidem'sed

244 605 391 682 «posteo
413 597 481 662 sine
501 598 630 663 licentia
646 596 765 682 judicis
786 595 923 672 recedit,
949 615 1013 660 nou
1035 595 1188 662 confecto
1213 596 1349 680 negotio,

246 739 261 775 a
278 734 340 781 noe
354 716 543 780 revortitur.
561 716 595 778 40
603 713 740 795 Quando
761 722 853 779 aeter
867 714 1000 778 vomens
1014 711 1058 777 ud
1071 710 1246 797 jndleiunt,
1259 714 1351 778 oetio-

246 849 357 896 anem
380 849 439 895 seu
461 829 609 896 libellum
634 849 700 894 non
715 828 795 905 edit,
813 837 870 894 aut
896 828 987 893 edita
1006 829 1131 893 notione
1153 837 1188 892 et
1208 828 1265 894 lita
1288 847 1353 894 con·

247 952 421 1020 «testata,
442 942 579 1009 eandem
609 963 673 1008 non
700 944 928 1028 prosequitur3
946 961 1022 1006 nom
1046 943 1152 1024 primo
1185 962 1263 1008 casu
1283 959 1353 1010 reus

246 1061 459 1126 «absolvitur
487 1059 697 1133 usitatione,
727 1057 871 1124 secundo
908 1057 949 1122 ob
981 1057 1209 1124 observatione
1232 1056 1350 1144 judicii.

247 1197 263 1234 a
281 1177 315 1240 50
329 1165 467 1254 Quando
486 1191 563 1236 rens
577 1189 641 1238 non
656 1169 834 1254 respondet
849 1170 962 1236 libello
978 1171 1107 1246 actoris,
1125 1177 1183 1236 nnt
1198 1172 1355 1255 positioni·

248 1309 264 1350 a
279 1289 415 1356 hussen
430 1288 574 1353 articulis
595 1287 679 1351 illius
689 1288 769 1370 ;*vel
787 1287 814 1350 si
828 1285 966 1352 obscure
987 1284 1198 1370 respoudeat,
1225 1306 1291 1354 nou
1305 1306 1353 1352 oa·

249 1405 423 1490 «tegoriee
437 1403 497 1470 :ob
515 1421 611 1487 quum
627 1403 860 1467 contumaciam
879 1401 1008 1467 articuli
1027 1409 1062 1467 et
1084 1403 1261 1486 positiones
1274 1411 1354 1468 noto·

249 1545 264 1582 a
282 1522 327 1587 ris
339 1520 501 1586 habentur
510 1538 570 1602 pro
585 1518 876 1613 confessatis;quia
885 1517 938 1602 jus
952 1537 993 1584 ex
1011 1518 1071 1583 hac
1089 1519 1354 1602 tergiversatione

250 1638 449 1722 apraesumit
467 1637 598 1701 tacitam
624 1633 787 1719 quondam
810 1635 1058 1700 confessionem.
1081 1637 1116 1700 60
1133 1635 1275 1716 Quando
1296 1635 1355 1700 liti·

250 1775 266 1814 a
285 1759 398 1837 gantos
415 1772 480 1816 non
497 1719 614 1834 paredi
633 1749 785 1814 mandato
803 1749 933 1833 judicis,
953 1748 1226 1834 juncturarum}
1245 1751 1353 1834 gretia

251 1891 268 1931 a
283 1876 321 1934 ut
335 1875 511 1952 praestetur
526 1866 746 1952 juramentum
761 1865 940 1943 calumnie,
961 1873 999 1932 ut
1014 1865 1231 1954 exhibeantur
1247 1867 1357 1932 iustru-

252 2007 269 2045 (
286 1991 395 2049 mento
411 1991 445 2048 et
467 1983 528 2047 ulio
547 1981 590 2046 ad
606 2001 735 2047 causum
757 1979 986 2046 deserviendo.
1006 1985 1039 2046 70
1056 1982 1215 2066 Denique.
1232 1979 1357 2065 quondo

253 2117 403 2182 «parere
430 2105 583 2163 recusant
605 2096 790 2162 executioni
812 2097 992 2162 sententiaa.
1010 2118 1026 2158 a
1046 2095 1355 2182 (Schmulzgruelror,

251 2217 284 2282 in
299 2216 351 2280 tit.
377 2215 428 2290 14,
444 2213 520 2278 libri
535 2215 553 2277 2
570 2211 711 2290 decret,
729 2232 762 2277 n.
782 2209 851 2296 40.)

238 2311 242 2320 Δ
297 2331 447 2411 ansno
462 2331 507 2393 40.
528 2364 573 2378 --
588 2334 767 2409 Queruntur
781 2336 1143 2393 amnemamatemean
1155 2335 1250 2394 l--u
1268 2329 1359 2394 vlla-

256 2467 273 2506 a
289 2452 381 2510 cusat
399 2442 537 2509 adversa
552 2443 707 2510 valetudo
726 2444 808 2529 (lege
824 2448 1018 2508 Contemnere
1034 2449 1088 2522 53,
1113 2444 1146 2510 ff.
1165 2450 1202 2510 de
1224 2450 1266 2510 lle
1278 2447 1361 2529 jndi-

257 2559 382 2645 ucatul.
402 2560 576 2645 2⁰llujoris
594 2580 696 2625 consae
719 2561 888 2643 occupatio
916 2560 999 2646 (lego
1022 2559 1146 2645 citata).
1169 2565 1204 2627 30
1220 2561 1364 2627 Alisontia

184 2747 190 2764 ι
258 2677 486 2762 «Reipublicae
502 2696 596 2741 causa
615 2677 698 2762 (lege
718 2681 832 2740 Contra
841 2679 992 2758 pupillum
1010 2679 1063 2753 54,
1082 2676 1115 2741 ff.
1134 2680 1171 2742 dc
1191 2673 1361 2760 najara).

259 2819 274 2853 a
294 2796 328 2859 40
346 2797 433 2860 AEtas
450 2792 616 2876 pupillaris
635 2793 689 2857 vel
707 2793 906 2858 minorennis
927 2794 1012 2880 (lege
1031 2792 1174 2878 codem).
1203 2793 1239 2859 5⁰
1255 2791 1364 2858 Citatio

262 2935 277 2972 a
292 2909 335 2976 od
350 2910 492 2975 tribunal
507 2910 656 2993 superins
672 2909 755 2996 (lege
775 2907 897 2994 citata).
917 2913 951 2976 6⁰
969 2911 1186 2994 Puerperium
1203 2911 1255 2976 vel
1266 2908 1366 2994 gluri-

262 3026 380 3092 nditas
394 3026 540 3091 mulieris
556 3025 641 3111 (lege
665 3031 732 3090 Non
756 3033 906 3108 eripimus
925 3030 956 3104 1,
976 3026 1009 3090 il.
1026 3031 1061 3092 st
1084 3034 1154 3108 pets
1179 3033 1312 3091 eortina.
1339 3031 1366 3088 io

263 3168 279 3203 a
289 3146 388 3227 judic.
403 3139 505 3225 Sint).
525 3144 754 3226 t⁰Tempestas
769 3150 826 3207 aut
843 3145 892 3209 vis
907 3143 1047 3207 lluminis
1058 3143 1143 3229 (lege
1154 3141 1240 3227 cit).
1253 3147 1287 3209 8⁰
1300 3143 1366 3207 Pro

262 3282 281 3320 a
294 3258 412 3324 vliilrilio
435 3257 490 3322 rel
512 3256 652 3323 retentio
675 3258 799 3340 proprii
824 3259 1029 3353 magistratus
1044 3258 1129 3344 (lego
1150 3257 1237 3343 cit).
1255 3262 1291 3325 9⁰
1309 3258 1366 3322 ltu-

265 3377 421 3441 astieitas
453 3374 535 3461 (lege
559 3377 610 3437 Ee
640 3393 822 3456 quacumque
845 3377 877 3454 2,
907 3375 940 3440 u.
967 3379 1002 3440 Si
1029 3381 1096 3457 peis
1116 3381 1149 3438 r'e
1167 3381 1223 3458 jus
1248 3371 1363 3456 vorot).

267 3511 283 3552 a
303 3489 357 3556 100
379 3491 636 3574 incompetentia
659 3491 784 3555 notoria
796 3489 914 3575 judicis
929 3490 1067 3557 citantis.
1094 3494 1149 3555 11⁰
1168 3493 1308 3574 Tempus
1327 3488 1366 3554 le

265 3631 284 3668 a
296 3607 429 3684 trintum,
449 3604 491 3670 ad
510 3603 598 3690 quod
618 3604 656 3670 fit
671 3605 792 3670 citatio.
810 3609 864 3670 12⁰
882 3607 987 3672 Iocus
1007 3621 1071 3671 uon
1090 3614 1194 3684 tutus
1213 3605 1255 3671 od
1278 3621 1365 3690 quem

265 3722 349 3790 alit
386 3726 439 3787 130
461 3722 626 3787 Bellorum
657 3730 782 3798 motus,
810 3723 995 3806 captivitas,
1030 3723 1174 3788 carentia
1204 3719 1360 3788 advocati.

269 3863 284 3897 a
307 3840 360 3903 140
375 3838 589 3904 Universima
608 3829 807 3903 contumacia
822 3847 955 3904 excusat
970 3839 1092 3924 qumvis
1106 3857 1214 3917 causa,
1233 3856 1302 3924 qum
1316 3855 1366 3902 ex·

268 3978 285 4013 a
296 3961 395 4039 pensat
409 3971 449 4018 ne
464 3954 581 4019 citatus
594 3971 785 4037 comparere
799 3953 932 4020 debent.
953 3977 968 4015 a

313 4069 385 4134 «Et
404 4067 464 4134 hoc
476 4068 558 4134 adeo
577 4087 691 4135 verum
705 4079 765 4148 est,
782 4079 820 4136 ut
831 4072 858 4136 si
872 4075 983 4136 eontra
997 4070 1168 4156 ejusmodi,
1185 4089 1281 4157 quem
1290 4069 1366 4154 justu

269 4184 493 4251 uremaneudi
508 4201 603 4250 eausa
615 4185 778 4262 defendit,
795 4184 898 4270 judex
919 4187 1112 4252 sententium
1131 4187 1325 4270 pronuntiet,
1344 4181 1366 4247 si

266 4329 283 4359 a
302 4300 495 4387 qnidomilli
513 4299 555 4365 de
576 4300 739 4384 ejusmodi
752 4294 991 4386 impedimento
1006 4309 1145 4384 constet,
1162 4302 1317 4369 sententio
1330 4296 1366 4362 sit

268 4417 370 4499 ripso
394 4413 467 4498 jure
490 4405 581 4478 nulla
599 4436 605 4479 :
624 4415 672 4478 sin
695 4433 774 4481 vero
800 4417 1069 4500 impedimentum
1093 4417 1154 4482 lroc
1178 4411 1365 4502 ignoraverit
