2914 5122
231 351 298 430 148·
575 368 762 414 anscausus
788 369 829 428 aar
852 368 1001 416 runicus.

225 479 348 577 rejecta
364 499 423 556 est.
446 490 539 558 Multi
557 494 657 571 enirn,
674 493 729 578 qni
743 491 830 576 apud
844 493 1096 561 ecclesiasticum
1115 492 1338 578 judicemini

223 607 276 693 jus
296 627 408 685 sunm,
427 608 479 674 vel
499 608 662 692 publicam
680 606 873 675 delictorum
888 608 1065 674 vindictam
1088 616 1337 694 persequuntur,

226 745 290 791 non
302 733 443 809 possent,
460 724 501 790 oh
512 725 692 809 ignoratam
705 725 824 794 hancce
837 745 976 795 romanae
991 725 1260 811 jurisprudentiae
1271 743 1339 810 par-

226 853 304 924 tem,
318 841 478 928 ejusmodi
492 843 681 910 formalitati
695 845 893 911 satisfacere.
913 844 1006 910 Unde
1022 843 1198 910 reddendae
1212 842 1339 928 justitias

225 959 345 1026 nedum
358 958 525 1044 juvamini,
539 959 708 1028 obstaculo
722 963 830 1046 potius
841 969 927 1028 esset
941 961 1028 1028 dicta
1040 962 1230 1044 necessitas3
1248 968 1341 1044 atque
1445 967 1446 986 ¹

224 1075 267 1156 ad
281 1076 481 1142 intricandas
498 1075 668 1142 dumtaxat
685 1079 760 1144 lites
774 1080 808 1144 iu
823 1079 896 1145 foro
914 1079 1131 1144 ecclesiastico
1149 1079 1287 1144 valeret.

271 1195 421 1276 Qnmsrio
434 1197 478 1260 3⁰.
493 1231 539 1244 -
549 1199 597 1261 An
607 1215 721 1258 necasse
732 1202 773 1259 stt
783 1199 997 1262 conclusionem
1011 1199 1110 1260 libello
1120 1201 1291 1279 apponere?
1302 1233 1344 1248 --

227 1310 429 1377 Concludere
444 1311 478 1376 iu
490 1311 615 1389 libelle,
634 1312 713 1377 nihil
728 1313 817 1380 aliud
832 1322 881 1379 est
897 1334 992 1399 quam
1007 1314 1111 1400 judici
1127 1314 1342 1381 determinate

228 1429 432 1516 exprimere,
461 1429 540 1514 quid
566 1437 700 1513 petatur
726 1431 767 1497 ab
801 1451 841 1496 eo
869 1439 982 1498 contra
1008 1451 1102 1498 reum
1128 1433 1341 1516 pronuntiari.

227 1546 323 1612 Unde
339 1545 469 1612 libellus
490 1545 593 1610 civilis
609 1546 773 1612 concludit
791 1547 935 1631 petendo
952 1548 1103 1633 ajudice‚
1120 1549 1341 1634 ambigentis,

229 1672 266 1729 ut
288 1682 365 1730 reus
394 1661 633 1728 condemnetur
653 1662 696 1728 ad
713 1662 903 1728 solvendam
917 1665 1016 1730 talem
1032 1685 1190 1734 summam
1212 1688 1219 1730 :
1242 1667 1345 1730 crimi—
1445 1715 1446 1720 .

227 1780 308 1845 nolis
337 1799 414 1846 vero
433 1777 575 1863 petendo
598 1787 635 1845 ut
660 1798 735 1846 rens
757 1779 801 1846 ad
823 1781 920 1848 talem
943 1801 1073 1865 poenam
1096 1783 1343 1850 condemnetur.

228 1896 300 1978 Quo
318 1903 515 1980 praenotato,
538 1894 580 1960 ad
599 1897 809 1980 quaestionem

155 2014 163 2028 '
236 2085 240 2091 ,
271 2011 464 2096 Respondeo
483 2015 513 2076 1⁰
530 2013 568 2082 In
583 2013 695 2078 libello
718 2013 876 2080 criminali
899 2034 1033 2082 necesse
1057 2023 1191 2080 nonest
1216 2017 1346 2082 conclu·

228 2131 350 2196 sionem
368 2144 548 2214 opponere;
568 2129 648 2214 quia
658 2130 713 2196 lex
728 2131 798 2212 ipsa
814 2131 980 2197 concludit
996 2132 1076 2217 qnid
1095 2151 1202 2216 poeuae.
1215 2133 1348 2198 cuilibet

229 2245 424 2312 delictorum
438 2245 558 2330 speciei
571 2247 614 2310 sit
636 2245 864 2330 indigendum
880 2253 979 2332 atque
998 2247 1138 2314 officinm
1155 2247 1275 2334 judicis
1301 2257 1348 2315 est

188 2435 197 2450 Ι
230 2360 291 2424 hoc
307 2360 410 2442 scire;
431 2378 492 2423 nec
510 2355 608 2424 decet
630 2357 665 2422 id
688 2360 750 2442 ipsi
771 2358 813 2424 ab
834 2367 1020 2426 accusatore
1044 2362 1099 2426 vel
1119 2361 1347 2428 denuntiatore

229 2474 370 2560 suggeri.
385 2473 524 2539 Aliunde
538 2473 697 2538 inutiliter
710 2475 744 2537 in
757 2474 867 2540 libello
883 2485 1055 2558 peteretur
1070 2497 1166 2560 poena
1182 2477 1287 2563 major
1298 2475 1348 2544 rel

230 2590 398 2667 minoren,
416 2609 511 2674 qaam
527 2587 568 2654 de
582 2588 656 2674 jure
672 2596 818 2656 meretur
836 2588 1013 2676 delictun1;
1027 2593 1102 2677 qaia
1117 2592 1161 2658 atl
1177 2593 1278 2659 talem
1294 2615 1349 2680 pe÷
1445 2573 1446 2578 ἵ

231 2707 376 2772 titionem
388 2702 492 2791 judex
506 2724 571 2770 non
585 2703 686 2771 debet
700 2705 885 2784 attendere,
905 2706 964 2772 sed
981 2707 1139 2774 delictum
1156 2729 1218 2792 pro
1233 2711 1349 2776 merito
1445 2799 1446 2804 ἵ

233 2831 266 2888 et
280 2822 373 2908 juxta
384 2821 465 2905 legis
482 2822 672 2905 praescripta
690 2820 855 2890 coercere.
872 2823 954 2888 Satis
971 2843 1049 2908 ergo
1065 2831 1115 2890 est
1133 2836 1171 2892 ut
1191 2830 1224 2892 in
1238 2828 1349 2894 libello
1445 2885 1446 2890 ,

233 2939 391 3004 criminali
411 2939 497 3004 clare
521 2946 704 3022 exponatur
727 2941 853 3022 speeies
872 2938 996 3018 delicti,
1014 2940 1136 3027 absque
1157 2944 1224 3008 nlla
1246 2963 1348 3028 poenae
1445 3017 1446 3020 Ἴ

232 3052 415 3138 inlligeudaa
442 3055 637 3120 iudicatione
662 3062 720 3119 aut
744 3054 1027 3121 determinatione.
1054 3059 1095 3122 lit
1122 3060 1167 3124 ita
1199 3059 1350 3127 doctores

234 3170 459 3236 communiter.
483 3169 575 3256 (Vide
590 3169 891 3254 Schmalzgrueber‚
907 3173 939 3236 in
955 3172 1008 3250 tit.
1028 3176 1060 3249 3,
1081 3173 1189 3240 ituria
1207 3174 1346 3254 decret,

238 3284 418 3372 stat)
1004 3266 1009 3282 “

279 3399 473 3485 Respondeo
488 3404 522 3466 2⁰
540 3401 577 3468 In
595 3401 706 3468 libello
726 3402 824 3480 civili,
844 3405 974 3471 omniuo
999 3409 1181 3476 necessaria
1202 3418 1255 3475 est
1276 3429 1350 3476 con-

236 3521 349 3588 clusio.
367 3520 446 3585 Nam
458 3537 559 3602 penes
573 3524 716 3584 actorem
733 3527 783 3584 est
803 3520 933 3604 exigere
954 3521 1123 3590 dumtaxat
1135 3534 1264 3608 partem
1281 3527 1351 3612 ejus

236 3636 325 3724 qaod
339 3636 399 3702 sibi
415 3633 568 3712 debetur,
581 3643 615 3700 et
631 3635 793 3719 reliquum
806 3635 949 3703 debitori
960 3640 1141 3708 remittere.
1158 3643 1242 3708 Hinc
1251 3643 1353 3719 sicula

239 3752 332 3818 verbi
345 3751 459 3834 gratia,
480 3749 666 3815 debeantur
686 3758 818 3816 eentum
845 3755 978 3832 nummi,
999 3762 1033 3820 et
1058 3757 1119 3840 ipsi
1142 3759 1268 3842 placeat
1286 3759 1351 3824 exi-

239 3888 316 3954 gere
341 3867 510 3932 dumtaxat
530 3865 772 3950 quinquaginta,
798 3866 902 3952 judex
927 3869 1175 3940 condemnando
1200 3893 1294 3940 reum
1309 3873 1354 3941 ad

240 3993 370 4052 cantum
382 4000 586 4048 nummorum
601 3981 804 4064 solutionem,
821 3982 940 4068 injuste
955 3990 1183 4070 pronuntiaret
1197 4012 1205 4056 ε
1218 3991 1352 4058 laederet

240 4120 358 4185 nempe
372 4099 426 4185 jus
446 4117 503 4164 seu
522 4097 714 4162 facultatem
730 4118 827 4183 quam
850 4100 949 4168 hahet
962 4109 1054 4169 actor
1068 4104 1236 4173 dimidiam
1253 4107 1352 4174 debiti

241 4227 379 4304 partem,
396 4218 424 4280 si
439 4215 528 4291 velit,
541 4214 742 4280 remittendi.
755 4217 824 4281 Non
837 4224 945 4301 potest
954 4239 1032 4304 ergo
1043 4220 1147 4305 judex
1161 4225 1196 4288 in
1209 4226 1352 4292 savorem

240 4333 360 4414 actoris
374 4332 448 4416 plus
462 4328 641 4395 decernere
654 4348 750 4416 quarn
765 4331 833 4414 ipse
850 4334 945 4416 petit.
968 4337 1053 4420 Ergo
1072 4337 1176 4406 dehet
1186 4340 1280 4426 juxta
1295 4345 1350 4426 pe·

239 4453 387 4546 titionem
400 4445 565 4536 actoris(si
575 4453 684 4510 tamen
694 4445 781 4546 justa
791 4449 989 4535 reperiatur)
1003 4457 1214 4535 pronuntiare
1229 4480 1236 4522 :
1256 4463 1348 4542 atque
