2914 5122
244 348 308 414 i30
582 362 770 418 meratus
791 365 836 412 un
857 363 1007 412 annuens.

242 486 351 546 autem
369 528 377 559 ,
401 478 550 562 imposito
567 478 810 547 accusatoribus
823 484 890 547 tam
906 478 998 562 gravi
1014 492 1134 554 onere,
1154 475 1250 559 pauci
1263 487 1356 558 repe

242 596 371 662 rientnr
386 595 442 678 qui
462 613 505 660 ex
523 594 595 663 zelo
617 593 694 661 boni
719 594 842 678 publici
865 593 949 662 illud
973 592 1035 661 sibi
1057 609 1225 661 assumere
1241 590 1356 658 uelint.

243 711 324 775 ilino
337 709 439 774 multa
448 707 577 787 delicta,
590 727 661 793 quae
674 709 768 776 facile
782 710 816 774 in
827 707 951 794 jndicio
964 707 1096 792 probari
1111 713 1255 791 possent,
1270 705 1359 772 nullo

244 824 421 892 accedente
436 831 637 903 accusatore,
658 825 816 910 impunita
836 824 1065 892 remanebunt.
1094 823 1166 904 Quo
1183 829 1275 891 certe
1291 841 1360 890 eon
1407 831 1411 838 '
1444 873 1445 918 3

245 942 381 1009 sertorio
394 941 546 1007 uitiosum
560 939 639 1026 quid
652 942 685 1005 in
695 941 756 1006 hoc
771 939 949 1008 reddendae
965 939 1099 1025 justitie
1116 945 1297 1024 systemate
1313 957 1362 1002 anb

246 1057 312 1141 gni,
330 1056 442 1140 negari
452 1074 518 1122 non
530 1063 651 1140 potest.

289 1174 331 1238 lt
348 1193 428 1240 vero
448 1174 563 1240 vitium
578 1172 736 1240 illudnon
754 1173 841 1240 forte
858 1171 942 1242 adeo
955 1173 1088 1238 noxium
1114 1180 1164 1238 est
1180 1189 1279 1256 qnam
1298 1189 1363 1236 mo·
1445 1221 1446 1262 ,

245 1291 341 1358 demi
361 1290 492 1377 quidam
507 1293 719 1358 aestimarunt.
735 1292 815 1356 Nam
831 1299 942 1356 utrum
963 1291 1070 1354 omnia
1092 1291 1200 1356 animo
1221 1289 1364 1353 facinora

245 1408 375 1492 inquiri,
402 1407 534 1490 probari
558 1415 592 1472 et
610 1408 718 1491 puniri
740 1405 912 1490 expediam
934 1425 974 1472 an
999 1424 1080 1472 uero
1100 1406 1200 1470 satius
1216 1405 1270 1482 sit,
1294 1422 1363 1489 qua

252 1522 362 1607 paucis
376 1531 453 1588 nota
471 1531 558 1599 sunt,
572 1523 606 1588 in
621 1521 768 1590 tenebris
785 1522 984 1607 relinquere,
1010 1521 1036 1586 si
1060 1522 1169 1588 nuilus
1196 1528 1365 1587 accusator
1446 1567 1447 1611 ,

247 1659 285 1704 ea
300 1637 498 1724 probaturus
517 1637 657 1718 deierat,
674 1639 707 1702 in
723 1639 933 1723 questionem
950 1638 1061 1704 vocari
1073 1637 1279 1724 aliquatenus
1295 1655 1366 1720 pos·
1446 1693 1447 1696 ,

248 1765 309 1822 set.
326 1754 503 1838 Quodlibet
525 1755 609 1820 enim
625 1755 731 1820 scelus
745 1754 877 1838 publice
896 1753 1087 1831 dissimum
1108 1755 1285 1820 commotio
1302 1761 1362 1831 est,

248 1880 283 1936 et
301 1868 445 1936 scandali
460 1877 557 1954 atque
573 1872 667 1954 pravi
684 1871 826 1954 exempli
847 1872 938 1938 virus
955 1871 1022 1936 late
1038 1869 1213 1954 diffundit;
1232 1887 1295 1934 nee
1315 1889 1367 1953 pe·

248 1985 398 2050 etiterum
410 1981 569 2068 ejusmodi
583 1982 736 2050 effectum
748 1984 827 2050 satis
844 1985 978 2067 corrigat
992 1992 1025 2050 et
1047 1989 1238 2067 compensat
1249 2000 1365 2050 serere
1447 2053 1448 2056 ,

247 2099 380 2183 justitia
403 2097 556 2168 uindicta.
592 2099 757 2167 Praeterea
776 2099 854 2166 dum
870 2100 1003 2182 singulis
1029 2101 1194 2170 satietatis
1214 2099 1367 2166 membris

251 2235 329 2282 cura
342 2215 558 2280 committitur
575 2221 613 2279 ut
629 2213 824 2292 delictorum
844 2216 1075 2282 coercitionem
1094 2215 1285 2282 aecnsando
1295 2233 1368 2299 per·

251 2338 442 2419 sequantur3
470 2330 611 2416 alioquin
633 2339 743 2396 autem
761 2331 823 2396 sibi
847 2332 1008 2414 imputare
1026 2331 1170 2398 debcant
1187 2331 1306 2398 damna
1326 2350 1367 2394 eu

252 2445 417 2530 impunitis
430 2443 696 2511 malefactoribus
716 2447 901 2530 oboritura,
925 2449 983 2524 eis,
1002 2447 1063 2516 hae
1077 2448 1148 2531 ipsa
1166 2448 1368 2514 institutione

254 2563 394 2646 publica,
415 2563 493 2628 boni
510 2563 687 2630 communis
708 2564 798 2631 zelus
818 2562 962 2646 inditum
980 2571 1079 2648 atque
1095 2564 1144 2630 sic
1166 2564 1201 2630 in
1215 2564 1368 2648 generale

253 2677 416 2764 quoddam
423 2679 638 2744 ministerium
650 2677 817 2761 publicum
831 2679 1165 2762 omnesdepntnntur.
1184 2681 1275 2745 Tune
1291 2697 1369 2745 vero

254 2797 429 2862 necessarii
446 2815 511 2862 non
524 2803 600 2860 sunt
616 2801 667 2860 tot
683 2795 801 2861 armati
816 2793 971 2864 custodes
989 2804 1024 2861 et
1037 2796 1165 2873 milites,
1183 2815 1250 2880 quo
1272 2813 1369 2862 onere

256 2912 444 2976 fatiscentes
458 2910 631 2981 hodiernos
656 2911 791 2995 populos
806 2909 1004 2996 quandoque
1018 2909 1178 2982 videmus.
1199 2910 1297 2993 Quod
1315 2910 1371 2978 ad-

257 3038 416 3109 notamus,
434 3048 499 3093 non
520 3028 653 3112 quidem
674 3036 711 3092 nt
730 3027 854 3094 dictum
873 3029 1084 3097 accusationis
1107 3035 1250 3113 systema
1271 3027 1369 3094 redu-

258 3144 398 3212 cendum
412 3143 613 3222 suadeamus,
626 3143 676 3209 vel
689 3145 787 3213 etiam
799 3145 1010 3214 intrinsecum
1024 3143 1096 3228 ejus
1111 3144 1227 3210 vitium
1243 3143 1369 3208 omnino

257 3279 432 3346 negemns3
455 3259 515 3324 sed
539 3258 711 3324 dumtaxat
735 3267 773 3324 ut
800 3259 1002 3343 intelligatur
1023 3259 1061 3324 iis
1077 3260 1111 3326 in
1134 3256 1373 3326 conditoribus

259 3377 383 3443 versari
396 3376 538 3460 potnmse
556 3375 729 3440 nonnullos
745 3375 946 3461 antiquitatis
959 3375 1109 3460 populos,
1123 3392 1195 3459 qum
1214 3371 1373 3461 ejusmodi

256 3492 433 3578 judiciariae
463 3492 575 3556 formae
605 3490 865 3556 inconvenientia
903 3491 1042 3556 multum
1069 3496 1318 3573 temperarent,
1339 3491 1375 3552 et

260 3608 370 3674 multis
379 3607 575 3672 utilitatibus
589 3615 847 3690 contpensnrent.
862 3606 968 3691 Atque
984 3605 1020 3672 id
1031 3605 1314 3692 quondantiquam
1327 3623 1374 3670 ac·

260 3724 419 3790 cusatorie
433 3721 635 3806 procedendi
643 3723 793 3788 Ecclesia
807 3722 933 3805 praxim
942 3722 1125 3805 praesertim
1138 3717 1374 3788 attendendum

261 3839 346 3904 infra
361 3836 557 3906 uidebimus.

307 3958 451 4022 Secundo.
476 3955 624 4020 Alterum
639 3953 719 4020 item
741 3954 971 4021 inconveniens
990 3953 1032 4020 de
1059 3952 1143 4020 odiis
1166 3971 1285 4036 nempe
1304 3966 1373 4036 qum

262 4073 464 4140 accusatoria
475 4071 579 4137 forma
593 4071 681 4136 inter
699 4071 843 4153 privatos
859 4072 1026 4149 foventur,
1046 4070 1149 4139 multo
1162 4071 1263 4139 etiam
1274 4069 1377 4136 minan

263 4191 483 4276 reputabitur,
502 4189 530 4255 si
547 4186 644 4272 modo
658 4186 812 4254 adnotata
829 4187 1086 4273 perpendantur.

308 4309 401 4384 ilinc,
419 4312 457 4370 ut
469 4303 556 4389 justa
572 4304 666 4368 lance
681 4302 803 4368 dietum
815 4304 1014 4389 antiquitatis
1029 4311 1206 4388 systemata
1222 4301 1377 4386 pondero·

265 4445 348 4501 mus,
361 4419 686 4496 dicendumvidetnr,
703 4441 772 4486 esse
782 4419 914 4506 quidem
929 4428 1071 4504 systema
1086 4418 1167 4487 illud
1180 4416 1376 4504 inquisitoris
