2948 5126
226 343 246 410 8
563 359 749 432 rnanrauus
774 363 817 412 ns
838 363 988 414 runicus.

224 500 304 546 sosse
320 481 636 568 deprehenderun-
650 484 676 554 Α
689 485 763 573 jure
783 490 938 557 canonico
956 509 1075 558 revera
1092 491 1215 579 requiri
1229 493 1340 562 eondi-

223 595 346 660 tionem
366 593 453 661 illam
474 595 526 661 hie
542 595 734 664 adnotamus
750 608 888 667 tantum.
918 603 983 668 Pro
998 603 1047 669 rei
1061 605 1148 670 enim
1164 606 1337 690 grauitate.
1468 639 1469 646 1

225 710 286 775 snb
310 713 459 796 sequenti
475 713 681 806 paragrapho
697 718 910 801 quaestionem
923 718 1006 785 hano
1021 740 1060 784 eu
1068 723 1204 804 professo
1222 739 1344 806 expen·
1468 799 1469 806 χ

226 824 344 904 dimus,
365 835 399 893 et
422 828 500 914 quid
523 823 566 898 'de
592 829 776 916 hujusmodi
806 834 933 900 talionis
954 853 1050 919 poena
1077 835 1275 904 censendum
1300 837 1343 904 sit

223 939 434 1027 disputamus.

751 1184 808 1248 111.

587 1413 703 1478 Quinam
733 1426 856 1465 arrurore
880 1417 992 1480 possint.

271 1659 329 1724 Est
340 1659 536 1744 principium
557 1661 752 1729 unanimiter
766 1660 1012 1746 receptum,ad
1025 1660 1242 1728 accusandum
1252 1663 1346 1730 amit-
1471 1745 1472 1750 Ἰ

228 1765 346 1832 tendos
360 1786 430 1834 esse
443 1789 565 1850 omnes,
582 1770 637 1857 qni
646 1769 720 1855 jure
734 1791 798 1837 non
814 1769 1041 1855 prohibentur.
1058 1768 1140 1834 Hine
1154 1768 1189 1834 in
1200 1767 1271 1854 lege
1286 1773 1348 1849 Qut

227 1863 422 1970 ueeusore'oe,
440 1883 474 1954 t.
489 1887 526 1950 cle
541 1882 661 1970 Arous.)
676 1885 724 1952 sie
742 1885 917 1952 statuitur:
936 1889 996 1968 Qut
1011 1902 1152 1950 oouusore
1162 1891 1289 1968 possunt
1300 1887 1349 1948 lu-

231 2001 412 2084 telliqemus,
438 2007 467 2065 st
480 2007 635 2066 scierimus
645 2007 698 2084 qut
710 2022 770 2066 uon
780 2009 920 2086 possunt.

269 2118 561 2194 ¹linnmerationem
581 2127 691 2186 autem
725 2137 839 2186 eorum
860 2118 917 2204 qui
939 2138 958 2183 a
979 2116 1054 2204 jure
1074 2136 1226 2184 aaousare
1241 2114 1351 2202 prohi-

229 2233 362 2313 beatur,
369 2232 441 2300 fuse
451 2241 694 2320 prosequuntur
702 2236 885 2313 canonista,
895 2233 975 2300 dum
986 2234 1160 2318 explanant
1169 2233 1302 2300 titulum
1314 2233 1346 2314 1,

232 2350 309 2415 libri
329 2351 347 2413 5
374 2347 604 2416 decretalium.
633 2351 727 2416 Illam
750 2350 937 2428 extrahunt,
960 2358 1032 2415 tum
1055 2369 1097 2416 ex
1122 2349 1250 2434 legibus
1274 2336 1306 2426 8,
1330 2351 1352 2416 9

234 2471 268 2531 et
287 2464 434 2543 intituli
444 2469 481 2530 do
495 2468 752 2546 recusationibus,
764 2467 798 2533 in
809 2464 998 2551 pandectis;
1013 2473 1085 2532 tum
1094 2483 1136 2531 ex
1145 2482 1266 2532 canone
1277 2467 1354 2530 Pro-

233 2584 373 2648 lu'beutur
390 2581 457 2668 (tt,
476 2601 578 2650 causae
595 2585 627 2661 2,
648 2601 680 2668 q.
702 2579 745 2668 1),
760 2583 793 2648 in
807 2600 872 2668 quo
884 2582 1057 2649 Gratianus
1071 2580 1245 2666 predictas
1260 2581 1353 2666 leges

232 2699 304 2766 fere
319 2699 515 2766 adverbum
534 2699 756 2784 transcripsir3
773 2706 845 2764 inm
861 2718 902 2764 ex
923 2698 1085 2764 nonnullis
1100 2698 1168 2764 aliis
1186 2696 1269 2784 juris
1291 2695 1355 2768 dis.-

236 2813 459 2899 positionibus.
489 2817 567 2881 Eam
595 2816 873 2882 enumerationem
896 2822 996 2906 prout
1027 2814 1153 2882 soleta
1183 2813 1354 2880 canonistis

236 2932 355 3016 exponi
369 2931 421 2998 hio
438 2932 619 2997 inserimus.
635 2928 859 2998 Prohibentnr
871 2931 995 2997 seilicet
1010 2949 1186 2998 accusare:

286 3052 316 3114 1.
341 3051 504 3114 Mulieres:
516 3053 642 3114 constat
655 3048 729 3132 loge
741 3052 949 3129 Quiueousore
967 3047 1010 3134 (8,
1028 3047 1062 3114 ff.
1079 3050 1116 3114 de
1129 3047 1261 3133 Aoum),
1278 3047 1353 3132 lege

240 3169 308 3234 Nou
321 3172 366 3229 est
385 3163 430 3250 (1,
442 3162 475 3229 ff.
494 3166 531 3228 de
546 3160 678 3246 Areus),
697 3169 732 3229 et
742 3163 814 3246 lege
829 3165 866 3226 de
880 3166 1014 3258 Crimine
1031 3163 1097 3250 (12,
1114 3182 1143 3264 p.
1168 3165 1206 3228 de
1228 3166 1285 3228 llis
1302 3168 1356 3246 put

241 3275 404 3362 accusare).

286 3394 317 3460 2.
343 3397 513 3480 impuberes
528 3416 538 3460 .·
553 3396 599 3461 ita
617 3396 740 3462 seilicet
759 3403 796 3461 nt
815 3414 882 3462 non
906 3393 1120 3462 admittantur
1139 3393 1182 3462 ad
1202 3412 1358 3460 accusan-

242 3511 322 3578 dnm
336 3511 397 3576 nisi
412 3511 468 3597 qui
485 3512 523 3577 14
541 3512 658 3578 saltem
671 3531 791 3578 anuum
807 3511 1067 3596 compleverunt.
1089 3509 1184 3598 (Vide
1199 3509 1357 3598 Sohmalz-

243 3626 503 3711 gruebeuintit.
525 3630 554 3706 1,
570 3626 678 3694 libris
698 3625 838 3705 decret,
855 3646 888 3692 n.
906 3621 975 3710 ts.)
1086 3617 1090 3628 '

288 3747 321 3810 3.
347 3746 505 3825 insontes:
522 3750 556 3809 et
579 3741 711 3829 quidem
723 3743 822 3810 etiam
837 3741 975 3810 infames
985 3739 1116 3806 infamia
1129 3739 1225 3825 faoti;
1241 3738 1284 3807 ad
1298 3737 1360 3806 dii-

245 3858 418 3925 ferentiam
432 3856 514 3944 juris
534 3859 678 3936 Romani,
698 3859 732 3924 in
756 3877 820 3944 quo
841 3878 907 3926 non
924 3856 1131 3940 repelluntur
1144 3857 1206 3924 nisi
1222 3856 1359 3924 infames
1465 3895 1468 3902 ι

246 3974 478 4060 infamiajuris.
498 3975 809 4063 (schmalzgmebea
828 3975 902 4042 loon
917 3971 987 4060 eit.)

290 4092 323 4157 4.
345 4095 535 4157 criminosi:
553 4090 730 4178 etquidem
747 4091 875 4158 etiamsi
893 4088 1038 4156 nondum
1059 4089 1183 4157 ineunt
1198 4090 1357 4176 accusati5

245 4203 289 4270 ad
304 4202 519 4270 differentiam
528 4202 610 4289 juris
618 4203 764 4283 Romani,
780 4202 868 4289 quod
883 4222 948 4269 non
959 4203 1090 4287 repellit
1100 4203 1163 4269 nisi
1175 4204 1361 4272 criminosos

244 4319 312 4407 jam
327 4319 370 4386 ad
380 4317 537 4406 judicium
552 4325 696 4397 vocatos,
715 4325 749 4384 et
763 4338 903 4406 quornm
916 4337 1035 4386 nomen
1045 4320 1130 4388 inter
1143 4321 1228 4390 Reos
1237 4321 1362 4406 reposi-

247 4443 319 4510 tum
330 4441 391 4502 est.
408 4434 718 4522 (Sohmaizgrueher,
732 4432 827 4520 ibid.)
