2838 5114
501 328 580 376 rans
603 329 761 378 secuunl.
1126 319 1189 382 377

98 449 163 516 dom
172 455 264 518 esset.
281 451 347 534 Ipsi
359 457 471 548 tamen
484 452 684 534 prohibitum
701 473 771 522 esse
783 475 949 524 neruosas
963 456 1192 541 bareseosper

97 569 219 651 seipsum
232 566 365 653 judicet,
381 567 579 651 probabilius
593 578 707 638 tenent
722 571 887 651 doctores,
904 572 947 640 ob
958 572 1191 640 clementinam

96 686 136 748 lat
150 687 317 748 abolendam
336 685 379 769 (l,
398 687 435 748 de
448 685 629 770 Horatius),
656 688 778 772 quaid
794 690 872 756 satis
887 697 1000 774 aperte
1015 689 1139 773 innuit3
1156 696 1192 754 et

95 805 194 882 putant
203 799 349 884 expediri
358 800 453 866 basaa
462 817 573 866 causas
581 801 705 869 debere
722 805 953 886 perVicarium
962 803 1187 886 capitularem.

131 919 165 982 V.
182 920 229 984 De
254 921 380 985 Vioario
405 927 515 986 autem
533 921 720 1004 capitulari,
747 920 789 986 ad
810 937 907 1005 quem
925 926 1026 984 totam
1052 915 1189 983 transire

94 1032 226 1116 Episcopi
250 1034 446 1101 ordinariam
468 1035 729 1120 jurisdictionem
754 1037 786 1102 in
810 1042 955 1102 tractatu
977 1037 1015 1098 aa
1039 1035 1190 1114 Capitulis

92 1147 302 1229 probavimus
319 1150 455 1217 dubium
481 1171 546 1216 non
571 1159 622 1218 est
648 1154 726 1236 quin
741 1154 774 1217 iu
800 1153 903 1218 causis
926 1150 1085 1216 haereseos
1101 1166 1190 1214 com·

92 1271 193 1346 petens
210 1267 250 1331 sit
272 1275 307 1332 et
328 1271 501 1332 mainarius
524 1269 705 1352 inquisitor.
732 1267 811 1354 Non]
827 1275 937 1334 tamen
955 1265 1087 1350 poterit,
1106 1267 1189 1334 siout

90 1379 259 1464 Episcopus,
277 1383 311 1446 in
327 1391 496 1468 exemptos
512 1383 713 1468 procedere;
738 1408 754 1446 n
772 1386 927 1470 quianon
945 1380 1093 1448 succedit
1113 1379 1189 1464 Epi·

91 1517 104 1554 a
116 1514 190 1579 copo
203 1502 237 1562 in
252 1500 291 1564 iis
303 1519 375 1584 quoe
395 1501 553 1584 Episcopo
574 1507 766 1583 competunt
779 1500 848 1566 solo
859 1499 935 1584 jure
950 1497 1100 1580 delegato
1118 1518 1124 1562 :
1142 1496 1187 1562 ita

89 1612 346 1693 «probabilius»
364 1615 565 1700 (leurenius,
582 1616 656 1680 loco
671 1618 781 1694 citato,
800 1637 832 1680 n.
850 1615 897 1700 3.)

123 1729 173 1794 VI.
185 1751 199 1790 a
213 1730 313 1796 Posse
323 1750 454 1816 quoque
466 1733 621 1797 Praelatos
633 1731 799 1817 quosdam,
813 1731 1072 1817 jurisdictionem
1083 1729 1188 1814 quasi·

89 1846 322 1930 «episcopalem
339 1847 507 1924 habentes,
522 1866 592 1913 esse
604 1847 732 1932 judices
743 1845 923 1912 ordinarios
932 1848 966 1910 in
977 1844 1080 1912 causis
1095 1841 1185 1921 fidei,

89 1983 101 2018 n
113 1982 179 2028 cunr
193 1964 312 2029 Molina
327 1963 428 2030 tradit
443 1949 689 2050 casiropolim«
709 1966 914 2053 (beurcirias,
929 1963 1068 2041 ibidem,
1086 1983 1120 2028 n.
1138 1958 1185 2044 l.)

124 2079 189 2146 VII.
216 2103 233 2142 a
257 2079 373 2148 Modus
391 2101 470 2148 vero
489 2081 706 2165 procedendi,
734 2103 829 2168 quem
848 2085 880 2146 in
902 2081 1034 2148 crimine
1058 2079 1189 2146 boeresis

86 2215 99 2250 a
111 2194 281 2262 observare
297 2196 398 2262 debet
414 2199 607 2282 Episcopus,
628 2199 717 2264 idem
733 2207 783 2264 est
800 2218 874 2264 oum
888 2217 928 2264 eo
943 2215 1041 2290 quem
1056 2201 1188 2264 servant

85 2312 310 2395 «inquisitores
327 2310 389 2398 (l);
407 2313 506 2398 idque
523 2316 590 2380 sive
607 2313 771 2380 ordinaria
786 2316 854 2380 siue
873 2313 1023 2396 delegata
1038 2311 1188 2396 Episcopi

87 2433 269 2507 «potestate
292 2427 484 2510 procedunt.
503 2453 519 2489 u
540 2431 754 2516 (Laurenins,
772 2430 846 2496 loco
861 2431 971 2505 citato,
988 2447 1022 2492 n.
1041 2424 1087 2510 2.)
1105 2427 1187 2494 Con·

81 2551 137 2608 stat
150 2564 189 2610 ex
205 2543 364 2610 decretali
374 2550 497 2611 Statata
511 2546 576 2631 (20,
592 2548 680 2612 tituli
694 2550 725 2624 2,
740 2546 816 2612 libri
828 2550 858 2623 5,
872 2547 907 2610 in
919 2543 965 2628 6),
979 2544 1013 2609 in
1026 2561 1089 2628 qua
1104 2559 1187 2606 unus

79 2657 223 2746 idemque
234 2659 438 2744 procedendi
450 2663 576 2740 modus,
596 2681 749 2744 expresse
767 2669 835 2727 tum
851 2660 1027 2744 Episcopis,
1044 2666 1114 2724 tum
1126 2676 1187 2724 cae·

79 2777 150 2840 teris
156 2777 400 2862 inquisitoribus
409 2779 591 2844 servandus
600 2780 797 2863 precipitur3
811 2787 845 2844 et
854 2775 1037 2860 expressius
1046 2775 1144 2840 etiam
1153 2775 1186 2840 in

79 2890 228 2958 decretali
243 2898 304 2957 Per
320 2895 372 2956 icc
391 2893 457 2979 (17,
475 2895 561 2958 tituli
577 2898 613 2973 2,
631 2895 707 2960 bbri
724 2898 754 2972 5,
772 2896 806 2958 in
821 2892 853 2978 6)
871 2893 929 2959 ubi
942 2893 988 2958 sic
1004 2893 1159 2958 statuitur
1175 2911 1182 2958 ι

79 3011 141 3072 Sina
154 3017 252 3074 anton
266 3013 424 3075 ordinaria
440 3018 502 3074 stoc
517 3014 654 3094 delapsio
670 3017 809 3094 Episcopi
829 3017 978 3093 potestate
1001 3011 1163 3091 procedant
1170 3057 1181 3088 ,

78 3127 158 3190 illurn
172 3134 206 3191 in
220 3129 404 3210 procedendo
423 3131 543 3192 modom
563 3131 732 3208 observent,
751 3149 836 3211 quana
854 3133 1044 3209 inquisitores
1059 3132 1186 3209 possunt
1312 3157 1314 3162 ·

76 3249 103 3304 et
122 3246 243 3325 noent,
259 3265 316 3326 per
327 3249 402 3327 jara
418 3250 584 3308 commonia
608 3249 656 3308 ael
675 3266 732 3329 per
754 3248 895 3328 speciales
917 3248 1114 3308 antecessiones
1135 3262 1186 3306 seu

77 3361 272 3424 ordinationes
286 3364 374 3426 Sedis
392 3364 566 3443 spostolicae
581 3367 747 3426 observare.

579 3600 593 3672 §
619 3596 677 3660 111.

76 3796 188 3851 Quomodo
207 3814 258 3850 sose
279 3801 363 3850 babeat
382 3800 514 3862 jurisdictio
532 3801 695 3862 inquisitorum
717 3799 891 3862 delegatorum,
911 3807 959 3850 tum
983 3799 1006 3847 in
1023 3798 1116 3860 seipsa,
1136 3804 1184 3846 tum

294 3895 389 3944 relativo
405 3894 435 3941 ad
453 3895 601 3958 inquisitores
618 3894 749 3943 ordinarios
767 3908 808 3943 seu
826 3893 963 3958 Episcopos.

117 4102 193 4170 Cum
214 4103 281 4190 jam
300 4105 370 4171 fere
394 4104 515 4191 ubique
538 4105 694 4172 desierint
715 4105 928 4191 inquisitionis
953 4105 1108 4191 delegatae
1125 4105 1184 4171 tri·

77 4214 211 4298 bunalia,
228 4224 346 4288 cursim
362 4222 530 4289 dumtaxat
543 4232 577 4289 et
589 4225 713 4289 nonnisi
727 4223 768 4290 ad
784 4222 1052 4308 suppeditandum
1068 4222 1126 4288 hac
1139 4220 1182 4287 de

109 4441 141 4498 lli
159 4443 240 4506 Nempe
254 4443 353 4506 delegati
368 4459 380 4492 a
396 4445 453 4494 Scala
466 4447 606 4509 apostolica.
