2930 5114
220 301 283 377 tot
563 314 753 366 rnacrsuus
772 315 817 367 uu
839 313 987 367 tumis.

218 449 382 527 pmntnnc,
411 449 440 504 et
461 443 610 524 apostolos
634 460 696 504 esse
720 441 917 504 concedendos
941 441 1137 506 decernimus.
1166 446 1276 506 Datum
1300 446 1336 505 in

218 562 401 624 correctioris
426 559 606 644 episcopali,
638 561 744 636 dic...,
775 563 942 637 mensis...,
972 578 1092 625 anno...
1121 596 1166 607 -
1194 562 1257 641 Epo
1276 562 1332 636 N„

221 681 358 740 Vicorins
371 677 532 757 qeneruiis.
550 711 594 723 —
609 678 673 756 Epo
689 675 728 740 N.
732 723 744 754 ,
762 677 960 740 minoritas.»

262 797 407 858 Nein-
418 792 449 856 Si
465 789 568 877 judex
578 791 612 854 in
625 791 820 875 repetitione
840 789 972 855 testium
987 791 1090 855 autin
1106 810 1260 876 processu
1278 791 1338 858 de-

218 908 344 974 fensiso
357 908 497 992 aliquem
509 913 629 973 testem
642 904 750 971 omisit
762 905 975 990 interrogare,
994 907 1048 973 vel
1059 924 1252 991 responsum
1267 927 1342 992 sug-

219 1025 328 1109 gessit,
348 1024 402 1090 rel
420 1021 615 1089 infusorem
631 1022 691 1089 liei
706 1041 771 1087 non
786 1031 899 1088 exacte
923 1025 1133 1102 examinavit,
1160 1025 1263 1091 aliam
1275 1023 1342 1088 hu·
1455 1107 1456 1118 ἶ

216 1141 357 1228 jusmodi
373 1141 562 1226 gravamina
576 1137 698 1219 intulit,
720 1146 829 1225 potest
843 1147 999 1224 patronus
1025 1141 1086 1206 Rei
1108 1159 1171 1224 per
1191 1136 1340 1207 lmellum
1455 1125 1456 1128 ¹

218 1266 387 1340 peterent
410 1256 594 1324 defectibus
621 1257 831 1341 suppleatur;
850 1261 894 1334 et,
913 1258 939 1322 si
950 1255 1053 1343 judex
1078 1264 1208 1337 renuat,
1226 1259 1341 1344 appel-

215 1373 285 1439 lare
298 1380 332 1440 et
349 1381 464 1457 petere
476 1372 650 1458 apostolos.
667 1374 732 1440 Pro
742 1392 808 1459 quo
820 1372 967 1440 formulae
983 1374 1079 1442 facile
1093 1395 1136 1444 ex
1153 1374 1338 1459 premissis,

219 1490 349 1556 mutatis
368 1487 542 1570 mutandis,
562 1491 746 1558 concinnari
764 1497 933 1574 poterunt.

664 1775 798 1842 orror
812 1777 893 1842 nni.
959 1869 962 1874 Ι

218 2045 330 2094 FORMA
344 2045 573 2096 PRAESENTANDI
589 2044 825 2095 RESPONSIONES
841 2043 904 2092 PRO
918 2043 1024 2093 PARTE
1042 2045 1263 2097 accusnrotus
1275 2048 1344 2095 VEL

497 2163 590 2225 riser,
610 2162 737 2212 CONTRA
755 2161 975 2211 nornnstotsns
989 2162 1059 2209 REI.

266 2441 439 2516 «Annon,
461 2454 615 2514 nense...,
634 2437 741 2512 die...,
762 2440 953 2516 presentato
972 2438 1096 2515 fuerunt
1113 2439 1343 2518 perdonatum
1459 2468 1460 2486 r

219 2558 258 2620 Ν.
285 2551 536 2639 (accusatorem,
566 2550 620 2616 vel
644 2548 839 2615 accusatoris
872 2555 1065 2631 patronum,
1091 2551 1118 2616 si
1140 2551 1343 2634 procedatur

219 2670 271 2738 ria
282 2667 496 2734 accusationis
514 2687 521 2730 :
539 2665 658 2732 sivero
675 2663 874 2748 procedatur
889 2664 941 2730 via
956 2663 1211 2735 denuntiationis
1226 2675 1282 2736 cut
1297 2689 1341 2741 eu

219 2801 309 2852 mero
325 2778 428 2848 officio
444 2785 595 2863 ponatur,
612 2796 673 2862 per
689 2776 857 2845 dominum
871 2778 900 2842 N
904 2825 926 2855 .,
944 2785 1167 2862 promotorem
1182 2780 1337 2861 fiscalem,

219 2901 273 2968 vel
297 2898 494 2967 aduocatum
519 2892 681 2980 tardem
707 2899 910 2980 responsiones
938 2897 1160 2975 defensionibus
1184 2901 1342 2980 prodiretis

215 3039 273 3100 pro
293 3021 413 3083 donna
429 3019 470 3080 Ν.
488 3035 549 3096 reo,
563 3022 657 3097 proin
675 3019 708 3076 in
723 3018 800 3076 actis
815 3033 825 3074 :
840 3033 906 3094 qne
920 3019 1125 3095 responsiorws
1146 3021 1339 3098 incipient...

219 3142 248 3196 et
265 3137 447 3198 desinent...
468 3138 498 3196 ct
516 3139 586 3196 snnt
609 3135 720 3194 tenoris
743 3133 892 3212 scematis
914 3131 1077 3194 videlicet:
1093 3128 1139 3216 (et
1157 3131 1203 3196 ibi
1219 3130 1340 3198 deseri·

220 3244 371 3330 bantur).
399 3251 498 3336 Sumo
523 3250 642 3328 scripte
666 3251 766 3310 anien
787 3248 1005 3326 responsiones,
1030 3247 1068 3308 dc
1092 3249 1234 3313 mannan
1258 3267 1340 3312 recca

141 3383 144 3391 ’
221 3367 308 3430 rendi
329 3368 384 3444 N„
413 3367 526 3431 Vicorii
550 3364 715 3446 poneretis,
743 3366 964 3424 communicare
987 3364 1112 3441 fuerunt
1134 3366 1255 3428 domiin
1280 3367 1335 3444 N„

214 3489 344 3566 patrono
359 3483 434 3546 dicti
449 3484 513 3545 lici.
531 3485 570 3546 In
584 3499 709 3561 quornm
724 3479 827 3570 (idern.
846 3513 890 3526 -
904 3480 969 3562 Epo
984 3483 1016 3544 N
1018 3528 1043 3560 .,
1059 3487 1228 3548 errwino.
1245 3505 1262 3542 n

649 3753 782 3822 CAPUT
800 3756 897 3824 XLII.

250 4029 361 4078 rosus
376 4003 603 4080 nnnsnn'rsnnr
616 4027 871 4077 nnsorcsmonrs
881 4026 945 4076 nno
959 4026 1065 4077 rnarn
1083 4027 1151 4089 nor,
1171 4027 1295 4077 conrns

447 4147 682 4198 nnsronsronns
700 4147 917 4197 scoossronrs
932 4145 995 4194 vnn
1011 4146 1105 4194 riser.

267 4423 440 4503 «Annam,
459 4440 611 4505 recense...,
630 4421 735 4498 dic...,
759 4421 947 4500 presentare
969 4397 1092 4493 srnrnnt
1108 4434 1127 4478 n
1141 4416 1259 4478 dorninc
1273 4413 1324 4488 N,
