2848 5118
207 324 267 392 aot
546 339 733 391 moranus
757 343 801 389 nn
819 311 967 390 runicus.

204 466 314 545 datur,
331 466 439 552 quoad
459 465 545 533 viam
557 467 770 552 inquisitionis
781 468 943 550 praecipue
956 468 1091 552 quaestio
1102 465 1322 552 expendenda

206 585 306 650 venit.
699 572 704 582 ’

251 700 293 764 II.
311 703 619 784 (inandcprocediinr
629 721 686 784 per
702 706 907 782 inquisitionis
921 707 1014 780 viorn,
1033 706 1095 763 nisi
1106 707 1193 782 prins
1209 708 1324 764 coastat

205 815 243 879 de
252 817 437 896 precedente
453 818 581 895 infamio
593 818 640 878 vel
652 817 795 896 providus
808 819 944 889 indiciis,
962 818 1171 898 neqnitjndex
1184 835 1269 878 rcum
1288 817 1325 878 de

206 927 314 990 delicto
325 931 521 1007 interroqore.
538 963 583 974 -
597 925 637 991 Id
652 925 760 990 firmat
776 926 979 1010 Pellegrinus
993 925 1053 991 hoc
1069 924 1185 991 modo:
1201 923 1325 1006 «Quod

208 1041 263 1105 «si
276 1039 476 1126 procedatur
490 1060 549 1124 per
564 1041 814 1126 inquisitionem,
833 1041 1047 1126 requiruntur
1062 1040 1181 1106 indicia
1198 1047 1257 1106 aut
1277 1043 1326 1105 in·
1419 1103 1420 1132 ,

185 1155 190 1162 “
209 1155 335 1222 «famia
348 1157 459 1222 delicti
478 1157 510 1220 in
526 1157 636 1240 specie
652 1147 766 1222 contra
778 1154 1030 1222 examinandum
1049 1177 1056 1221 :
1073 1157 1229 1220 aliusnon
1243 1154 1326 1240 juri·

209 1271 314 1338 «dice
340 1274 615 1358 interrogaretur3
636 1281 669 1338 et
694 1282 932 1359 consequenter
958 1293 1023 1338 non
1053 1280 1228 1338 teneretur
1249 1291 1327 1337 reus

210 1387 381 1470 «seipsum
408 1387 562 1471 prodere,
587 1388 717 1475 quando
747 1388 901 1454 delictum
930 1371 1017 1453 esset
1049 1388 1231 1469 occultum3
1248 1389 1325 1472 quia

210 1513 353 1570 «contra
366 1503 419 1589 jus
440 1512 563 1569 natura
580 1512 640 1582 est,
659 1512 697 1569 ut
711 1505 768 1591 qui
785 1505 912 1571 occulte
937 1502 1092 1569 delictum
1109 1502 1271 1570 commisit
1289 1521 1324 1566 se
1420 1549 1421 1558 ,

210 1615 359 1704 «prodat
374 1617 515 1705 (sanctus
530 1618 677 1697 Thomas,
701 1621 732 1696 2,
757 1622 788 1697 2,
806 1638 838 1704 q.
856 1622 911 1696 69,
928 1638 959 1683 a.
982 1615 1057 1703 2)...
1074 1618 1156 1682 Hinc
1176 1616 1215 1682 fit
1235 1615 1325 1702 quod

210 1733 393 1799 «coristitui
411 1732 455 1822 (l)
480 1754 545 1800 non
566 1732 667 1799 debet
692 1754 779 1814 reus,
803 1734 863 1798 nisi
886 1735 918 1797 in
941 1749 1096 1817 processu
1115 1732 1325 1798 informatius

211 1857 369 1916 «constet
386 1850 501 1915 saltem
525 1849 729 1934 semi-plene,
749 1849 837 1935 quod
856 1851 925 1934 ipse
949 1848 1106 1914 delictum
1122 1847 1165 1913 de
1185 1865 1251 1932 quo
1278 1847 1326 1910 in·

214 1989 230 2027 a
244 1964 385 2052 quiritur
399 1963 611 2048 commiserit3
634 1965 685 2029 vel
700 1964 806 2029 adsint
817 1964 935 2030 indicia
952 1964 1193 2049 aequipollentia
1209 1985 1216 2027 :
1232 1962 1325 2026 aliter
1421 1971 1422 1976 ’

214 2079 348 2166 «judex
372 2080 553 2145 mortaliter
576 2078 742 2164 peccabit;
761 2088 795 2145 et
817 2099 894 2145 reus
914 2098 979 2143 non
1001 2084 1172 2144 teneretur
1191 2095 1325 2159 respon·

214 2221 231 2257 a
251 2196 343 2272 dere,
362 2199 437 2281 quin
453 2216 518 2261 non
534 2198 755 2280 interrogatur
770 2195 851 2282 juris
873 2196 986 2263 ordine
1001 2203 1143 2261 servato.
1162 2195 1213 2258 Ita
1231 2192 1338 2258 divus¹

215 2336 232 2374 a
248 2312 383 2379 Thomas
397 2317 432 2378 ct
445 2312 539 2377 alii...
558 2313 598 2376 ut
613 2312 696 2376 ratio
715 2312 877 2394 potissima
896 2319 956 2391 est,
980 2312 1054 2395 quin
1070 2310 1198 2375 faceret
1213 2316 1325 2374 contra
1422 2387 1423 2410 Χ

214 2451 230 2487 a
245 2426 298 2513 jus
314 2429 503 2492 canonicum
519 2433 552 2492 et
572 2427 678 2502 civile,
695 2425 862 2510 inquibus
878 2435 1024 2502 cavetur,
1045 2445 1109 2489 non
1123 2444 1217 2508 posse
1233 2443 1325 2489 reum
1422 2413 1423 2430 ¹

215 2544 409 2621 «constitui,
429 2542 489 2606 nisi
504 2539 768 2625 precedentibus
783 2539 907 2605 indiciis
925 2541 979 2606 vel
993 2538 1238 2624 probationibus
1265 2539 1325 2625 (ca-

213 2659 312 2742 rpite
330 2661 405 2726 Cana
420 2664 566 2739 oporteat,
589 2656 695 2738 capite
712 2659 933 2737 Inquisitionis‚
952 2663 986 2719 et
1000 2656 1104 2738 cupite
1121 2657 1272 2735 Qualiter,
1292 2657 1325 2718 dc

216 2775 372 2850 «Accus.,·
394 2773 562 2855 -capite
588 2774 664 2835 Cana
689 2774 913 2846 monasterinm,
935 2773 972 2832 dc
998 2772 1136 2851 Conses.,·
1157 2805 1204 2817 -
1222 2770 1324 2852 capite

216 2912 231 2948 n
250 2893 386 2967 Veniens,
402 2891 439 2952 cic
456 2883 615 2972 testibus).
632 2909 648 2947 a

262 3025 278 3064 a
295 3005 342 3068 Ex
354 3003 510 3069 hactenus
520 3002 616 3068 dictis
626 3003 779 3082 infertur,
788 3009 902 3086 primo,
919 3001 1007 3086 quod
1019 2999 1324 3088 judexextorquens

217 3128 409 3186 «secretum
425 3139 442 3184 a
459 3118 601 3198 subdito,
618 3127 739 3202 preter
751 3117 815 3204 jus,
829 3120 1011 3184 mortaliter
1023 3126 1137 3202 peccat
1151 3140 1160 3200 3
1177 3124 1212 3183 et
1226 3117 1323 3182 multo

218 3261 234 3298 o
250 3237 380 3322 gravius
394 3256 490 3322 quam
499 3237 525 3302 si
534 3255 670 3318 persona
680 3237 805 3320 privata
819 3235 880 3301 hoc
894 3237 1030 3301 faceret.
1039 3283 1060 3299 ..
1076 3239 1221 3314 Secundo,
1239 3231 1323 3320 quod

219 3354 275 3418 asi
292 3351 444 3418 subditus
458 3352 647 3434 cognoverit
663 3350 851 3436 injustitiam
863 3349 982 3435 judicis
994 3352 1027 3416 in
1043 3349 1269 3435 precipiendo,
1286 3355 1322 3411 ut

218 3474 410 3534 «secretum
427 3466 585 3533 delictum
601 3475 715 3532 contra
731 3466 784 3552 jus
797 3468 933 3544 revelet,
953 3487 1016 3532 non
1030 3475 1165 3532 tenetur
1180 3465 1322 3532 subditus

219 3585 321 3666 «ipse
340 3581 453 3668 judici,
476 3583 522 3646 sic
548 3601 614 3647 non
628 3582 771 3666 legitime
788 3582 1000 3665 praeaipierrti,
1019 3581 1196 3648 obedire...
1217 3587 1317 3655 Tertio,

219 3723 236 3760 a
253 3697 342 3784 quod
364 3698 390 3762 si
397 3696 500 3782 judex
514 3696 635 3781 injuste
646 3705 810 3763 secretum
824 3696 979 3763 delictum
989 3697 1124 3783 alicujus
1139 3702 1316 3782 extorquet,

220 3839 234 3874 a
249 3834 313 3880 non
328 3821 435 3896 potest
454 3813 487 3877 in
511 3833 551 3880 eo
563 3813 702 3878 ulterius
717 3811 911 3896 procedere,
929 3822 986 3878 aut
1005 3814 1095 3879 illum
1107 3816 1244 3898 punire;
1261 3821 1320 3876 tam

220 3952 236 3988 a
254 3930 281 3992 si
296 3929 469 3993 extorserit
486 3927 527 3992 ab
545 3928 683 4011 ipsomet
699 3946 767 4005 reo,
785 3946 914 4012 quamn
929 3936 1056 3993 teste...
1073 3930 1202 3994 Dicitur
1221 3935 1321 3994 autem

221 4042 369 4129 «injuste
388 4052 600 4129 extorquere,
616 4042 747 4129 quando
757 4043 874 4120 minas,
891 4044 958 4108 rim
972 4051 1028 4109 aut
1042 4050 1206 4109 tormenta
1220 4043 1321 4110 illicite

255 4313 289 4374 (ll
309 4311 375 4374 apud
387 4311 539 4374 iurisperitos
552 4310 613 4358 idam
627 4317 663 4358 est
678 4310 885 4370 constituissem,
901 4324 927 4358 ac
941 4311 1067 4360 examinari
1078 4324 1118 4358 seu
1130 4310 1285 4372 interrogari,
