2836 5118
486 353 565 404 raas
587 353 746 403 suranna.
1116 339 1174 404 att

85 473 212 556 ductum,
233 493 295 556 uon
309 491 443 558 possum
458 474 559 562 (quod
582 475 725 562 libenter
741 473 858 560 satem)
875 493 916 545 ex
941 476 1183 564 naumismum

84 589 129 659 vel
147 607 309 681 sacrarum¹
333 592 620 674 congregationum
649 591 844 658 auctoritate
871 589 1083 680 coplirmare3
1108 610 1182 680 cum

50 697 53 704 ’
83 681 182 770 urdlibi
207 706 418 790 questionem
444 725 611 772 excussam
633 707 827 793 repererim.
853 706 934 794 Sed,
959 715 1070 797 proutq
1087 714 1185 796 autep

83 823 188 899 monui,
204 840 265 887 uec
279 821 368 900 mihi,
385 823 504 889 multos
519 823 600 888 lieet
614 829 765 910 auctores
775 822 994 912 pervolventi,
1007 820 1182 908 quidquam

83 936 211 1002 occurrit
232 937 265 1002 in
286 939 496 1022 contrarium.
523 937 684 1004 Ceterum
710 956 786 1002 oum
808 957 860 1004 me
887 938 982 1004 facile
1004 938 1109 1005 latere
1124 956 1187 1021 po-¹

80 1053 188 1134 tuerint
211 1061 395 1137 opportuno
410 1051 623 1131 documenta,
645 1061 680 1118 et
698 1072 750 1120 rae
778 1053 875 1122 valde
900 1052 1032 1119 aliunde
1051 1061 1187 1144 moveat

79 1168 199 1252 praelata
228 1170 448 1252 Romanorum
474 1170 713 1237 canonistarum
745 1171 909 1236 contraria
934 1171 1115 1254 persuasio,
1144 1177 1185 1237 ut

78 1283 239 1364 probabilis
262 1283 433 1352 dumtaxat
447 1285 545 1351 velim
561 1305 579 1349 a
595 1303 646 1352 me
670 1293 875 1370 propugnata
891 1285 991 1366 thesis
1008 1285 1178 1376 habeatur.

114 1403 231 1481 objicies
261 1403 291 1466 l.
320 1402 523 1486 Decisionem
551 1401 654 1466 Sacrae
682 1401 944 1486 Congrcgotiouis
969 1402 1120 1478 concilii,
1148 1402 1182 1466 iu

77 1534 159 1582 causa
179 1523 298 1601 saneto
316 1517 446 1600 Agatha
470 1516 663 1596 Gothorum,
683 1520 725 1584 36
750 1516 1007 1584 februarii1853
1032 1519 1188 1602 :Nempe

77 1630 237 1717 Episcopus
265 1639 383 1699 sanctae
417 1631 546 1718 Agathos
580 1633 760 1700 Gothorum
792 1632 1119 1717 archipresbyterum
1148 1640 1184 1698 et

76 1756 210 1814 curatum
234 1747 483 1826 d'Ambrosium
502 1748 625 1838 judicio
644 1769 685 1815 ex
703 1750 878 1816 informato
895 1749 1091 1831 corisoientia
1108 1767 1181 1836 sus·

75 1863 176 1945 pendit
197 1884 217 1933 a
237 1865 397 1950 dignitate
417 1866 743 1951 archipresbyterum
764 1867 944 1932 animarum
962 1883 1056 1944 cura,
1079 1870 1114 1933 ct
1132 1883 1182 1931 so·

77 1993 194 2042 crorum
214 1976 366 2043 ordinum
382 1977 557 2062 exerciti03
582 1977 684 2062 idque
696 1979 818 2067 absque
837 1978 904 2044 ulla
921 1977 1098 2071 temporis,
1117 1995 1182 2062 quo

77 2089 184 2160 durare
213 2091 353 2159 deberet
377 2093 545 2177 suspensio
570 2093 657 2170 hac,
686 2092 972 2160 determinatione.
998 2093 1115 2158 Delatu
1140 2091 1182 2159 ad

77 2206 193 2274 Sacram
218 2207 353 2289 Concilii
368 2207 658 2296 congregationem
681 2208 756 2284 lite,
788 2210 1032 2292 suspensionem
1057 2208 1183 2292 irregu-

76 2322 166 2390 larem
187 2325 287 2412 fuisse
312 2323 452 2408 probare
476 2326 615 2390 tentavit
637 2323 858 2417 d'dmbrosius
875 2323 1002 2390 duabus
1019 2325 1183 2408 praecipue

77 2439 278 2508 rationibus:
314 2442 347 2526 l,o
372 2437 462 2529 qnod
493 2439 683 2526 facultatem
714 2459 753 2506 ex
782 2439 957 2508 informata
987 2440 1182 2506 conscientia

76 2554 287 2648 suspendendi
308 2572 373 2622 non
397 2554 516 2620 habeat
534 2555 729 2640 Episcopus,
749 2555 810 2622 nisi
833 2559 951 2639 qnando
974 2556 1115 2642 delictum
1137 2562 1181 2649 cst

76 2674 228 2750 comitam·
244 2689 316 2756 quae
338 2668 480 2735 conditio
495 2668 610 2736 deerat
623 2671 656 2734 in
671 2669 798 2738 delictis
820 2672 882 2753 ipsi
901 2668 1048 2756 objectis,
1066 2677 1181 2752 utpote

77 2783 248 2872 dequibus
275 2786 341 2871 jam
371 2785 458 2850 fama
479 2787 514 2851 in
539 2786 671 2870 regione
706 2786 838 2870 vulgata
867 2785 987 2850 iuerat.
1021 2788 1056 2850 2⁰
1086 2784 1182 2866 Quod

77 2903 232 2986 suspensio
259 2901 303 2968 ad
323 2909 454 2992 tempus
478 2899 785 2980 indeterminatam,
813 2903 942 2986 qualem
960 2902 1083 2968 tulerat
1105 2921 1183 2972 sous

77 3017 252 3104 Episcopus,
268 3037 334 3084 nou
352 3018 395 3084 sit
415 3037 521 3105 paena,
539 3017 598 3084 sed
614 3037 768 3101 censura;
787 3037 930 3084 censurae
946 3037 1045 3107 porro
1065 3020 1184 3116 trinam

77 3137 235 3216 requirunt
253 3136 474 3201 monitionem.
499 3137 580 3200 Vicit
601 3142 710 3200 autem
733 3133 951 3224 d'Amlsrosius
969 3135 1032 3206 :ad
1047 3134 1184 3204 dubium

78 3253 165 3332 enm,
189 3274 228 3322 on
249 3259 363 3321 constet
385 3254 421 3316 de
440 3253 600 3316 caliditate
615 3258 815 3336 suspensionis
834 3260 868 3316 iat
887 3273 970 3341 cusu,
991 3271 1183 3336 responsum

79 3375 134 3432 est:
151 3373 305 3457 Nepoticc,
324 3370 408 3434 soluo
415 3373 488 3449 jura
507 3372 651 3452 Episcopo
668 3371 847 3450 procedendi
864 3376 955 3450 prout
968 3372 1005 3432 de
1012 3375 1095 3464 jure.
1113 3369 1189 3459 Qua„

79 3486 227 3550 sententio
258 3482 416 3578 videntur
442 3483 689 3580 Eminentissimi
714 3484 830 3549 Patres
855 3485 999 3573 priorem
1024 3483 1182 3579 rationem

79 3599 281 3686 approbasse;
296 3619 364 3688 nou
379 3617 473 3682 posse
499 3599 623 3665 scilicet
638 3599 833 3691 Episcopum
856 3618 897 3664 ex
917 3598 1089 3664 informata
1110 3617 1183 3664 cou-

79 3717 201 3784 scientia
215 3714 414 3802 procedere,
432 3716 491 3779 uisi
507 3718 628 3781 crimen
644 3717 686 3781 sit
700 3715 875 3780 occultum.

117 3837 291 3928 lemniaco.
326 3832 423 3898 Sacra
455 3809 669 3914 Congregatio
693 3830 729 3896 id
752 3849 854 3925 unum
878 3831 1100 3930 pronuntiavit
1124 3852 1184 3927 noo

79 3959 201 4015 conmre
216 3953 254 4046 dc
268 3953 430 4044 validitate
444 3948 539 4030 dictae
555 3949 791 4042 suspensionis3
810 3948 869 4016 sed
883 3950 1067 4014 nullatenus
1081 3947 1186 4018 decla·

80 4067 156 4135 ravit
176 4087 240 4154 qua
261 4065 305 4160 de
328 4066 489 4150 conscita
509 4064 719 4150 judicaverit.
741 4065 835 4132 Unde
858 4067 958 4152 gratis
980 4072 1185 4161 assereretur

81 4197 197 4252 aarum
211 4182 308 4274 hujus
330 4182 501 4252 decisionis
521 4181 633 4259 fuisse,
658 4181 747 4267 quod
763 4181 920 4248 delictum
940 4201 1005 4272 nou
1021 4182 1121 4248 fuerit
1135 4200 1184 4246 oe-

82 4297 203 4388 cultum.

120 4417 238 4506 Qtjoips
253 4419 285 4482 2.
308 4417 378 4507 lion
396 4413 512 4505 deesse
533 4421 684 4484 auctores
700 4415 754 4513 qui
771 4417 950 4495 sustineant
971 4413 1121 4513 restringi
1140 4411 1183 4480 ad
