2836 5118
398 333 405 348 ·
500 343 578 392 rans
601 343 758 392 sacuam.
1118 335 1182 398 335

113 469 444 548 ‘Quaestioautemiila
461 477 539 536 num
547 466 755 535 Tridentinus
763 474 873 536 ternas
886 466 1120 557 intelligendus
1131 475 1180 542 io-

78 589 122 648 ret
132 584 225 649 etiam
237 578 279 649 de
294 581 557 668 suspensionibus
571 590 604 650 tn
613 593 809 667 perpetuum,
823 596 945 672 quanta
960 587 1062 654 luerit
1076 596 1183 656 matu·

77 688 161 754 ritate
172 707 316 768 excussa,
333 698 404 755 turn
422 711 440 754 a
456 691 551 756 dictae
570 695 827 776 congregationis
846 694 1089 775 cardinalihuS,
1109 705 1181 764 tum

77 803 111 868 ab
123 805 188 887 ipso
213 805 312 870 etiarn
335 803 665 886 RomanoPontifice‚
684 817 866 876 constater
889 811 953 875 alio
971 811 1107 878 archivii
1129 830 1182 881 ro·

76 922 150 984 mani
163 921 350 988 authentico
359 923 594 1008 manuscripto;
612 944 651 990 ex
661 925 746 990 libro
760 940 878 1011 nempe
890 929 931 992 22
945 927 1176 1010 liemortattum,

75 1037 178 1119 pagina
197 1039 255 1121 243
273 1037 331 1108 ubi
352 1037 416 1104 snb
431 1036 484 1103 die
499 1041 540 1102 22
555 1037 638 1123 junii
657 1043 753 1119 1582,
776 1041 821 1106 sic
834 1042 981 1125 legitur:
1005 1043 1181 1130 «Congre-

78 1153 225 1235 agano...
239 1151 283 1239 (i)
303 1156 439 1230 censuit,
463 1153 597 1220 decreto
610 1156 750 1234 concilii,
771 1157 920 1222 sessionis
938 1161 989 1236 lt,
1009 1160 1123 1245 capitis
1148 1165 1177 1239 1,

77 1277 282 1335 «correctum
310 1289 381 1335 esse
400 1278 498 1353 caput
518 1272 537 1335 4
558 1275 609 1334 Ea
628 1279 726 1335 tenore
755 1273 803 1357 (de
829 1278 906 1339 Foro
932 1277 1117 1361 competenti)
1143 1283 1179 1343 et

75 1408 88 1446 a
105 1390 229 1469 capnt5
245 1391 293 1452 Aa
304 1407 391 1451 aures
411 1387 540 1474 (eodem
556 1387 676 1472 titulo),
697 1395 731 1454 et
745 1389 953 1474 ampliatum3
972 1393 1016 1457 ita
1034 1399 1073 1458 ut
1090 1409 1177 1460 com-

74 1503 284 1586 «prehendat
303 1526 431 1592 quoque
453 1507 586 1572 clericos
609 1508 779 1572 saeculares
800 1507 908 1592 (etiam
931 1507 1108 1592 dignitates
1123 1511 1177 1578 nel

72 1641 86 1678 a
102 1618 266 1700 beneficia,
286 1621 404 1706 quibus
422 1641 564 1689 annexus
580 1623 621 1688 sit
637 1623 730 1699 ordo,
753 1621 1048 1706 casinenssi-um
1068 1626 1176 1711 quoad

71 1731 286 1802 «facultatem
312 1735 507 1821 prohibendi
533 1754 702 1804 ascensam
724 1737 766 1803 ud
787 1737 934 1815 ordines,
957 1757 1053 1823 quam
1076 1742 1175 1806 etiam

70 1850 340 1935 «suspendendi,
377 1855 520 1940 ipsisque
551 1855 741 1920 facultatem
773 1851 956 1938 appellandi
989 1854 1176 1939 ademptam

70 1987 177 2034 resse.
198 1993 213 2031 n

105 2109 120 2144 a
137 2085 210 2151 aun
224 2088 321 2152 etiam
339 2086 483 2164 dictum,
503 2091 664 2153 arctatum
680 2086 723 2152 ad
740 2085 871 2152 ordines
886 2086 1125 2171 suscipiendos,
1147 2091 1174 2155 si

68 2225 80 2261 a
95 2205 135 2268 sic
152 2201 333 2287 prohibitus
355 2205 438 2283 tuit,
459 2225 523 2271 non
541 2203 686 2270 incidere
700 2207 734 2268 in
754 2222 866 2289 poenas
892 2205 1007 2288 eapitis
1037 2206 1076 2270 il
1092 2207 1174 2270 Licet

68 2342 80 2377 a
95 2339 185 2383 ennon
214 2321 262 2405 (alc
279 2324 389 2397 Eleon,
411 2321 444 2386 in
465 2320 511 2404 6),
538 2319 631 2404 juxta
656 2323 755 2405 caput
782 2323 824 2385 35
850 2324 1015 2384 Commissa
1044 2321 1172 2408 (eodem

68 2458 80 2494 a
95 2433 212 2520 titulo).

104 2577 119 2612 «
136 2553 208 2620 Fuit
224 2555 348 2638 pariter
360 2553 500 2633 dictum,
511 2552 636 2639 quodsi
650 2551 804 2618 adimitur
815 2560 959 2636 potestas
970 2541 1167 2635 appellandi,

67 2691 79 2724 a
98 2685 158 2735 non
174 2669 355 2754 denegatur
372 2684 535 2736 recursus.
557 2666 713 2755 (napitas
734 2671 1002 2744 lamentatoris,
1021 2669 1059 2732 cte
1072 2667 1110 2732 ita
1122 2675 1170 2734 tn-

66 2803 79 2840 a
95 2791 205 2865 iepram
221 2783 434 2869 restitutione.)

102 2901 250 2966 «Tamen
263 2901 337 2986 quia
355 2903 506 2985 Episcopi
527 2897 713 2984 hujusmodi
728 2902 890 2984 potestate
910 2898 1002 2964 abuti
1019 2907 1166 2982 possunt,

66 3011 298 3080 «illustrissimi
314 3017 441 3081 Domini
465 3015 640 3092 dixerunt,
672 3013 884 3081 referendum
901 3015 1124 3092 sanctissimo,
1143 3019 1170 3083 si

64 3129 297 3197 «moderamen
310 3133 441 3218 aliquod
456 3134 515 3199 hac
534 3132 575 3198 de
596 3152 632 3199 re
650 3131 798 3197 adhiberi
819 3132 947 3216 posset,
963 3148 1028 3215 quo
1044 3129 1110 3214 juri
1135 3139 1170 3200 et

63 3266 77 3302 a
89 3248 231 3326 periculo
246 3258 486 3315 occurreretur.
505 3249 566 3314 Die
582 3251 621 3314 27
636 3248 774 3334 januarii
791 3251 887 3326 1583,
905 3247 991 3313 facta
1009 3248 1167 3314 relatione

64 3381 77 3418 «
93 3361 350 3448 congregationis
360 3365 491 3431 Consilii
505 3364 548 3430 ad
557 3365 810 3444 Sanctissimam‚
827 3383 935 3430 coram
949 3365 1168 3430 illustrissimo

64 3499 77 3536 c
92 3476 265 3558 Columna,
286 3481 348 3545 Sua
362 3482 520 3546 Sanctitas
539 3477 726 3563 respondit,
746 3477 942 3556 videndum,
966 3494 1044 3544 num
1059 3478 1168 3562 prohi-

64 3593 166 3660 abitio
193 3595 326 3661 Concilii
353 3603 386 3660 et
410 3596 577 3679 suspensio
604 3598 645 3660 sit
670 3603 831 3678 perpetua
858 3595 912 3659 vel
937 3593 1162 3676 temporaria:

62 3731 75 3766 a
91 3711 215 3793 quodsi
232 3713 430 3795 temporaria
445 3731 509 3776 non
525 3709 701 3776 laxandum
713 3709 902 3792 decretum3
922 3707 1100 3774 audiendus
1117 3713 1165 3773 ta·

57 3824 75 3880 'a
91 3843 160 3890 men
175 3828 320 3893 rationes
339 3825 548 3892 illustrissimi
571 3826 777 3901 Senonensis,
805 3823 979 3890 asserentis
996 3840 1061 3888 non
1078 3827 1164 3888 cortr-

63 3939 248 4022 «prehendi
269 3949 431 4008 arctatos:
450 3943 498 4007 sin
522 3948 631 4007 autem
647 3940 821 4026 prohibitio
838 3948 872 4005 et
895 3939 1063 4024 suspensio
1082 3939 1165 4006 cous

58 4053 76 4112 'a
91 4056 150 4122 n'lil
162 4063 324 4142 perpetua
338 4059 555 4142 intelligatur,
583 4055 689 4123 adhuc
713 4053 930 4134 studendum,
954 4061 990 4121 et
1005 4055 1167 4121 maturius

62 4186 154 4238 «mm
170 4193 239 4240 esse
255 4173 533 4258 perpendendam.

88 4439 120 4500 (1)
138 4441 179 4489 ilbi
192 4441 313 4504 posuimus
327 4447 419 4502 puncta¹
439 4447 604 4490 enumerantur
622 4439 756 4490 cardinales
770 4439 800 4488 ad
815 4437 993 4489 deliberandum
1008 4436 1111 4490 tannen
