<?xml version="1.0" encoding="UTF-8"?>
<!DOCTYPE html PUBLIC "-//W3C//DTD XHTML 1.0 Transitional//EN"
    "http://www.w3.org/TR/xhtml1/DTD/xhtml1-transitional.dtd">
<html xmlns="http://www.w3.org/1999/xhtml" xml:lang="en" lang="en">
 <head>
  <title>
</title>
<meta http-equiv="Content-Type" content="text/html;charset=utf-8" />
  <meta name='ocr-system' content='tesseract 3.04.00' />
  <meta name='ocr-capabilities' content='ocr_page ocr_carea ocr_par ocr_line ocrx_word'/>
</head>
<body>
  <div class='ocr_page' id='page_1' title='image "./tractatusdejudi01bouigoog_0145.png"; bbox 0 0 2914 5122; ppageno 0'>
   <div class='ocr_carea' id='block_1_1' title="bbox 245 348 1013 414">
    <p class='ocr_par' dir='ltr' id='par_1_1' title="bbox 245 348 1013 414">
     <span class='ocr_line' id='line_1_1' title="bbox 245 348 1013 414; baseline -0.009 -3"><span class='ocrx_word' id='word_1_1' title='bbox 245 348 304 411; x_wconf 75' lang='lat'>134</span> <span class='ocrx_word' id='word_1_2' title='bbox 587 359 775 414; x_wconf 75' lang='lat' dir='ltr'>rmorsrns</span> <span class='ocrx_word' id='word_1_3' title='bbox 798 359 842 406; x_wconf 85' lang='lat' dir='ltr'>nn</span> <span class='ocrx_word' id='word_1_4' title='bbox 863 359 1013 413; x_wconf 79' lang='lat' dir='ltr'>sumens.</span> 
     </span>
    </p>
   </div>
   <div class='ocr_carea' id='block_1_2' title="bbox 156 482 1446 4516">
    <p class='ocr_par' dir='ltr' id='par_1_2' title="bbox 156 482 1446 2190">
     <span class='ocr_line' id='line_1_2' title="bbox 240 482 1353 567; baseline -0.006 -12"><span class='ocrx_word' id='word_1_5' title='bbox 240 490 382 567; x_wconf 80' lang='lat' dir='ltr'>sabatur,</span> <span class='ocrx_word' id='word_1_6' title='bbox 401 488 454 554; x_wconf 89' lang='lat' dir='ltr'>vel</span> <span class='ocrx_word' id='word_1_7' title='bbox 476 488 606 553; x_wconf 91' lang='lat' dir='ltr'>omnino</span> <span class='ocrx_word' id='word_1_8' title='bbox 629 505 648 549; x_wconf 89' lang='lat' dir='ltr'>a</span> <span class='ocrx_word' id='word_1_9' title='bbox 671 485 738 550; x_wconf 88' lang='lat' dir='ltr'>lide</span> <span class='ocrx_word' id='word_1_10' title='bbox 763 485 924 550; x_wconf 89' lang='lat' dir='ltr'>catholica</span> <span class='ocrx_word' id='word_1_11' title='bbox 942 483 1126 560; x_wconf 78' lang='lat' dir='ltr'>defecerat,</span> <span class='ocrx_word' id='word_1_12' title='bbox 1151 482 1205 548; x_wconf 83' lang='lat' dir='ltr'>vel</span> <span class='ocrx_word' id='word_1_13' title='bbox 1223 501 1292 548; x_wconf 88' lang='lat' dir='ltr'>non</span> <span class='ocrx_word' id='word_1_14' title='bbox 1307 483 1353 548; x_wconf 90' lang='lat' dir='ltr'>:si</span> 
     </span>
     <span class='ocr_line' id='line_1_3' title="bbox 239 585 1354 688; baseline -0.005 -19"><span class='ocrx_word' id='word_1_15' title='bbox 239 607 348 688; x_wconf 91' lang='lat' dir='ltr'>prius,</span> <span class='ocrx_word' id='word_1_16' title='bbox 372 603 415 669; x_wconf 93' lang='lat' dir='ltr'>de</span> <span class='ocrx_word' id='word_1_17' title='bbox 437 603 537 686; x_wconf 89' lang='lat' dir='ltr'>ipsius</span> <span class='ocrx_word' id='word_1_18' title='bbox 554 585 629 667; x_wconf 82' lang='lat' dir='ltr'>odio</span> <span class='ocrx_word' id='word_1_19' title='bbox 651 597 833 665; x_wconf 89' lang='lat' dir='ltr'>curandum</span> <span class='ocrx_word' id='word_1_20' title='bbox 852 619 916 664; x_wconf 91' lang='lat' dir='ltr'>non</span> <span class='ocrx_word' id='word_1_21' title='bbox 935 608 1030 666; x_wconf 92' lang='lat' dir='ltr'>erat:</span> <span class='ocrx_word' id='word_1_22' title='bbox 1055 599 1083 662; x_wconf 91' lang='lat' dir='ltr'>si</span> <span class='ocrx_word' id='word_1_23' title='bbox 1105 597 1287 681; x_wconf 82' lang='lat' dir='ltr'><strong>posterius,</strong></span> <span class='ocrx_word' id='word_1_24' title='bbox 1304 615 1354 680; x_wconf 88' lang='lat' dir='ltr'>ap-</span> 
     </span>
     <span class='ocr_line' id='line_1_4' title="bbox 239 712 1354 804; baseline -0.008 -19"><span class='ocrx_word' id='word_1_25' title='bbox 239 721 344 804; x_wconf 89' lang='lat' dir='ltr'>prime</span> <span class='ocrx_word' id='word_1_26' title='bbox 361 718 562 802; x_wconf 78' lang='lat' dir='ltr'>intelligebat</span> <span class='ocrx_word' id='word_1_27' title='bbox 574 724 779 782; x_wconf 82' lang='lat' dir='ltr'>accusatores</span> <span class='ocrx_word' id='word_1_28' title='bbox 796 736 836 782; x_wconf 86' lang='lat' dir='ltr'>ex</span> <span class='ocrx_word' id='word_1_29' title='bbox 857 715 1061 780; x_wconf 78' lang='lat' dir='ltr'>conscientia</span> <span class='ocrx_word' id='word_1_30' title='bbox 1079 713 1191 781; x_wconf 88' lang='lat' dir='ltr'>debito</span> <span class='ocrx_word' id='word_1_31' title='bbox 1206 712 1272 778; x_wconf 86' lang='lat' dir='ltr'>sibi</span> <span class='ocrx_word' id='word_1_32' title='bbox 1289 720 1354 778; x_wconf 85' lang='lat' dir='ltr'>tan·</span> 
     </span>
     <span class='ocr_line' id='line_1_5' title="bbox 239 829 1356 916; baseline -0.006 -15"><span class='ocrx_word' id='word_1_33' title='bbox 239 844 310 901; x_wconf 91' lang='lat' dir='ltr'>tum</span> <span class='ocrx_word' id='word_1_34' title='bbox 325 853 406 901; x_wconf 89' lang='lat' dir='ltr'>onus</span> <span class='ocrx_word' id='word_1_35' title='bbox 429 834 636 916; x_wconf 80' lang='lat' dir='ltr'>assumpsisse</span> <span class='ocrx_word' id='word_1_36' title='bbox 657 853 664 896; x_wconf 93' lang='lat'><strong>:</strong></span> <span class='ocrx_word' id='word_1_37' title='bbox 684 837 783 915; x_wconf 87' lang='lat' dir='ltr'>atque</span> <span class='ocrx_word' id='word_1_38' title='bbox 806 831 895 897; x_wconf 93' lang='lat' dir='ltr'>idem</span> <span class='ocrx_word' id='word_1_39' title='bbox 915 830 956 896; x_wconf 88' lang='lat' dir='ltr'>de</span> <span class='ocrx_word' id='word_1_40' title='bbox 974 830 1115 897; x_wconf 89' lang='lat' dir='ltr'>accusati</span> <span class='ocrx_word' id='word_1_41' title='bbox 1130 829 1242 894; x_wconf 89' lang='lat' dir='ltr'>amicis</span> <span class='ocrx_word' id='word_1_42' title='bbox 1259 837 1294 896; x_wconf 87' lang='lat' dir='ltr'>et</span> <span class='ocrx_word' id='word_1_43' title='bbox 1308 847 1356 895; x_wconf 82' lang='lat' dir='ltr'>co</span> 
     </span>
     <span class='ocr_line' id='line_1_6' title="bbox 239 945 1356 1036; baseline -0.004 -20"><span class='ocrx_word' id='word_1_44' title='bbox 239 952 343 1036; x_wconf 85' lang='lat' dir='ltr'>gnatis</span> <span class='ocrx_word' id='word_1_45' title='bbox 364 949 549 1016; x_wconf 89' lang='lat' dir='ltr'>dicendum.</span> <span class='ocrx_word' id='word_1_46' title='bbox 580 949 746 1030; x_wconf 89' lang='lat' dir='ltr'>Perpetuo</span> <span class='ocrx_word' id='word_1_47' title='bbox 771 953 932 1030; x_wconf 82' lang='lat' dir='ltr'>praeterea</span> <span class='ocrx_word' id='word_1_48' title='bbox 955 946 1137 1013; x_wconf 89' lang='lat' dir='ltr'>accusantis</span> <span class='ocrx_word' id='word_1_49' title='bbox 1160 952 1194 1010; x_wconf 90' lang='lat' dir='ltr'>et</span> <span class='ocrx_word' id='word_1_50' title='bbox 1215 945 1356 1012; x_wconf 87' lang='lat' dir='ltr'>accusati</span> 
     </span>
     <span class='ocr_line' id='line_1_7' title="bbox 239 1058 1446 1147; baseline -0.007 -13"><span class='ocrx_word' id='word_1_51' title='bbox 239 1067 371 1136; x_wconf 87' lang='lat' dir='ltr'>auribus</span> <span class='ocrx_word' id='word_1_52' title='bbox 392 1064 561 1132; x_wconf 85' lang='lat' dir='ltr'>insonabat</span> <span class='ocrx_word' id='word_1_53' title='bbox 578 1071 780 1147; x_wconf 73' lang='lat' dir='ltr'>preceptum</span> <span class='ocrx_word' id='word_1_54' title='bbox 802 1063 1043 1146; x_wconf 82' lang='lat' dir='ltr'>evangelicum,</span> <span class='ocrx_word' id='word_1_55' title='bbox 1069 1080 1135 1146; x_wconf 88' lang='lat' dir='ltr'>quo</span> <span class='ocrx_word' id='word_1_56' title='bbox 1162 1058 1255 1138; x_wconf 87' lang='lat' dir='ltr'>odia,</span> <span class='ocrx_word' id='word_1_57' title='bbox 1276 1059 1357 1126; x_wconf 91' lang='lat' dir='ltr'>inter</span> <span class='ocrx_word' id='word_1_58' title='bbox 1445 1073 1446 1126; x_wconf 63' lang='grc' dir='ltr'><strong>ἴ</strong></span> 
     </span>
     <span class='ocr_line' id='line_1_8' title="bbox 238 1179 1446 1266; baseline -0.003 -18"><span class='ocrx_word' id='word_1_59' title='bbox 238 1184 325 1266; x_wconf 90' lang='lat' dir='ltr'>ipsos</span> <span class='ocrx_word' id='word_1_60' title='bbox 340 1183 435 1246; x_wconf 89' lang='lat' dir='ltr'>etiam</span> <span class='ocrx_word' id='word_1_61' title='bbox 452 1181 637 1263; x_wconf 82' lang='lat' dir='ltr'>litigantes,</span> <span class='ocrx_word' id='word_1_62' title='bbox 660 1179 807 1244; x_wconf 85' lang='lat' dir='ltr'>districte</span> <span class='ocrx_word' id='word_1_63' title='bbox 828 1179 1058 1262; x_wconf 87' lang='lat' dir='ltr'>probibentur.</span> <span class='ocrx_word' id='word_1_64' title='bbox 1076 1179 1146 1260; x_wconf 86' lang='lat' dir='ltr'>Qua</span> <span class='ocrx_word' id='word_1_65' title='bbox 1167 1179 1246 1262; x_wconf 79' lang='lat' dir='ltr'>lege</span> <span class='ocrx_word' id='word_1_66' title='bbox 1265 1196 1358 1244; x_wconf 81' lang='lat' dir='ltr'>eran·</span> <span class='ocrx_word' id='word_1_67' title='bbox 1445 1221 1446 1244; x_wconf 55' lang='lat'>1</span> 
     </span>
     <span class='ocr_line' id='line_1_9' title="bbox 239 1292 1446 1382; baseline -0.007 -17"><span class='ocrx_word' id='word_1_68' title='bbox 239 1299 341 1382; x_wconf 82' lang='lat' dir='ltr'>gelica</span> <span class='ocrx_word' id='word_1_69' title='bbox 354 1316 429 1362; x_wconf 90' lang='lat' dir='ltr'>cum</span> <span class='ocrx_word' id='word_1_70' title='bbox 443 1316 554 1362; x_wconf 90' lang='lat' dir='ltr'>omnes</span> <span class='ocrx_word' id='word_1_71' title='bbox 564 1295 679 1362; x_wconf 86' lang='lat' dir='ltr'>fideles</span> <span class='ocrx_word' id='word_1_72' title='bbox 693 1315 711 1360; x_wconf 91' lang='lat' dir='ltr'>a</span> <span class='ocrx_word' id='word_1_73' title='bbox 726 1296 850 1363; x_wconf 90' lang='lat' dir='ltr'>teneris</span> <span class='ocrx_word' id='word_1_74' title='bbox 859 1295 1125 1372; x_wconf 85' lang='lat' dir='ltr'>informarentur,</span> <span class='ocrx_word' id='word_1_75' title='bbox 1142 1292 1358 1373; x_wconf 88' lang='lat' dir='ltr'>booremedio</span> <span class='ocrx_word' id='word_1_76' title='bbox 1445 1323 1446 1334; x_wconf 23' lang='grc' dir='ltr'><strong>κ</strong></span> 
     </span>
     <span class='ocr_line' id='line_1_10' title="bbox 156 1409 1359 1495; baseline -0.003 -21"><span class='ocrx_word' id='word_1_77' title='bbox 156 1463 158 1474; x_wconf 88' lang='grc'><em>,</em></span> <span class='ocrx_word' id='word_1_78' title='bbox 238 1433 303 1478; x_wconf 92' lang='lat' dir='ltr'>non</span> <span class='ocrx_word' id='word_1_79' title='bbox 318 1431 433 1495; x_wconf 89' lang='lat' dir='ltr'>parum</span> <span class='ocrx_word' id='word_1_80' title='bbox 445 1413 486 1478; x_wconf 90' lang='lat' dir='ltr'>ab</span> <span class='ocrx_word' id='word_1_81' title='bbox 499 1411 566 1478; x_wconf 94' lang='lat' dir='ltr'>odii</span> <span class='ocrx_word' id='word_1_82' title='bbox 578 1412 646 1488; x_wconf 87' lang='lat' dir='ltr'>luc,</span> <span class='ocrx_word' id='word_1_83' title='bbox 664 1411 698 1476; x_wconf 92' lang='lat' dir='ltr'>in</span> <span class='ocrx_word' id='word_1_84' title='bbox 710 1412 785 1494; x_wconf 92' lang='lat' dir='ltr'>ipsis</span> <span class='ocrx_word' id='word_1_85' title='bbox 799 1412 893 1478; x_wconf 86' lang='lat' dir='ltr'>etiam</span> <span class='ocrx_word' id='word_1_86' title='bbox 909 1410 1031 1488; x_wconf 89' lang='lat' dir='ltr'>litibus,</span> <span class='ocrx_word' id='word_1_87' title='bbox 1046 1409 1359 1493; x_wconf 80' lang='lat' dir='ltr'>praemuniebantur..</span> 
     </span>
     <span class='ocr_line' id='line_1_11' title="bbox 240 1513 1446 1613; baseline -0.004 -16"><span class='ocrx_word' id='word_1_88' title='bbox 240 1533 284 1598; x_wconf 91' lang='lat' dir='ltr'>Ut</span> <span class='ocrx_word' id='word_1_89' title='bbox 302 1529 397 1606; x_wconf 91' lang='lat' dir='ltr'>adeo,</span> <span class='ocrx_word' id='word_1_90' title='bbox 416 1530 477 1594; x_wconf 89' lang='lat' dir='ltr'>etsi</span> <span class='ocrx_word' id='word_1_91' title='bbox 493 1513 581 1613; x_wconf 74' lang='lat' dir='ltr'>apud</span> <span class='ocrx_word' id='word_1_92' title='bbox 596 1527 746 1594; x_wconf 87' lang='lat' dir='ltr'>infideles</span> <span class='ocrx_word' id='word_1_93' title='bbox 766 1547 927 1592; x_wconf 89' lang='lat' dir='ltr'>summum</span> <span class='ocrx_word' id='word_1_94' title='bbox 940 1534 1151 1594; x_wconf 89' lang='lat' dir='ltr'>enasceretur</span> <span class='ocrx_word' id='word_1_95' title='bbox 1170 1545 1211 1591; x_wconf 82' lang='lat' dir='ltr'>ex</span> <span class='ocrx_word' id='word_1_96' title='bbox 1228 1545 1360 1607; x_wconf 79' lang='lat' dir='ltr'>accusa·</span> <span class='ocrx_word' id='word_1_97' title='bbox 1445 1531 1446 1538; x_wconf 77' lang='grc'>’</span> 
     </span>
     <span class='ocr_line' id='line_1_12' title="bbox 238 1642 1446 1720; baseline -0.003 -9"><span class='ocrx_word' id='word_1_98' title='bbox 238 1647 322 1712; x_wconf 93' lang='lat' dir='ltr'>toria</span> <span class='ocrx_word' id='word_1_99' title='bbox 350 1646 453 1711; x_wconf 93' lang='lat' dir='ltr'>forma</span> <span class='ocrx_word' id='word_1_100' title='bbox 475 1644 624 1708; x_wconf 92' lang='lat' dir='ltr'>odiorum</span> <span class='ocrx_word' id='word_1_101' title='bbox 648 1643 895 1720; x_wconf 83' lang='lat' dir='ltr'>inconveniens,</span> <span class='ocrx_word' id='word_1_102' title='bbox 921 1643 1018 1708; x_wconf 83' lang='lat' dir='ltr'>noxio</span> <span class='ocrx_word' id='word_1_103' title='bbox 1037 1643 1091 1708; x_wconf 92' lang='lat' dir='ltr'>illo</span> <span class='ocrx_word' id='word_1_104' title='bbox 1110 1642 1230 1707; x_wconf 84' lang='lat' dir='ltr'>effectu</span> <span class='ocrx_word' id='word_1_105' title='bbox 1258 1642 1360 1710; x_wconf 87' lang='lat' dir='ltr'>eccle·</span> <span class='ocrx_word' id='word_1_106' title='bbox 1445 1673 1446 1714; x_wconf 69' lang='lat'>1</span> 
     </span>
     <span class='ocr_line' id='line_1_13' title="bbox 239 1757 1361 1846; baseline -0.004 -20"><span class='ocrx_word' id='word_1_107' title='bbox 239 1762 363 1828; x_wconf 89' lang='lat' dir='ltr'>siastica</span> <span class='ocrx_word' id='word_1_108' title='bbox 393 1759 515 1846; x_wconf 88' lang='lat' dir='ltr'>judicia</span> <span class='ocrx_word' id='word_1_109' title='bbox 539 1759 610 1824; x_wconf 87' lang='lat' dir='ltr'>fere</span> <span class='ocrx_word' id='word_1_110' title='bbox 636 1759 788 1824; x_wconf 90' lang='lat' dir='ltr'>immunia</span> <span class='ocrx_word' id='word_1_111' title='bbox 814 1758 940 1842; x_wconf 85' lang='lat' dir='ltr'>forent;</span> <span class='ocrx_word' id='word_1_112' title='bbox 971 1759 1016 1824; x_wconf 89' lang='lat' dir='ltr'>ita</span> <span class='ocrx_word' id='word_1_113' title='bbox 1044 1766 1091 1836; x_wconf 92' lang='lat' dir='ltr'>ut,</span> <span class='ocrx_word' id='word_1_114' title='bbox 1119 1757 1146 1822; x_wconf 90' lang='lat' dir='ltr'>si</span> <span class='ocrx_word' id='word_1_115' title='bbox 1169 1757 1254 1842; x_wconf 69' lang='lat' dir='ltr'>qnid</span> <span class='ocrx_word' id='word_1_116' title='bbox 1280 1759 1361 1826; x_wconf 83' lang='lat' dir='ltr'>iltius</span> 
     </span>
     <span class='ocr_line' id='line_1_14' title="bbox 239 1873 1446 1960; baseline -0.002 -17"><span class='ocrx_word' id='word_1_117' title='bbox 239 1878 315 1943; x_wconf 91' lang='lat' dir='ltr'>mali</span> <span class='ocrx_word' id='word_1_118' title='bbox 326 1895 556 1960; x_wconf 87' lang='lat' dir='ltr'>nonnunquam</span> <span class='ocrx_word' id='word_1_119' title='bbox 576 1882 758 1952; x_wconf 89' lang='lat' dir='ltr'>occureret,</span> <span class='ocrx_word' id='word_1_120' title='bbox 775 1880 809 1940; x_wconf 94' lang='lat' dir='ltr'>et</span> <span class='ocrx_word' id='word_1_121' title='bbox 828 1882 1015 1958; x_wconf 85' lang='lat' dir='ltr'>superesset</span> <span class='ocrx_word' id='word_1_122' title='bbox 1029 1875 1142 1958; x_wconf 90' lang='lat' dir='ltr'>inipso</span> <span class='ocrx_word' id='word_1_123' title='bbox 1155 1873 1236 1943; x_wconf 87' lang='lat' dir='ltr'>fidei</span> <span class='ocrx_word' id='word_1_124' title='bbox 1251 1875 1361 1942; x_wconf 82' lang='lat' dir='ltr'>catho-</span> <span class='ocrx_word' id='word_1_125' title='bbox 1445 1906 1446 1947; x_wconf 65' lang='lat'>2</span> 
     </span>
     <span class='ocr_line' id='line_1_15' title="bbox 238 1989 1446 2068; baseline -0.002 -9"><span class='ocrx_word' id='word_1_126' title='bbox 238 1995 308 2060; x_wconf 80' lang='lat' dir='ltr'>lice</span> <span class='ocrx_word' id='word_1_127' title='bbox 327 1995 456 2058; x_wconf 88' lang='lat' dir='ltr'>interna</span> <span class='ocrx_word' id='word_1_128' title='bbox 470 1994 503 2056; x_wconf 83' lang='lat' dir='ltr'>vi</span> <span class='ocrx_word' id='word_1_129' title='bbox 518 1989 713 2068; x_wconf 89' lang='lat' dir='ltr'>remedium,</span> <span class='ocrx_word' id='word_1_130' title='bbox 733 1999 767 2056; x_wconf 88' lang='lat' dir='ltr'>et</span> <span class='ocrx_word' id='word_1_131' title='bbox 781 1991 976 2056; x_wconf 87' lang='lat' dir='ltr'>utilitatibus</span> <span class='ocrx_word' id='word_1_132' title='bbox 988 2009 1031 2056; x_wconf 83' lang='lat' dir='ltr'>ex</span> <span class='ocrx_word' id='word_1_133' title='bbox 1044 1989 1131 2056; x_wconf 91' lang='lat' dir='ltr'>dicta</span> <span class='ocrx_word' id='word_1_134' title='bbox 1144 1991 1361 2058; x_wconf 79' lang='lat' dir='ltr'>accusationis</span> <span class='ocrx_word' id='word_1_135' title='bbox 1445 2023 1446 2056; x_wconf 57' lang='lat' dir='ltr'>a</span> 
     </span>
     <span class='ocr_line' id='line_1_16' title="bbox 240 2108 833 2190; baseline -0.012 -12"><span class='ocrx_word' id='word_1_136' title='bbox 240 2108 345 2179; x_wconf 82' lang='lat' dir='ltr'>torma</span> <span class='ocrx_word' id='word_1_137' title='bbox 362 2109 542 2176; x_wconf 90' lang='lat' dir='ltr'>orientibus</span> <span class='ocrx_word' id='word_1_138' title='bbox 554 2113 833 2190; x_wconf 86' lang='lat' dir='ltr'>compensaretur.</span> 
     </span>
    </p>

    <p class='ocr_par' dir='ltr' id='par_1_3' title="bbox 240 2220 1446 2530">
     <span class='ocr_line' id='line_1_17' title="bbox 284 2220 1446 2308; baseline -0.009 -16"><span class='ocrx_word' id='word_1_139' title='bbox 284 2227 370 2308; x_wconf 84' lang='lat' dir='ltr'>Ergo</span> <span class='ocrx_word' id='word_1_140' title='bbox 386 2225 592 2288; x_wconf 80' lang='lat' dir='ltr'>accusatorie</span> <span class='ocrx_word' id='word_1_141' title='bbox 617 2223 728 2288; x_wconf 77' lang='lat' dir='ltr'>formae</span> <span class='ocrx_word' id='word_1_142' title='bbox 742 2220 920 2306; x_wconf 89' lang='lat' dir='ltr'>disciplina,</span> <span class='ocrx_word' id='word_1_143' title='bbox 939 2229 1037 2306; x_wconf 87' lang='lat' dir='ltr'>prout</span> <span class='ocrx_word' id='word_1_144' title='bbox 1053 2221 1233 2308; x_wconf 89' lang='lat' dir='ltr'>antiquitus</span> <span class='ocrx_word' id='word_1_145' title='bbox 1253 2224 1291 2288; x_wconf 92' lang='lat' dir='ltr'>in</span> <span class='ocrx_word' id='word_1_146' title='bbox 1307 2225 1363 2290; x_wconf 86' lang='lat' dir='ltr'>Ec·</span> <span class='ocrx_word' id='word_1_147' title='bbox 1445 2259 1446 2282; x_wconf 58' lang='lat'>2</span> 
     </span>
     <span class='ocr_line' id='line_1_18' title="bbox 240 2337 1446 2423; baseline 0 -15"><span class='ocrx_word' id='word_1_148' title='bbox 240 2343 338 2411; x_wconf 89' lang='lat' dir='ltr'>clesia</span> <span class='ocrx_word' id='word_1_149' title='bbox 357 2340 509 2418; x_wconf 86' lang='lat' dir='ltr'>obtinuit,</span> <span class='ocrx_word' id='word_1_150' title='bbox 524 2359 588 2405; x_wconf 88' lang='lat' dir='ltr'>non</span> <span class='ocrx_word' id='word_1_151' title='bbox 597 2337 717 2423; x_wconf 86' lang='lat' dir='ltr'>injusta</span> <span class='ocrx_word' id='word_1_152' title='bbox 733 2345 767 2404; x_wconf 89' lang='lat' dir='ltr'>at</span> <span class='ocrx_word' id='word_1_153' title='bbox 783 2337 934 2418; x_wconf 89' lang='lat' dir='ltr'>barbara,</span> <span class='ocrx_word' id='word_1_154' title='bbox 949 2338 1008 2404; x_wconf 88' lang='lat' dir='ltr'>sed</span> <span class='ocrx_word' id='word_1_155' title='bbox 1019 2338 1104 2404; x_wconf 85' lang='lat' dir='ltr'>bona</span> <span class='ocrx_word' id='word_1_156' title='bbox 1114 2343 1149 2404; x_wconf 91' lang='lat' dir='ltr'>et</span> <span class='ocrx_word' id='word_1_157' title='bbox 1159 2339 1249 2406; x_wconf 89' lang='lat' dir='ltr'>utilis</span> <span class='ocrx_word' id='word_1_158' title='bbox 1260 2339 1363 2408; x_wconf 85' lang='lat' dir='ltr'>fuisse</span> <span class='ocrx_word' id='word_1_159' title='bbox 1445 2371 1446 2392; x_wconf 68' lang='lat'><em>÷</em></span> 
     </span>
     <span class='ocr_line' id='line_1_19' title="bbox 241 2456 1446 2530; baseline -0.006 -6"><span class='ocrx_word' id='word_1_160' title='bbox 241 2456 403 2524; x_wconf 88' lang='lat' dir='ltr'>censenda</span> <span class='ocrx_word' id='word_1_161' title='bbox 420 2465 480 2522; x_wconf 88' lang='lat' dir='ltr'>est.</span> <span class='ocrx_word' id='word_1_162' title='bbox 1445 2527 1446 2530; x_wconf 8' lang='grc' dir='ltr'><strong>Ἴ</strong></span> 
     </span>
    </p>

    <p class='ocr_par' dir='ltr' id='par_1_4' title="bbox 241 2569 1446 4516">
     <span class='ocr_line' id='line_1_20' title="bbox 286 2569 1446 2656; baseline 0.004 -18"><span class='ocrx_word' id='word_1_163' title='bbox 286 2577 320 2638; x_wconf 79' lang='lat'>2⁰</span> <span class='ocrx_word' id='word_1_164' title='bbox 339 2573 442 2638; x_wconf 92' lang='lat' dir='ltr'>Immo</span> <span class='ocrx_word' id='word_1_165' title='bbox 454 2578 487 2636; x_wconf 87' lang='lat' dir='ltr'>et</span> <span class='ocrx_word' id='word_1_166' title='bbox 506 2571 609 2655; x_wconf 81' lang='lat' dir='ltr'>magis</span> <span class='ocrx_word' id='word_1_167' title='bbox 624 2569 736 2636; x_wconf 88' lang='lat' dir='ltr'>decuit</span> <span class='ocrx_word' id='word_1_168' title='bbox 750 2571 864 2654; x_wconf 86' lang='lat' dir='ltr'>ipsam,</span> <span class='ocrx_word' id='word_1_169' title='bbox 881 2570 1107 2656; x_wconf 88' lang='lat' dir='ltr'>potiusquam</span> <span class='ocrx_word' id='word_1_170' title='bbox 1125 2570 1364 2656; x_wconf 88' lang='lat' dir='ltr'>inquisitoriam</span> <span class='ocrx_word' id='word_1_171' title='bbox 1445 2605 1446 2643; x_wconf 66' lang='lat'>3</span> 
     </span>
     <span class='ocr_line' id='line_1_21' title="bbox 241 2685 1446 2768; baseline -0.001 -12"><span class='ocrx_word' id='word_1_172' title='bbox 241 2689 399 2756; x_wconf 87' lang='lat' dir='ltr'>adbiberi.</span> <span class='ocrx_word' id='word_1_173' title='bbox 420 2690 465 2754; x_wconf 80' lang='lat' dir='ltr'>lla</span> <span class='ocrx_word' id='word_1_174' title='bbox 483 2690 570 2754; x_wconf 90' lang='lat' dir='ltr'>enim</span> <span class='ocrx_word' id='word_1_175' title='bbox 589 2688 705 2765; x_wconf 87' lang='lat' dir='ltr'>forma,</span> <span class='ocrx_word' id='word_1_176' title='bbox 731 2692 934 2752; x_wconf 88' lang='lat' dir='ltr'>nontantum</span> <span class='ocrx_word' id='word_1_177' title='bbox 959 2685 1234 2768; x_wconf 85' lang='lat' dir='ltr'>apudRomanos,</span> <span class='ocrx_word' id='word_1_178' title='bbox 1251 2689 1366 2756; x_wconf 89' lang='lat' dir='ltr'>sedet</span> <span class='ocrx_word' id='word_1_179' title='bbox 1445 2695 1446 2744; x_wconf 81' lang='lat' dir='ltr'>t</span> 
     </span>
     <span class='ocr_line' id='line_1_22' title="bbox 241 2802 1446 2890; baseline -0.005 -16"><span class='ocrx_word' id='word_1_180' title='bbox 241 2805 330 2890; x_wconf 89' lang='lat' dir='ltr'>apud</span> <span class='ocrx_word' id='word_1_181' title='bbox 348 2814 484 2871; x_wconf 87' lang='lat' dir='ltr'>caeteros</span> <span class='ocrx_word' id='word_1_182' title='bbox 497 2823 610 2870; x_wconf 90' lang='lat' dir='ltr'>amnes</span> <span class='ocrx_word' id='word_1_183' title='bbox 621 2803 823 2888; x_wconf 86' lang='lat' dir='ltr'>antiquitatis</span> <span class='ocrx_word' id='word_1_184' title='bbox 835 2802 973 2887; x_wconf 88' lang='lat' dir='ltr'>populos</span> <span class='ocrx_word' id='word_1_185' title='bbox 988 2802 1181 2868; x_wconf 87' lang='lat' dir='ltr'>invaluerat.</span> <span class='ocrx_word' id='word_1_186' title='bbox 1194 2803 1294 2884; x_wconf 82' lang='lat' dir='ltr'>Quod</span> <span class='ocrx_word' id='word_1_187' title='bbox 1308 2805 1365 2873; x_wconf 92' lang='lat' dir='ltr'>do·</span> <span class='ocrx_word' id='word_1_188' title='bbox 1445 2839 1446 2868; x_wconf 79' lang='grc'>;</span> 
     </span>
     <span class='ocr_line' id='line_1_23' title="bbox 241 2919 1367 3004; baseline 0.002 -16"><span class='ocrx_word' id='word_1_189' title='bbox 241 2925 400 2988; x_wconf 91' lang='lat' dir='ltr'>cumentis</span> <span class='ocrx_word' id='word_1_190' title='bbox 415 2922 595 3004; x_wconf 89' lang='lat' dir='ltr'>probarunt</span> <span class='ocrx_word' id='word_1_191' title='bbox 603 2928 754 2986; x_wconf 88' lang='lat' dir='ltr'>auctores</span> <span class='ocrx_word' id='word_1_192' title='bbox 763 2919 906 3002; x_wconf 88' lang='lat' dir='ltr'>plurimi,</span> <span class='ocrx_word' id='word_1_193' title='bbox 922 2920 1008 2986; x_wconf 86' lang='lat' dir='ltr'>inter</span> <span class='ocrx_word' id='word_1_194' title='bbox 1017 2937 1097 3004; x_wconf 89' lang='lat' dir='ltr'>quos</span> <span class='ocrx_word' id='word_1_195' title='bbox 1110 2938 1219 3002; x_wconf 93' lang='lat' dir='ltr'>nuper</span> <span class='ocrx_word' id='word_1_196' title='bbox 1228 2923 1367 2990; x_wconf 82' lang='lat' dir='ltr'>Faustin</span> 
     </span>
     <span class='ocr_line' id='line_1_24' title="bbox 241 3036 1366 3117; baseline -0.001 -13"><span class='ocrx_word' id='word_1_197' title='bbox 241 3039 344 3117; x_wconf 78' lang='lat' dir='ltr'>Helie,</span> <span class='ocrx_word' id='word_1_198' title='bbox 361 3039 394 3102; x_wconf 92' lang='lat' dir='ltr'>in</span> <span class='ocrx_word' id='word_1_199' title='bbox 408 3058 465 3103; x_wconf 89' lang='lat' dir='ltr'>suo</span> <span class='ocrx_word' id='word_1_200' title='bbox 476 3037 559 3104; x_wconf 93' lang='lat' dir='ltr'>libro</span> <span class='ocrx_word' id='word_1_201' title='bbox 575 3038 628 3102; x_wconf 89' lang='lat' dir='ltr'>cui</span> <span class='ocrx_word' id='word_1_202' title='bbox 643 3036 766 3112; x_wconf 76' lang='lat' dir='ltr'>titulus</span> <span class='ocrx_word' id='word_1_203' title='bbox 785 3037 890 3100; x_wconf 85' lang='lat' dir='ltr'>Trattc&#39;</span> <span class='ocrx_word' id='word_1_204' title='bbox 910 3038 946 3098; x_wconf 84' lang='lat' dir='ltr'>dc</span> <span class='ocrx_word' id='word_1_205' title='bbox 964 3038 1169 3106; x_wconf 79' lang='lat' dir='ltr'>l&#39;tastractiaa</span> <span class='ocrx_word' id='word_1_206' title='bbox 1182 3041 1366 3103; x_wconf 77' lang='lat' dir='ltr'>criminalia.</span> 
     </span>
     <span class='ocr_line' id='line_1_25' title="bbox 241 3151 1368 3236; baseline -0.001 -13"><span class='ocrx_word' id='word_1_207' title='bbox 241 3153 433 3236; x_wconf 80' lang='lat' dir='ltr'>Evangelica</span> <span class='ocrx_word' id='word_1_208' title='bbox 449 3172 528 3236; x_wconf 84' lang='lat' dir='ltr'>ergo</span> <span class='ocrx_word' id='word_1_209' title='bbox 541 3151 729 3236; x_wconf 81' lang='lat' dir='ltr'>pradicatio</span> <span class='ocrx_word' id='word_1_210' title='bbox 746 3159 879 3216; x_wconf 85' lang='lat' dir='ltr'>cunctas</span> <span class='ocrx_word' id='word_1_211' title='bbox 894 3159 1009 3234; x_wconf 78' lang='lat' dir='ltr'>gentes</span> <span class='ocrx_word' id='word_1_212' title='bbox 1027 3158 1201 3236; x_wconf 89' lang='lat' dir='ltr'>repererat</span> <span class='ocrx_word' id='word_1_213' title='bbox 1214 3153 1368 3222; x_wconf 87' lang='lat' dir='ltr'>eaforma</span> 
     </span>
     <span class='ocr_line' id='line_1_26' title="bbox 242 3266 1370 3352; baseline 0.003 -16"><span class='ocrx_word' id='word_1_214' title='bbox 242 3271 414 3336; x_wconf 85' lang='lat' dir='ltr'>imbibitas.</span> <span class='ocrx_word' id='word_1_215' title='bbox 441 3271 528 3350; x_wconf 86' lang='lat' dir='ltr'>Quas</span> <span class='ocrx_word' id='word_1_216' title='bbox 544 3267 683 3352; x_wconf 90' lang='lat' dir='ltr'>proinde</span> <span class='ocrx_word' id='word_1_217' title='bbox 712 3268 754 3333; x_wconf 87' lang='lat' dir='ltr'>ad</span> <span class='ocrx_word' id='word_1_218' title='bbox 780 3266 881 3332; x_wconf 89' lang='lat' dir='ltr'>fidem</span> <span class='ocrx_word' id='word_1_219' title='bbox 896 3275 1010 3350; x_wconf 91' lang='lat' dir='ltr'>postea</span> <span class='ocrx_word' id='word_1_220' title='bbox 1025 3285 1207 3350; x_wconf 79' lang='lat' dir='ltr'>conversas,</span> <span class='ocrx_word' id='word_1_221' title='bbox 1237 3273 1370 3338; x_wconf 86' lang='lat' dir='ltr'>nonnisi</span> 
     </span>
     <span class='ocr_line' id='line_1_27' title="bbox 244 3373 1365 3468; baseline 0.004 -17"><span class='ocrx_word' id='word_1_222' title='bbox 244 3386 372 3452; x_wconf 82' lang='lat' dir='ltr'>difficile</span> <span class='ocrx_word' id='word_1_223' title='bbox 385 3382 428 3450; x_wconf 88' lang='lat' dir='ltr'>ad</span> <span class='ocrx_word' id='word_1_224' title='bbox 438 3402 554 3450; x_wconf 89' lang='lat' dir='ltr'>novam</span> <span class='ocrx_word' id='word_1_225' title='bbox 565 3384 756 3468; x_wconf 87' lang='lat' dir='ltr'>inquisitorii</span> <span class='ocrx_word' id='word_1_226' title='bbox 764 3401 935 3466; x_wconf 87' lang='lat' dir='ltr'>processus</span> <span class='ocrx_word' id='word_1_227' title='bbox 945 3373 1182 3448; x_wconf 88' lang='lat' dir='ltr'>institutionem</span> <span class='ocrx_word' id='word_1_228' title='bbox 1193 3386 1365 3455; x_wconf 81' lang='lat' dir='ltr'>traxisset.</span> 
     </span>
     <span class='ocr_line' id='line_1_28' title="bbox 246 3499 1370 3586; baseline 0.004 -20"><span class='ocrx_word' id='word_1_229' title='bbox 246 3503 420 3568; x_wconf 88' lang='lat' dir='ltr'>Putassent</span> <span class='ocrx_word' id='word_1_230' title='bbox 436 3501 522 3567; x_wconf 83' lang='lat' dir='ltr'>enirn</span> <span class='ocrx_word' id='word_1_231' title='bbox 531 3501 624 3566; x_wconf 90' lang='lat' dir='ltr'>multi</span> <span class='ocrx_word' id='word_1_232' title='bbox 639 3500 822 3583; x_wconf 87' lang='lat' dir='ltr'>perfectam</span> <span class='ocrx_word' id='word_1_233' title='bbox 832 3499 940 3570; x_wconf 88' lang='lat' dir='ltr'>deseri</span> <span class='ocrx_word' id='word_1_234' title='bbox 953 3499 1274 3586; x_wconf 78' lang='lat' dir='ltr'>justitiareddendae</span> <span class='ocrx_word' id='word_1_235' title='bbox 1289 3524 1370 3572; x_wconf 87' lang='lat' dir='ltr'>nor-</span> 
     </span>
     <span class='ocr_line' id='line_1_29' title="bbox 244 3615 1367 3702; baseline 0.006 -20"><span class='ocrx_word' id='word_1_236' title='bbox 244 3637 354 3682; x_wconf 87' lang='lat' dir='ltr'>mam:</span> <span class='ocrx_word' id='word_1_237' title='bbox 382 3635 479 3702; x_wconf 92' lang='lat' dir='ltr'>aquo</span> <span class='ocrx_word' id='word_1_238' title='bbox 499 3615 687 3702; x_wconf 75' lang='lat' dir='ltr'>prejudicio</span> <span class='ocrx_word' id='word_1_239' title='bbox 707 3619 768 3682; x_wconf 93' lang='lat' dir='ltr'>etsi</span> <span class='ocrx_word' id='word_1_240' title='bbox 789 3615 936 3682; x_wconf 90' lang='lat' dir='ltr'>fidelium</span> <span class='ocrx_word' id='word_1_241' title='bbox 960 3636 1051 3685; x_wconf 88' lang='lat' dir='ltr'>mens</span> <span class='ocrx_word' id='word_1_242' title='bbox 1072 3617 1168 3682; x_wconf 84' lang='lat' dir='ltr'>eximi</span> <span class='ocrx_word' id='word_1_243' title='bbox 1189 3621 1367 3701; x_wconf 85' lang='lat' dir='ltr'>potuisset,</span> 
     </span>
     <span class='ocr_line' id='line_1_30' title="bbox 242 3731 1366 3816; baseline 0.002 -18"><span class='ocrx_word' id='word_1_244' title='bbox 242 3731 393 3798; x_wconf 89' lang='lat' dir='ltr'>infideles</span> <span class='ocrx_word' id='word_1_245' title='bbox 402 3740 512 3798; x_wconf 89' lang='lat' dir='ltr'>tamen</span> <span class='ocrx_word' id='word_1_246' title='bbox 526 3753 567 3797; x_wconf 84' lang='lat' dir='ltr'>ex</span> <span class='ocrx_word' id='word_1_247' title='bbox 579 3731 719 3798; x_wconf 89' lang='lat' dir='ltr'>adverso</span> <span class='ocrx_word' id='word_1_248' title='bbox 734 3732 830 3816; x_wconf 90' lang='lat' dir='ltr'>positi</span> <span class='ocrx_word' id='word_1_249' title='bbox 842 3733 1021 3798; x_wconf 79' lang='lat' dir='ltr'>novitatem</span> <span class='ocrx_word' id='word_1_250' title='bbox 1032 3733 1157 3798; x_wconf 86' lang='lat' dir='ltr'>crimini</span> <span class='ocrx_word' id='word_1_251' title='bbox 1171 3735 1366 3802; x_wconf 84' lang='lat' dir='ltr'>vertissent.</span> 
     </span>
     <span class='ocr_line' id='line_1_31' title="bbox 244 3847 1370 3932; baseline 0.005 -18"><span class='ocrx_word' id='word_1_252' title='bbox 244 3849 324 3914; x_wconf 85' lang='lat' dir='ltr'>Cum</span> <span class='ocrx_word' id='word_1_253' title='bbox 340 3867 418 3932; x_wconf 82' lang='lat' dir='ltr'>ergo</span> <span class='ocrx_word' id='word_1_254' title='bbox 433 3847 659 3914; x_wconf 80' lang='lat' dir='ltr'>exclusivailla</span> <span class='ocrx_word' id='word_1_255' title='bbox 670 3849 861 3917; x_wconf 88' lang='lat' dir='ltr'>accusatorii</span> <span class='ocrx_word' id='word_1_256' title='bbox 871 3868 1043 3932; x_wconf 84' lang='lat' dir='ltr'>processus</span> <span class='ocrx_word' id='word_1_257' title='bbox 1056 3849 1172 3928; x_wconf 84' lang='lat' dir='ltr'>forma,</span> <span class='ocrx_word' id='word_1_258' title='bbox 1184 3849 1219 3914; x_wconf 91' lang='lat' dir='ltr'>in</span> <span class='ocrx_word' id='word_1_259' title='bbox 1232 3869 1266 3915; x_wconf 90' lang='lat' dir='ltr'>se</span> <span class='ocrx_word' id='word_1_260' title='bbox 1278 3853 1370 3920; x_wconf 89' lang='lat' dir='ltr'>mala</span> 
     </span>
     <span class='ocr_line' id='line_1_32' title="bbox 243 3943 1368 4050; baseline 0.004 -20"><span class='ocrx_word' id='word_1_261' title='bbox 243 3985 307 4030; x_wconf 91' lang='lat' dir='ltr'>non</span> <span class='ocrx_word' id='word_1_262' title='bbox 322 3973 424 4042; x_wconf 87' lang='lat' dir='ltr'>esset,</span> <span class='ocrx_word' id='word_1_263' title='bbox 448 3943 500 4029; x_wconf 82' lang='lat' dir='ltr'>vel</span> <span class='ocrx_word' id='word_1_264' title='bbox 517 3965 631 4030; x_wconf 88' lang='lat' dir='ltr'>saltem</span> <span class='ocrx_word' id='word_1_265' title='bbox 657 3967 697 4032; x_wconf 92' lang='lat' dir='ltr'>ab</span> <span class='ocrx_word' id='word_1_266' title='bbox 721 3967 904 4037; x_wconf 84' lang='lat' dir='ltr'>intrinsecis</span> <span class='ocrx_word' id='word_1_267' title='bbox 930 3963 1115 4035; x_wconf 83' lang='lat' dir='ltr'>defectibus</span> <span class='ocrx_word' id='word_1_268' title='bbox 1137 3966 1233 4031; x_wconf 88' lang='lat' dir='ltr'>facile</span> <span class='ocrx_word' id='word_1_269' title='bbox 1251 3975 1368 4050; x_wconf 88' lang='lat' dir='ltr'>posset</span> 
     </span>
     <span class='ocr_line' id='line_1_33' title="bbox 242 4081 1366 4165; baseline 0.004 -19"><span class='ocrx_word' id='word_1_270' title='bbox 242 4083 275 4146; x_wconf 93' lang='lat' dir='ltr'>in</span> <span class='ocrx_word' id='word_1_271' title='bbox 296 4081 368 4147; x_wconf 91' lang='lat' dir='ltr'>foro</span> <span class='ocrx_word' id='word_1_272' title='bbox 384 4082 602 4145; x_wconf 88' lang='lat' dir='ltr'>eeclesiastico</span> <span class='ocrx_word' id='word_1_273' title='bbox 619 4082 803 4165; x_wconf 81' lang='lat' dir='ltr'>expurgari,</span> <span class='ocrx_word' id='word_1_274' title='bbox 822 4101 882 4165; x_wconf 92' lang='lat' dir='ltr'>pro</span> <span class='ocrx_word' id='word_1_275' title='bbox 901 4100 940 4146; x_wconf 90' lang='lat' dir='ltr'>eo</span> <span class='ocrx_word' id='word_1_276' title='bbox 959 4081 1097 4164; x_wconf 87' lang='lat' dir='ltr'>Spiritus</span> <span class='ocrx_word' id='word_1_277' title='bbox 1115 4083 1225 4149; x_wconf 88' lang='lat' dir='ltr'>Sancti</span> <span class='ocrx_word' id='word_1_278' title='bbox 1243 4081 1366 4163; x_wconf 87' lang='lat' dir='ltr'>ductu,</span> 
     </span>
     <span class='ocr_line' id='line_1_34' title="bbox 243 4197 1370 4286; baseline 0.004 -23"><span class='ocrx_word' id='word_1_279' title='bbox 243 4216 308 4286; x_wconf 85' lang='lat' dir='ltr'>quo</span> <span class='ocrx_word' id='word_1_280' title='bbox 322 4215 452 4280; x_wconf 87' lang='lat' dir='ltr'>semper</span> <span class='ocrx_word' id='word_1_281' title='bbox 470 4199 505 4262; x_wconf 92' lang='lat' dir='ltr'>in</span> <span class='ocrx_word' id='word_1_282' title='bbox 522 4216 580 4262; x_wconf 90' lang='lat' dir='ltr'>sua</span> <span class='ocrx_word' id='word_1_283' title='bbox 598 4198 742 4280; x_wconf 84' lang='lat' dir='ltr'>generali</span> <span class='ocrx_word' id='word_1_284' title='bbox 758 4197 927 4282; x_wconf 88' lang='lat' dir='ltr'>disciplina</span> <span class='ocrx_word' id='word_1_285' title='bbox 943 4197 1084 4264; x_wconf 87' lang='lat' dir='ltr'>Ecclesia</span> <span class='ocrx_word' id='word_1_286' title='bbox 1099 4197 1262 4282; x_wconf 80' lang='lat' dir='ltr'>dirigitur,</span> <span class='ocrx_word' id='word_1_287' title='bbox 1280 4219 1370 4284; x_wconf 89' lang='lat' dir='ltr'>prn-</span> 
     </span>
     <span class='ocr_line' id='line_1_35' title="bbox 243 4313 1368 4399; baseline -0.002 -20"><span class='ocrx_word' id='word_1_288' title='bbox 243 4313 360 4384; x_wconf 88' lang='lat' dir='ltr'>denter</span> <span class='ocrx_word' id='word_1_289' title='bbox 380 4313 494 4378; x_wconf 87' lang='lat' dir='ltr'>maluit</span> <span class='ocrx_word' id='word_1_290' title='bbox 516 4330 719 4381; x_wconf 85' lang='lat' dir='ltr'>communem</span> <span class='ocrx_word' id='word_1_291' title='bbox 739 4313 821 4379; x_wconf 90' lang='lat' dir='ltr'>hanc</span> <span class='ocrx_word' id='word_1_292' title='bbox 840 4316 983 4379; x_wconf 88' lang='lat' dir='ltr'>omnium</span> <span class='ocrx_word' id='word_1_293' title='bbox 1007 4313 1102 4399; x_wconf 88' lang='lat' dir='ltr'>hujus</span> <span class='ocrx_word' id='word_1_294' title='bbox 1122 4316 1279 4398; x_wconf 86' lang='lat' dir='ltr'>temporis</span> <span class='ocrx_word' id='word_1_295' title='bbox 1303 4336 1368 4399; x_wconf 92' lang='lat' dir='ltr'>po.-</span> 
     </span>
     <span class='ocr_line' id='line_1_36' title="bbox 241 4428 1367 4516; baseline 0.003 -21"><span class='ocrx_word' id='word_1_296' title='bbox 241 4430 395 4515; x_wconf 85' lang='lat' dir='ltr'>pulorum</span> <span class='ocrx_word' id='word_1_297' title='bbox 418 4428 652 4496; x_wconf 87' lang='lat' dir='ltr'>institutionem</span> <span class='ocrx_word' id='word_1_298' title='bbox 677 4431 828 4507; x_wconf 86' lang='lat' dir='ltr'>retineri,</span> <span class='ocrx_word' id='word_1_299' title='bbox 847 4431 1069 4516; x_wconf 88' lang='lat' dir='ltr'>potiusquam</span> <span class='ocrx_word' id='word_1_300' title='bbox 1086 4450 1224 4513; x_wconf 88' lang='lat' dir='ltr'>novam,</span> <span class='ocrx_word' id='word_1_301' title='bbox 1245 4435 1310 4496; x_wconf 91' lang='lat' dir='ltr'>etsi</span> <span class='ocrx_word' id='word_1_302' title='bbox 1330 4435 1367 4498; x_wconf 91' lang='lat' dir='ltr'>in</span> 
     </span>
    </p>
   </div>
   <div class='ocr_carea' id='block_1_3' title="bbox 0 0 1468 5122">
    <p class='ocr_par' dir='ltr' id='par_1_5' title="bbox 0 0 1468 5122">
     <span class='ocr_line' id='line_1_37' title="bbox 0 0 1468 5122; baseline 0 0"><span class='ocrx_word' id='word_1_303' title='bbox 0 0 1468 5122; x_wconf 95' lang='lat' dir='ltr'> </span> 
     </span>
    </p>
   </div>
  </div>
 </body>
</html>
