2838 5114
239 335 301 402 364
586 351 773 402 nnacrnrus
796 354 839 402 nn
860 353 1008 402 runicus.

238 478 303 546 erit
324 477 473 544 Ecclesia
496 477 727 562 integritatem,
749 479 835 546 circa
859 477 1043 561 generalem
1068 494 1159 542 suam
1183 475 1339 562 cujuslibet

239 594 396 677 temporis
410 593 620 677 disciplinam,
637 597 671 660 in
682 596 891 681 questionem
919 596 1040 659 vocari.
1067 592 1132 660 Sed
1157 613 1261 679 neque
1276 614 1340 662 reor
1406 599 1407 656 l

238 710 336 778 anan
361 710 477 787 verba,
507 715 606 795 prout
632 718 748 776 sonant
772 710 871 776 fuine
897 709 938 776 sb
963 709 1178 780 illustrissimo
1204 711 1340 776 Antislite

238 824 415 890 intellecta.
438 823 502 890 Sed
526 826 664 892 voluisse
685 845 760 892 eum
776 825 946 893 dumtaxat
960 828 1158 910 exprimere,
1174 826 1268 892 valde
1292 847 1340 910 op

137 967 138 970 ¹
238 948 435 1024 portunum,
452 960 512 1025 pro
523 946 614 1008 novis
625 951 813 1027 temporum
825 944 1091 1021 circumstantiis,
1108 943 1208 1010 fuisse
1224 943 1339 1010 Triden-

237 1058 341 1124 tinum
367 1056 558 1137 decretum,
576 1059 671 1128 facile
690 1061 888 1138 autumabit,
917 1061 1060 1146 quisquis
1089 1059 1255 1127 eruditum
1281 1060 1340 1146 ejus

237 1173 357 1240 librum
374 1173 501 1257 legerit,
520 1176 552 1240 in
572 1195 636 1261 quo
654 1182 765 1242 tantus
782 1176 935 1261 splendet
951 1175 1141 1244 orthodoxe
1155 1175 1234 1242 fidei
1248 1177 1337 1254 zelus,
1407 1229 1408 1242 ,

237 1297 391 1374 tantaque
411 1308 489 1373 erga
506 1289 625 1358 Sedena
643 1292 859 1376 Apostolicam
879 1293 1097 1360 observantia.

283 1407 325 1472 11.
347 1411 429 1485 (inid
445 1411 482 1472 de
495 1415 651 1473 sententiis
664 1429 703 1472 ee·
720 1414 884 1492 informate
899 1415 1078 1474 conscientie
1096 1415 1208 1474 sentire
1219 1416 1340 1474 teneone

236 1528 359 1604 potsque
376 1525 552 1603 ectbolians,
579 1529 695 1606 etquid
709 1531 880 1606 opinionum
905 1528 1039 1590 libertati
1060 1527 1200 1588 relictum
1227 1529 1290 1588 sit?
1304 1559 1340 1570 -

239 1636 507 1705 Goncludendum
525 1657 643 1724 nempe
667 1639 802 1706 ridetur
816 1643 848 1706 1⁰
872 1642 979 1706 teneri
994 1657 1158 1724 quemque
1174 1659 1234 1723 pro
1254 1639 1337 1714 bona,

234 1753 323 1840 justa
335 1761 370 1820 et
391 1755 535 1838 legitima
553 1755 674 1822 habere
693 1756 928 1824 sententiarum
949 1775 987 1822 en
1000 1755 1177 1822 informata
1190 1755 1340 1820 eonscien-
1408 1761 1409 1772 ¹

238 1872 284 1936 tia
303 1869 520 1954 disciplinam,
539 1890 580 1937 ex
591 1889 656 1956 quo
669 1872 756 1937 illam
779 1869 908 1937 induxit
930 1877 963 1936 et
986 1868 1130 1955 quandiu
1149 1867 1339 1936 retinendam

240 1985 435 2052 existimabit
450 1987 604 2053 Ecclesia.
620 1990 654 2051 2⁰
673 1990 756 2054 Item
769 1988 887 2054 bonam
904 1995 938 2054 et
958 1987 1139 2070 legitimam
1156 1985 1254 2050 fuisse
1276 2003 1340 2051 eon·

239 2099 372 2166 trariam
397 2100 618 2187 disciplinam,
641 2102 771 2187 quando
794 2104 882 2170 illam
906 2101 1048 2168 Ecclesia
1064 2101 1213 2184 amplexa
1237 2108 1294 2178 est,
1313 2107 1340 2164 et

238 2215 394 2302 quamdiu
406 2218 493 2284 illam
507 2217 710 2284 retinendam
723 2220 861 2304 putavit.

283 2332 326 2398 lt
340 2351 419 2400 vero
433 2333 482 2398 his
496 2335 528 2400 in
542 2342 616 2400 tuto
632 2335 762 2419 positis,
783 2336 853 2402 viro
874 2333 1032 2400 catholico
1048 2353 1115 2400 non
1129 2331 1336 2406 interdicitur,
1409 2371 1410 2408 ,

237 2448 445 2531 presentium
455 2456 639 2532 temporum
651 2468 709 2514 suo
717 2449 815 2516 modo
827 2448 1016 2533 ponderatis
1025 2449 1281 2524 circumstantiis,
1291 2465 1339 2530 op

236 2569 414 2648 portunum
433 2565 609 2643 aestimare,
628 2575 666 2632 nt
683 2565 771 2632 dicta
795 2567 1026 2650 Episcoporum
1041 2572 1188 2649 potestas
1212 2572 1338 2630 arctare·

236 2688 312 2756 tur,
334 2688 370 2747 et
393 2680 436 2746 ad
452 2682 620 2768 pristinam
636 2681 836 2766 disciplinam
864 2701 1030 2766 regressus
1054 2680 1163 2748 fieret.
1193 2681 1292 2766 Atque
1310 2677 1337 2742 id

235 2799 323 2862 circa
348 2797 424 2864 alias
446 2798 594 2864 Ecclesia
613 2799 721 2882 leges,
751 2800 843 2866 verbi
868 2800 987 2883 gratia,
1010 2799 1098 2864 cirea
1126 2797 1336 2864 abstinentiam

236 2911 400 2990 sabbathi,
419 2913 563 2998 quotidie
581 2935 599 2980 a
617 2915 777 2998 theologis
793 2915 1008 2998 expenditur,
1030 2921 1065 2980 et
1081 2913 1271 2980 indiversus
1284 2912 1336 2994 opi·
1410 2895 1411 2984 Ῠ

235 3026 348 3094 nicnes
362 3029 440 3094 itur.
457 3029 586 3096 Pariter
605 3031 899 3114 irreprehensibilis
914 3029 1096 3096 censendus
1114 3030 1252 3114 estqui,
1269 3045 1335 3112 prc-

236 3146 375 3210 sentium
390 3146 513 3228 pariter
524 3153 710 3230 temporum
728 3148 861 3213 attentis
873 3146 1133 3222 circumstantiis,
1154 3145 1333 3212 eontrarium

235 3259 463 3339 concluderet,
481 3263 737 3330 conservandam
755 3263 880 3328 seilicet
904 3243 1138 3346 Episcoporum
1157 3258 1334 3346 extra-judi-

236 3377 360 3446 cialiter
386 3380 605 3446 sententiandi
627 3387 832 3464 potestatem.
853 3378 1142 3463 Utraque-seilicet
1158 3379 1265 3462 opinio
1282 3376 1333 3442 dis·

235 3493 440 3575 putationum
460 3495 604 3560 libertati
621 3496 736 3562 relicta
753 3492 915 3562 censenda
939 3502 1008 3571 est,
1031 3492 1129 3560 modo
1150 3495 1283 3579 quisque
1299 3489 1332 3556 de

235 3614 394 3691 praetensa
406 3609 439 3674 in
460 3617 601 3694 utroque
620 3629 717 3678 sensu
740 3611 987 3695 opportunitate
1014 3611 1188 3676 Ecclesiam
1205 3608 1332 3695 jndicem

234 3743 305 3790 esse
319 3732 488 3808 agnoscat,
506 3734 541 3793 et
553 3725 642 3812 quod
660 3727 803 3792 Ecclesia
819 3727 1016 3813 judicaverit
1033 3735 1068 3793 et
1081 3729 1176 3811 praxi
1199 3747 1255 3794 sua
1272 3743 1333 3810 pro

235 3839 380 3916 haverit,
409 3857 469 3922 pro
486 3841 572 3908 bono
596 3849 631 3906 et
645 3842 789 3926 legitimo
812 3842 934 3910 habere
959 3850 1093 3926 paratus
1120 3843 1173 3908 sit.
1196 3841 1333 3908 Absolute

234 3954 322 4020 enim
336 3957 469 4022 evanue
484 3965 610 4040 posset,
628 3964 666 4022 ut
682 3943 802 4024 diomm
822 3964 1016 4042 potestatem
1033 3957 1202 4041 Episcopis
1219 3970 1332 4022 conces

234 4082 320 4147 sam,
336 4072 379 4137 oh
390 4072 507 4138 nimios
520 4073 658 4150 abusus,
679 4074 788 4140 aliisve
808 4072 980 4147 decausis,
997 4070 1098 4138 Sedes
1111 4071 1289 4155 apostolica
1299 4063 1332 4131 ad

235 4185 389 4269 pristinos
403 4187 521 4253 limites
544 4187 759 4254 revocandam
778 4188 980 4254 existimaret
998 4207 1005 4252 ε
1024 4203 1088 4271 quo
1114 4205 1193 4252 casu
1206 4186 1260 4271 qai
1274 4199 1331 4250 enm

235 4300 454 4370 adeoutileffl
477 4311 511 4368 et
539 4305 641 4370 veluti
660 4306 874 4370 neeessariam
903 4310 1069 4387 reputant,
1100 4323 1198 4370 suum
1225 4299 1331 4368 sensa

236 4417 311 4484 huic
334 4437 424 4484 novae
446 4418 640 4522 ordinationi
661 4420 872 4490 accomodare
895 4409 1102 4488 tenerentur.
1131 4419 1220 4488 Siout
1247 4416 1328 4482 eben
