2838 5114
492 335 571 382 ruas
594 334 752 382 secunus.
1113 321 1176 393 423

106 457 259 540 Qumsmo
275 459 319 521 4⁸.
346 494 390 504 —
407 463 534 540 (00010
558 479 636 524 unus
656 465 813 542 oonjinun
838 467 965 544 propriu
995 463 1180 527 authoritate

61 579 211 653 discessit,
229 576 303 654 quid
313 577 494 654 sociandum,
510 581 537 638 si
548 578 627 639 ulter
641 596 671 638 se
686 581 719 638 in
726 582 910 658 possessione
922 583 1042 640 restitui
1046 580 1181 659 judicio-

62 694 132 754 liter
145 693 256 774 petat?
269 690 452 773 —Triplex
466 689 713 774 distinguendus
732 710 835 756 casus.
849 692 911 758 Vel
937 692 1023 756 enim
1046 690 1114 756 sola
1135 693 1181 757 in·

60 813 284 870 tercesserunt
297 806 466 890 sponsalia,
485 805 537 872 vel
560 807 797 874 matrimonium
819 815 926 872 ratum
953 826 1016 872 non
1036 826 1180 872 consum-

60 928 198 999 matum,
213 921 268 985 vel
280 921 520 987 matrimonium
537 928 806 988 consummatum.

104 1039 132 1102 Ι.
155 1041 251 1102 Cossis
265 1058 320 1118 quo
340 1039 404 1100 solo
427 1041 578 1120 spmssnliu
591 1042 713 1118 fuerunt
729 1043 817 1102 inito.
836 1039 929 1103 -In
944 1039 1005 1103 boc
1020 1058 1097 1104 casu
1116 1059 1181 1105 non

60 1153 163 1219 debet
175 1151 279 1238 judex
293 1154 392 1218 sillam
406 1155 646 1219 restitutionem
662 1153 854 1220 decernere.
873 1155 997 1219 «Ratio
1016 1160 1084 1233 est,
1106 1154 1180 1239 qnia

62 1292 78 1330 n
96 1269 155 1335 ubi
175 1288 241 1332 non
255 1271 419 1352 praecessit
435 1271 602 1353 possessio,
621 1289 685 1334 non
706 1279 813 1354 potest
836 1269 957 1336 babere
983 1269 1088 1336 locum
1108 1289 1182 1354 spo-

61 1409 77 1446 «
90 1385 195 1462 liatio,
215 1403 285 1468 quae
312 1385 464 1468 supponit
488 1385 719 1469 possessionem
740 1387 790 1450 rei
816 1405 878 1472 qua
904 1387 975 1470 quis
997 1387 1177 1470 spoliatur:

60 1526 77 1561 «
92 1503 188 1586 atqui
201 1519 261 1584 per
273 1500 432 1584 sponsalia
442 1500 588 1567 nondum
604 1502 783 1588 acquiritur
797 1503 956 1585 possessio
973 1521 1108 1586 sponsae,
1122 1502 1181 1567 sed

59 1641 76 1677 n
93 1625 226 1682 tantum
238 1614 319 1700 jurIs
335 1615 377 1680 ad
393 1616 623 1700 complendum
637 1624 840 1682 contractum
854 1619 1081 1701 sponsalitium
1096 1639 1103 1700 3
1124 1637 1180 1680 ou-

58 1757 76 1793 «
92 1732 148 1818 jus
164 1739 339 1815 propterea
355 1731 617 1815 adimpletionem
641 1741 756 1815 petere
769 1733 824 1798 ille
846 1740 974 1816 potest;
997 1741 1030 1797 et
1051 1731 1179 1798 tenebi-

56 1877 74 1911 «
92 1856 152 1916 tur
163 1824 279 1933 sponsa
295 1868 370 1913 eum
386 1849 534 1931 implere,
550 1849 576 1914 si
589 1849 710 1914 nullam
720 1847 842 1933 justum
863 1850 1089 1933 exceptionem
1105 1845 1198 1913 alle?

55 1991 73 2026 «
92 1985 173 2050 gare
199 1965 297 2047 possit
313 1983 422 2046 :ergo
442 1986 458 2024 a
476 1963 790 2049 (Schmalzgrueber,
822 1966 855 2029 in
884 1965 936 2029 tit.
970 1968 1020 2042 13,
1056 1964 1132 2028 libri
1159 1966 1177 2027 2

55 2107 73 2142 «
93 2081 238 2160 decret,
253 2098 286 2142 n.
308 2075 375 2162 59.)

100 2198 146 2262 ΙΙ.
166 2200 262 2261 Cusus
272 2215 328 2276 quc
337 2201 490 2276 praecessit
507 2201 730 2259 matrimonium
746 2203 847 2259 rutum
860 2217 920 2262 non
932 2203 1175 2260 conmmmoium.

50 2315 157 2378 -In
182 2312 245 2376 hoc
267 2330 357 2389 casu,
383 2331 422 2376 an
447 2309 568 2376 debeat
591 2308 693 2396 judex
718 2309 898 2376 decernere
923 2322 961 2377 ut
984 2333 1077 2396 pars,
1107 2331 1177 2398 quae

50 2429 191 2514 propria
208 2427 405 2492 authoritate
425 2426 582 2504 discessit,
601 2426 716 2491 redeat
733 2425 775 2491 ad
795 2427 976 2513 conjugem,
996 2429 1126 2492 restitui
1143 2429 1177 2493 in

50 2543 258 2629 possessione
281 2549 457 2625 petentem,
478 2561 542 2605 non
561 2541 759 2606 concordant
778 2542 941 2608 doctores.
961 2541 1020 2606 Alii
1044 2561 1172 2626 nempe,

50 2679 129 2725 cum
151 2659 256 2742 glossa
272 2658 315 2742 (in
334 2664 432 2739 caput
447 2659 498 2719 En
518 2663 710 2733 transmisso,
732 2655 818 2721 tituli
839 2660 889 2733 13,
902 2656 977 2720 libri
996 2656 1176 2724 211600610-

50 2771 146 2858 lium)
164 2780 200 2838 et
216 2773 405 2837 Innocentio
419 2773 464 2836 IV
483 2771 526 2858 (in
542 2769 664 2836 dictum
680 2772 826 2850 titulum,
845 2794 877 2837 n.
898 2769 943 2856 4),
963 2779 1081 2856 negant
1096 2779 1175 2838 tuno

50 2888 299 2958 decernendam
324 2908 394 2953 esse
426 2889 683 2971 restitutionem
707 2909 747 2954 ex
774 2909 813 2955 eo
842 2909 960 2973 nempe
986 2889 1076 2975 quod
1100 2898 1174 2956 aute

49 3004 254 3072 matrimonii
280 3004 613 3079 consummationem,
642 3005 773 3087 utrique
812 3003 940 3088 conjugi
965 3005 1175 3089 permittatur

48 3139 206 3202 recessus
232 3127 266 3183 et
294 3120 458 3201 ingressus
479 3120 511 3181 in
535 3119 736 3201 religionem,
768 3126 866 3202 prout
890 3127 1017 3185 constat
1046 3141 1086 3185 ex
1122 3139 1175 3185 oa·

46 3241 118 3323 pite
137 3241 249 3302 Verum
266 3236 296 3311 2,
312 3241 346 3298 61
362 3253 403 3297 ex
420 3234 525 3316 capite
541 3237 590 3297 En
610 3237 728 3316 publico
751 3243 767 3299 7
794 3235 848 3321 (de
865 3239 1004 3298 Conuers.
1023 3227 1169 3320 sunjon).

46 3354 247 3420 Existimant
268 3352 366 3416 etiam
396 3350 441 3414 illi
464 3356 614 3415 auctores
636 3349 695 3414 sibi
720 3351 832 3416 favere
862 3351 968 3433 capita
995 3355 1045 3414 En
1076 3359 1173 3416 truns-
1230 3426 1233 3431 ,

46 3478 145 3534 missu
166 3473 198 3545 8,
216 3473 250 3531 et
268 3470 319 3530 En
342 3472 545 3548 conquestione
563 3469 603 3531 to
619 3465 715 3552 (tituli
734 3469 785 3544 13,
803 3465 880 3531 libri
897 3469 916 3530 2
931 3465 1168 3552 decretalium),

45 3604 183 3653 necnon
200 3591 296 3666 caput
312 3586 442 3648 Consum
456 3583 522 3670 (14,
544 3586 581 3645 de
600 3580 855 3666 Probotionibus).
993 3666 998 3673 ἱ

95 3699 307 3770 Communius
330 3706 439 3763 tamen
465 3700 626 3763 sustinent
654 3699 707 3764 alii
732 3697 896 3775 doctores,
929 3698 1169 3764 decernendam

44 3837 122 3884 esse
146 3817 181 3879 in
202 3812 263 3879 boc
282 3831 358 3876 casu
376 3813 624 3892 restitutionem,
646 3811 704 3878 sed
725 3817 822 3895 quoni
839 3815 1051 3878 intitutionem
1072 3813 1169 3880 dum-

43 3939 143 4002 taxat
168 3940 203 3996 et
225 3933 288 3994 olio
312 3934 448 4011 obsequio
473 3930 667 4014 conjugalia,
700 3950 764 3996 non
797 3940 906 3997 autem
931 3935 1029 4012 qinnd
1057 3941 1164 3996 torum.

43 4049 137 4115 Vide
157 4043 489 4130 Scbmalzgrueberid
501 4045 685 4112 firmantem
703 4045 745 4131 (in
758 4048 808 4113 tit.
828 4051 878 4125 13,
895 4047 971 4112 libri
988 4051 1006 4110 2
1023 4047 1165 4127 decret,

42 4191 80 4234 n.
101 4165 173 4251 60).

92 4285 156 4351 ΠΙ.
173 4287 267 4350 Cusus
280 4301 340 4364 quo
346 4288 499 4365 precessit
510 4287 734 4347 matrimonium
743 4292 988 4348 consummatum.
1003 4319 1047 4330 -
1059 4283 1096 4348 In
1107 4282 1167 4348 hoc

43 4422 140 4478 casu,
162 4401 222 4464 nisi
243 4397 401 4466 recedens
418 4397 537 4481 justam
556 4400 694 4482 allegare
715 4401 814 4484 possit
829 4399 1005 4466 recedendi
1024 4418 1163 4477 eausam,
