2878 5114
275 333 340 395 498
620 349 806 396 urimenus
830 349 874 395 nu
897 347 1044 396 runicus.

273 475 319 534 ite
346 477 381 535 ut
406 471 459 534 hoe
483 477 607 536 seientes
628 475 780 554 seminem
807 475 894 537 illem
922 479 986 556 ejus
1018 474 1210 537 emmotmm
1236 493 1294 537 esse
1323 495 1374 536 ere·

273 587 359 651 dont.

318 727 335 765 u
363 705 395 768 2.
424 709 491 770 Etr.
520 705 566 792 (et
590 705 634 770 sio
659 705 718 771 alia
744 705 997 771 denuntiationis
1023 705 1129 788 eapite
1148 704 1372 772 describantur.

270 820 399 898 Postea,
417 820 443 885 si
460 820 655 887 denuntians
676 825 885 888 monitionem
907 821 1128 905 evangelicum
1147 823 1309 905 promisit,
1326 821 1375 888 sd·

269 931 376 1018 detur)
396 956 403 1000 :
424 939 463 998 Et
486 957 552 999 eum
577 939 665 1000 ilium
688 943 892 1003 admonuerim
907 947 942 1002 ut
959 959 979 1002 e
999 941 1113 1036 talibus
1134 941 1304 1026 desisteret,
1324 959 1375 1002 non

265 1054 412 1115 abstinuit
437 1051 518 1138 (quse
542 1041 644 1117 verita
669 1057 926 1139 supprimuntur,
954 1057 982 1121 si
1007 1057 1172 1140 promisso
1197 1075 1261 1121 non
1285 1056 1374 1122 inerit

265 1167 453 1233 charitativa
473 1167 631 1252 monitio).
654 1174 726 1233 Heeo
748 1175 844 1250 initur
866 1172 1020 1249 denuntio,
1046 1190 1108 1234 non
1129 1171 1263 1252 moiiqno
1281 1178 1373 1234 contre

262 1289 360 1365 ipsum
385 1289 501 1360 animo,
525 1286 578 1347 sert
602 1287 675 1348 bono
698 1287 763 1348 zelo
786 1293 900 1366 nmine,
930 1293 965 1348 et
993 1293 1040 1364 tu,
1064 1292 1170 1367 quies
1188 1288 1288 1368 judee
1300 1292 1370 1369 m‘us,

260 1405 370 1462 enimre
390 1403 486 1480 ipsius
502 1402 595 1462 soluti
614 1403 788 1482 prouidens,
808 1408 837 1463 et
852 1404 1016 1464 remedium
1036 1403 1181 1464 adhibeas
1201 1401 1270 1463 huie
1289 1403 1369 1480 nmio,

258 1521 339 1580 omni
352 1518 471 1579 meliori
484 1519 570 1580 modo
591 1523 620 1579 et
644 1519 743 1598 [orme
764 1519 870 1599 quibus
892 1520 948 1582 tibi
964 1519 1033 1580 bene
1055 1522 1153 1580 visum
1176 1520 1282 1597 suerit,
1300 1525 1327 1580 et
1339 1537 1369 1579 ne

254 1635 312 1695 eiii
324 1635 423 1694 simile
436 1634 511 1713 quid
523 1640 704 1696 committere
718 1636 979 1714 audeant-Eoo
988 1637 1166 1696 Frenetsmrs
1178 1636 1205 1696 Z
1207 1636 1298 1712 eluto,
1313 1653 1368 1714 quo

252 1768 345 1830 supro
360 1755 462 1827 testor,
480 1757 512 1811 et
527 1768 618 1812 uranu
630 1755 755 1832 propriu
770 1751 930 1813 subscribo.
959 1786 1003 1798 -
1026 1753 1205 1814 Freneiseus
1220 1752 1365 1816 Zeleia.»

756 2013 771 2084 i
787 2010 829 2072 ΙΙ.

508 2197 618 2279 norman
626 2227 700 2277 urhun
710 2227 803 2290 quando
816 2228 958 2280 renuntians
968 2229 994 2280 n
1005 2230 1114 2280 cretton.

295 2465 427 2526 «Corum
440 2461 599 2522 reverendo
611 2463 651 2523 N.
662 2461 781 2522 Vieorio
794 2464 968 2542 uenerati...
983 2432 1134 2542 eornporet
1143 2462 1284 2525 domimus
1294 2463 1329 2524 N.
1338 2467 1362 2521 et
1426 2499 1427 2561 t

247 2582 340 2657 disin·
349 2597 469 2658 ornnem
484 2581 630 2658 injurium
644 2578 703 2639 sibi
717 2579 811 2656 fuisse
824 2577 945 2640 illatum
960 2596 980 2638 o
994 2579 1116 2639 elmuino
1129 2581 1171 2641 Ν.
1183 2577 1302 2656 elerico,
1317 2579 1361 2656 qui
1425 2609 1426 2671 t

247 2697 381 2757 libellum
395 2695 544 2775 fumosum
557 2701 662 2756 eontra
676 2697 773 2774 ipsum
787 2697 961 2774 composuit,
977 2699 1007 2756 et
1023 2693 1165 2774 vuluerit
1179 2691 1261 2779 (sive
1271 2709 1358 2756 eorum
1424 2721 1425 2783 t

246 2812 334 2872 iaicis
350 2811 397 2871 nei
424 2811 541 2871 clericis
556 2811 645 2871 verbe
663 2811 874 2871 contumeliose
897 2806 1035 2891 eontulit)
1053 2828 1063 2869 :
1078 2814 1263 2890 quopropter
1283 2811 1358 2870 ilium
1423 2833 1424 2896 r

234 2926 431 3007 judicialiter
439 2926 610 3003 denuntiet,
623 2927 664 2988 od
673 2927 837 3006 simplicem
846 2931 877 2988 et
881 2944 994 3006 purum
1004 2923 1107 3002 finem,
1118 2931 1154 2986 ut
1163 2931 1288 3004 eoootur
1292 2939 1358 3004 pre
1422 2939 1423 3005 r

244 3042 343 3103 dietus
355 3043 394 3104 N.
414 3045 570 3102 restituere
584 3042 709 3119 semum,
728 3045 868 3102 sinerem
886 3041 1031 3102 ablatem.
1046 3043 1087 3102 Et
1103 3041 1169 3102 ideo
1182 3042 1358 3120 protestetur
1421 3047 1422 3118 t

243 3157 323 3217 idem
334 3158 526 3233 denuntians,
543 3157 621 3235 quod
625 3175 684 3236 pro
698 3173 798 3217 emere
807 3159 865 3219 Dei
875 3159 1020 3236 injurium
1037 3162 1190 3235 oeeeptom
1202 3157 1352 3228 condonet,
1420 3157 1421 3228 t

243 3290 296 3333 nee
307 3272 373 3332 onii
384 3245 436 3332 out
449 3273 581 3333 intendit
591 3273 668 3351 qnod
671 3272 838 3352 predictus
847 3275 879 3336 N
881 3319 904 3350 .,
917 3277 969 3353 qui
977 3275 1152 3353 injuriavit,
1166 3273 1354 3352 etiquopomo
1419 3255 1420 3340 i

126 3409 133 3421 ’
244 3403 296 3448 nee
311 3374 429 3466 pudtiee
445 3403 496 3447 nee
505 3359 629 3466 private
651 3385 816 3465 officietur,
833 3388 885 3448 sert
899 3388 996 3448 sotum
1008 3388 1153 3449 domnum
1167 3388 1225 3450 suti
1243 3386 1353 3448 uuum
1418 3367 1419 3452 i

243 3501 604 3581 resureireeompeltetur.
624 3503 722 3564 Testes
732 3505 846 3564 oerortr
860 3499 916 3564 tior
923 3503 979 3566 rtet
991 3504 1031 3565 N.
1050 3490 1124 3566 et'N
1128 3549 1134 3566 .
1156 3504 1279 3578 Deterret
1303 3505 1351 3561 etr.

242 3650 287 3666 -
306 3619 419 3698 quN.
434 3619 577 3682 denuntio
591 3624 742 3701 utsupra.
762 3639 779 3680 »
948 3611 951 3616 ’

756 3866 845 3945 5111.
937 3887 942 3896 ·

467 4086 575 4136 Fornrute
584 4087 659 4136 libelii
666 4081 762 4151 'quondo
776 4085 923 4136 denuntient
937 4086 1011 4136 uomit
1023 4080 1136 4138 seribere.

284 4315 354 4379 «In
374 4321 492 4380 nomine
510 4317 644 4379 Domini.
673 4318 777 4380 Amen.
805 4343 850 4364 --
876 4319 974 4384 Die..'.
1005 4325 1174 4399 tmesis...,
1199 4318 1343 4401 promet

236 4437 321 4509 unni,
338 4451 438 4494 eorem
452 4433 611 4496 reverendo
625 4435 655 4497 N
658 4479 680 4511 .,
698 4437 938 4498 reverendissimi
950 4438 1092 4518 Episeopi
1115 4440 1145 4500 Ν
1147 4485 1155 4501 .
1168 4440 1281 4500 Vioerio
1300 4447 1343 4512 μ’
