2914 5122
212 307 254 370 78
561 319 750 374 macrinus
770 319 814 370 55
836 318 984 370 sumeris.

211 442 324 519 55555
340 441 462 530 debet3
484 450 521 510 rt
532 449 611 514 tunc
632 445 769 528 recipiat
784 451 901 526 testes.
920 462 1003 528 quos
1015 441 1071 518 iile
1087 440 1251 530 prodooet
1271 441 1340 526 qui

170 576 180 592 “
211 561 434 648 «inpetravit
444 562 692 646 inquisitionem.
709 563 799 634 Tunc
812 561 904 632 siilie
916 568 1053 646 negaret
1063 560 1228 631 infamiam
1241 577 1341 648 pnoe-

211 676 398 754 «cessisse,
422 682 595 760 cognoscet
621 657 727 760 primo
747 671 850 761 judex
875 684 987 744 utrum
1008 677 1049 747 sit
1074 677 1266 754 infamatus,
1298 683 1342 744 et

212 819 225 850 5
243 801 356 878 postea
377 790 538 878 procedet
562 811 662 876 super
681 793 719 861 iis
740 812 812 877 qua
834 792 1023 860 denuntiata
1045 799 1142 861 sunt:
1161 791 1239 860 alias
1262 810 1342 860 non

212 907 415 992 «procedat,
432 908 493 976 nisi
503 907 609 992 primu
625 915 752 974 constet
766 907 854 996 quod
872 909 914 976 sit
923 907 1107 974 infamatus.
1125 909 1166 978 ltt
1186 906 1214 974 si
1234 914 1343 975 actor

213 1048 229 1086 a
248 1025 366 1110 probet
379 1024 472 1091 illum
489 1045 557 1090 esse
575 1021 785 1102 infamatum,
801 1044 878 1091 reus
896 1031 1005 1111 potest
1022 1024 1162 1108 probare
1177 1021 1274 1110 quod
1293 1023 1343 1094 sit

213 1164 229 1202 5
249 1140 342 1210 bona
365 1139 474 1220 foma,
498 1159 574 1207 cum
596 1141 704 1224 potius
724 1141 767 1207 sit
784 1140 989 1226 privilegium
1007 1139 1099 1211 buna
1119 1139 1344 1226 famaquam

212 1257 395 1325 «15155515.
414 1257 447 1323 Si
462 1275 542 1322 vcro
556 1257 679 1326 crimea
703 1255 882 1343 probetur,
902 1257 1067 1345 puniatur.
1085 1255 1119 1326 Si
1132 1263 1243 1326 autem
1263 1272 1343 1328 nou

212 1395 228 1442 5
249 1370 411 1456 probavit,
426 1371 535 1454 puniri
551 1369 652 1438 debet
674 1372 730 1458 qut
750 1371 938 1456 impetravit
955 1371 1203 1458 inquisitionem.
1225 1371 1271 1442 Et
1289 1373 1343 1440 ita

212 1511 228 1551 5
243 1486 329 1560 idem
345 1495 395 1555 est
410 1495 566 1574 quantum
582 1486 625 1554 ad
641 1506 782 1572 ponam,
800 1486 930 1576 quaudo
938 1475 1130 1572 proceditur
1143 1485 1187 1557 ad
1196 1487 1345 1572 petitio

212 1627 228 1665 5
243 1623 320 1674 nent
335 1602 471 1687 alicujus
490 1605 718 1688 prosequentis
733 1604 984 1690 inquisitionem,
1003 1605 1087 1672 sicut
1104 1601 1235 1688 quando
1255 1622 1344 1690 pro·

212 1742 227 1782 5
242 1717 372 1792 ceditur
384 1738 444 1806 per
459 1717 596 1789 cilicium
610 1718 737 1808 judicis,
750 1718 792 1785 ad
803 1719 921 1787 famam
932 1721 985 1788 551
994 1720 1177 1788 clamorem.
1192 1719 1235 1787 lit
1252 1737 1343 1789 cum

211 1860 228 1902 «
245 1835 437 1924 proceditur
456 1835 500 1902 ad
510 1835 790 1907 denuntiationem
804 1835 940 1922 alicuius
953 1837 1180 1924 prosequentis
1193 1836 1344 1923 inquisi-

209 1956 372 2032 «tionem,
384 1972 449 2019 non
461 1952 561 2021 credo
573 1953 786 2024 necessariam
799 1972 870 2018 5555
883 1951 1152 2036 admonitionem
1170 1951 1344 2039 quianon

211 2092 230 2158 t
245 2069 352 2156 agitur
365 2071 405 2138 ud
415 2074 634 2154 penitentium,
655 2087 719 2154 quo
733 2088 809 2137 casu
822 2069 1005 2142 necessaria
1016 2075 1066 2138 est
1080 2067 1264 2144 admonitio
1288 2089 1345 2139 se·

211 2207 227 2246 a
246 2183 391 2254 cundum
404 2183 541 2253 turmam
557 2185 734 2270 Evangelii.
749 2183 813 2254 Sed
824 2185 859 2250 in
875 2183 1040 2268 predictis
1055 2182 1183 2253 duobus
1197 2184 1344 2252 55511555

210 2323 227 2360 «
247 2298 734 2388 (neocaesariensium),
750 2301 858 2384 agitur
872 2298 1067 2382 adpoenam,
1080 2297 1343 2384 supradictum

211 2438 227 2482 «
245 2423 304 2483 est.
321 2415 363 2486 nt
377 2415 473 2485 aliter
486 2415 648 2486 formatur
667 2416 784 2499 petitio
798 2414 1049 2484 denuntiationis
1067 2435 1141 2485 eum
1160 2417 1276 2499 agr'trm
1294 2417 1343 2489 ad

179 2573 182 2582 ·
211 2555 226 2595 5
240 2553 371 2618 punam
387 2539 421 2602 et
434 2531 530 2602 aliter
544 2551 619 2600 cum
635 2531 847 2618 denuntiatur
860 2535 902 2602 ni
917 2538 1142 2616 penitentum·
1157 2533 1234 2616 quia
1245 2539 1342 2604 tunc

210 2649 347 2743 ‹ivagitur
361 2646 404 2717 ad
426 2648 651 2730 poenitentiam
673 2646 904 2735 peragendam,
923 2667 989 2715 non
1011 2647 1206 2732 adponam
1222 2649 1342 2736 impo-

209 2787 225 2828 «
242 2763 382 2834 nendum
396 2763 489 2832 officii
510 2764 566 2834 vel
579 2761 740 2832 henelicii.
766 2786 782 2824 5
813 2765 950 2851 (Glossa,
965 2766 999 2832 in
1021 2785 1093 2854 cap.
1112 2769 1254 2848 Qualiter
1273 2769 1339 2849 24,

206 2880 257 2951 tit.
276 2883 305 2956 1,
326 2877 383 2947 lib.
403 2883 421 2946 5
434 2879 573 2958 decret,
588 2877 631 2949 ad
646 2879 748 2948 verba
762 2879 1063 2965 adinquirendum.)
1455 2875 1456 2888 ¹

251 2994 301 3066 Ibi
316 2994 466 3082 profecto
482 2994 555 3062 luce
572 2992 750 3063 meridiana
765 2995 883 3064 clarius
895 2995 1105 3080 distinguitur
1120 2996 1342 3070 denuntiatio

206 3111 248 3178 ud
265 3129 387 3206 poeuum
410 3128 428 3178 5
448 3107 691 3178 denuntiatione
715 3113 757 3178 od
781 3117 1004 3194 5551555ίὶ555·
1026 3118 1061 3178 et
1085 3131 1262 3196 processus
1293 3137 1341 3190 ex
1454 3171 1455 3212 3

208 3222 453 3298 denuntiatione
472 3223 515 3294 ad
530 3244 669 3309 poeuam,
687 3244 752 3296 555
768 3224 811 3294 ad
828 3231 911 3292 oium
926 3229 1176 3306 denuntiationis,
1193 3227 1258 3302 sed
1275 3251 1341 3301 ex·
1454 3253 1455 3298 t

206 3358 319 3424 presse
340 3342 382 3410 ad
403 3346 486 3410 ciem
506 3347 711 3424 inquisitionis
730 3339 899 3410 refertur:
924 3343 990 3408 imo
1014 3349 1096 3408 aiom
1117 3348 1341 3432 inquisitionis

206 3461 274 3526 tam
294 3454 414 3526 habere
429 3455 536 3523 locum
552 3453 685 3536 dicitur,
704 3475 779 3525 oum
797 3456 898 3546 judex
914 3457 1066 3544 procedit
1080 3459 1124 3529 ad
1137 3461 1340 3532 instantiam

213 3568 351 3655 alicujus
365 3569 585 3637 denuntiantis
604 3575 645 3637 ad
660 3591 790 3654 555555,
809 3591 906 3658 quam
923 3593 998 3646 eum
1012 3573 1160 3658 procedit
1175 3595 1218 3648 eu
1232 3558 1339 3650 mero
1453 3577 1454 3610 ³

207 3703 266 3758 555
280 3685 404 3765 officio,
422 3689 551 3758 nemine
575 3682 698 3758 scilicet
720 3697 893 3760 5555555555
918 3698 977 3760 aut
995 3689 1221 3763 denuntiante.
1238 3693 1339 3782 Ergo

207 3820 322 3874 revera
345 3800 432 3890 apud
459 3810 589 3871 veteres
608 3800 691 3886 juris
713 3806 795 3874 sacri
813 3804 1030 3896 interpretes,
1051 3813 1261 3888 inquisitionis
1279 3821 1339 3880 via

207 3916 377 3990 dicebatur
402 3925 437 3988 et
464 3918 708 4004 intelligebatur
728 3940 808 4006 uque
828 3928 859 3988 ct
886 3925 978 3986 55551
1001 3941 1173 4006 processus
1192 3924 1340 4014 inquisi-
1452 3971 1453 4020 q

207 4034 311 4098 torius
329 4053 370 4099 ex
381 4053 471 4099 mero
480 4032 600 4118 judicis
613 4033 727 4114 officio,
744 4045 779 4102 et
792 4055 966 4122 processus
978 4039 1199 4124 inquisitorius
1219 4041 1266 4110 ad
1284 4047 1339 4114 in-

207 4149 357 4213 stantiam
376 4147 511 4233 alicujus
530 4149 760 4230 denuntiantis,
784 4153 881 4221 modo
901 4153 1109 4223 denuntiaret
1126 4159 1168 4226 ai
1187 4177 1332 4246 555555,

207 4280 265 4327 seu
279 4262 444 4348 publicam
458 4262 570 4330 delicti
585 4264 760 4332 uindictam
775 4266 998 4336 obtinendam.

217 4379 221 4392 '
250 4379 371 4446 Atvero
390 4377 556 4446 subsecuti
570 4383 762 4449 tractatistae
779 4383 944 4455 notionem
959 4385 1043 4454 hanc
1060 4385 1103 4454 de
1126 4393 1178 4454 viu
1199 4396 1338 4476 inquisi-
