2838 5114
186 347 248 412 444
532 365 719 414 racusanus
740 367 786 413 oe
806 366 954 416 runicus.

188 513 204 551 a
222 493 329 577 agitur
346 491 388 558 de
406 491 511 558 causis
529 490 759 568 criminalibus,
781 509 819 555 ac
838 490 975 574 proinde
991 492 1034 558 ad
1048 498 1302 564 matrimoniales

186 627 282 674 «non
300 609 496 692 pertineant,
516 608 550 670 in
570 625 646 670 casu
665 607 782 691 quovis
809 609 971 672 contrario
994 606 1124 676 illorum
1144 615 1302 678 sanctioni

186 741 278 806 «pro
294 724 398 788 causis
413 721 699 787 matrimonialibus
714 719 929 787 Benedictina
947 725 1138 790 constiurtio
1153 725 1302 811 derogas

187 859 204 898 r
220 845 282 903 set.
294 839 361 902 Nec
370 835 431 902 snb
442 837 580 902 obtentu
591 841 783 900 notorietatis
805 836 930 902 frivolae
945 837 1092 904 maeatae
1107 841 1302 927 suntbujus-

186 952 306 1019 «modi
322 953 575 1038 appellationem
592 953 677 1037 qnia,
695 971 835 1018 cumres
856 953 899 1018 sit
916 953 958 1018 de
975 957 1078 1020 causis
1089 959 1296 1040 gravissimis,

186 1077 312 1136 «conte
327 1068 505 1135 admodum
528 1066 774 1152 procedendum
792 1077 859 1152 est;
876 1073 1054 1152 praesertim
1073 1091 1150 1137 cum
1164 1076 1302 1139 notorie·

185 1193 267 1252 atas
279 1187 333 1252 illa
347 1205 418 1271 quae
430 1184 658 1269 praetenditur,
677 1183 873 1269 quandoque
889 1204 960 1250 esse
976 1193 1084 1270 potest
1102 1194 1231 1254 tantum
1246 1209 1302 1274 ap·

55 1341 59 1355 ·
186 1317 337 1386 «parcns
355 1310 389 1366 et
401 1300 555 1366 illusoria.

227 1441 244 1478 «
259 1419 370 1502 Neque
382 1435 476 1482 secus
493 1415 585 1499 argui
599 1422 709 1498 potest
723 1435 765 1480 ex
780 1415 873 1498 praxi
892 1416 995 1482 844444
1010 1419 1274 1504 congregationis
1290 1445 1297 1488 :

184 1525 309 1609 «plura
325 1521 487 1609 siquidem
500 1524 533 1588 in
549 1525 698 1588 Thesauro
717 1525 932 1586 resolutionem
941 1523 1124 1590 afferuntur
1139 1527 1297 1609 exempla,

182 1664 200 1704 a
221 1641 339 1726 quibus
352 1639 594 1722 comprobatur,
610 1640 644 1704 in
659 1657 736 1704 casu
753 1639 852 1706 etiam
867 1639 1029 1706 evidentis
1046 1642 1217 1720 nullitatis,
1234 1643 1301 1707 for·

183 1769 342 1816 «mama
364 1747 575 1814 Benedictinn
605 1745 834 1810 constitutione
861 1749 1084 1831 prescriptam
1112 1757 1300 1816 constanter

185 1867 313 1935 «iubae
328 1872 502 1931 servatam.
521 1864 568 1928 lix
584 1863 623 1926 iis
647 1868 758 1927 autem
777 1861 843 1927 dno
861 1871 988 1928 tantum
1005 1865 1189 1932 referemus
1200 1889 1207 1932 :
1220 1868 1300 1932 ulte·

184 2001 288 2048 arum
307 1984 340 2046 in
360 1986 484 2046 Tratina
502 1985 700 2069 matrimonii,
727 1978 791 2044 diei
816 1982 856 2046 18
876 1978 947 2063 julii
972 1986 1006 2044 et
1034 1983 1074 2046 19
1100 1983 1298 2065 septembris

95 2179 99 2186 .
185 2097 527 2181 «17613alterumin
550 2098 729 2160 Tridentino
749 2097 903 2158 uirilitatis
925 2103 1130 2176 nmtrimonii‚
1156 2100 1198 2164 22
1219 2098 1299 2184 junii

184 2215 302 2282 «1822
318 2235 325 2278 ε
342 2214 375 2277 in
395 2231 535 2297 quornm
561 2211 676 2296 primo,
697 2211 776 2276 licet
798 2211 894 2276 Sacro
918 2212 1132 2296 Congregatio
1159 2215 1296 2280 instante

184 2329 356 2395 «muliere
387 2329 514 2393 nullum
540 2325 741 2392 declarasset
765 2327 1007 2392 matrimonium
1033 2348 1075 2392 cx
1098 2329 1297 2412 precedenti

186 2446 401 2530 «polygamia
427 2445 504 2521 viri,
532 2443 685 2526 precibus
708 2450 820 2506 tamen
843 2440 991 2526 ejusdem
1016 2445 1162 2510 mulieris
1179 2447 1296 2512 iterum

99 2613 104 2619 .
184 2562 376 2645 «proposita
391 2559 454 2626 fuit
466 2577 562 2624 cansa
569 2551 610 2624 bt
624 2556 814 2624 confirmata
823 2559 990 2624 resolutio.
1004 2561 1042 2624 In
1053 2561 1160 2626 altero
1174 2569 1291 2637 autem,

184 2677 360 2762 «quamvis
376 2677 620 2758 pronuntiatum
635 2673 750 2738 inisset
762 2693 780 2738 a
792 2674 880 2740 curia
890 2675 1066 2758 episcopali
1076 2693 1138 2759 pro
1150 2677 1294 2742 nullitate

183 2792 417 2870 «matrimonii,
431 2791 474 2858 ob
490 2790 664 2874 probatum
679 2791 767 2856 inter
779 2788 932 2874 conjuges
948 2799 1100 2876 quartum
1110 2795 1295 2876 consangui-

185 2935 195 2970 ι
213 2906 482 2992 nitatisgradnm
499 2906 701 2989 appellatum
719 2913 830 2970 tamen
843 2905 907 2970 init
921 2905 964 2971 ad
977 2906 1107 2972 Sacram
1116 2907 1294 2992 Congrege-

183 3027 345 3101 rtionem
369 3041 440 3107 qnae
465 3021 660 3088 sententiam
681 3021 780 3086 curie
801 3022 992 3106 episcopalis
1013 3022 1230 3092 confirmarit.
1255 3024 1294 3088 lli

181 3163 199 3202 a
217 3160 294 3208 vero
308 3146 403 3206 erant
417 3136 570 3221 proiecto
583 3155 676 3202 casus
692 3137 849 3202 nullitntis
868 3136 1042 3218 evidentis,
1063 3157 1129 3204 non
1148 3157 1240 3206 secus
1255 3157 1290 3202 ac

180 3281 197 3320 a
213 3258 260 3324 illi
268 3257 312 3323 de
322 3255 440 3342 quibus
450 3254 597 3320 meminit
606 3256 639 3318 in
650 3254 880 3337 snopostulato
888 3255 1075 3320 maurensis
1082 3257 1288 3340 Episcopus.»

224 3375 284 3440 ΙΙΙ.
300 3376 381 3454 (inid
397 3374 558 3436 tenendam
573 3373 724 3434 videntur.
740 3407 787 3418 -
797 3370 1002 3454 Respondeo‚
1018 3371 1117 3437 etiam
1129 3371 1290 3438 incnsibus

179 3489 341 3558 evidentis
363 3497 399 3555 et
426 3488 559 3552 notorie
591 3487 749 3552 nullitatis
774 3487 968 3554 servandam
989 3507 1059 3554 esse
1078 3488 1287 3554 Benedictioae

178 3605 415 3673 constitutionis
444 3603 593 3668 formam.
628 3604 756 3668 Etenim
788 3603 917 3688 quanm
942 3602 1061 3670 dubius
1089 3613 1142 3670 est
1162 3603 1287 3688 alicujus

179 3722 404 3790 ecclesiastica
420 3721 501 3804 legis
517 3739 641 3796 seusus,
657 3721 685 3785 si
701 3720 788 3785 clare
804 3718 934 3786 decidat
951 3721 1050 3786 Sacra
1068 3721 1286 3788 044441ἰί044-

177 3837 322 3923 gregatio
337 3853 476 3920 quonam
489 3853 586 3901 sensu
597 3835 651 3901 lex
669 3835 723 3900 illa
738 3835 950 3919 intelligenda
966 3837 1019 3913 sit,
1043 3835 1119 3902 huic
1141 3835 1283 3904 decisioni

178 3955 213 4020 in
234 3953 327 4037 praxi
349 3950 517 4028 standum,
546 3959 582 4016 et
610 3952 833 4018 controversia
855 3971 917 4035 pro
936 3951 1028 4016 finita
1054 3953 1205 4020 habenda
1228 3957 1281 4018 est.

178 4072 284 4136 Porro
312 4069 503 4152 ipsissimam
527 4071 738 4153 questionem
767 4068 810 4134 de
836 4088 900 4153 qna
932 4069 1054 4152 agimus
1079 4068 1283 4136 decidendam

178 4185 348 4271 proposuit
375 4185 564 4250 Sonorcnsis
593 4186 788 4270 Episcopus3
804 4185 979 4268 postulavit
1001 4203 1120 4269 nempe
1147 4187 1283 4250 deciman

173 4307 353 4386 predictam
370 4307 612 4366 constitutionem
626 4305 781 4366 Benedicti
797 4306 871 4366 XIV
884 4305 979 4364 locam
996 4321 1056 4365 non
1074 4303 1182 4366 babere
1197 4307 1228 4364 in
1239 4319 1281 4360 cc·

178 4421 259 4482 sitm
274 4425 319 4482 ita
333 4424 422 4482 cartis
432 4426 461 4481 et
477 4424 616 4496 notoriis,¹
637 4426 669 4480 nt
687 4423 873 4488 matrimonii
889 4421 1014 4484 anilitas
1030 4421 1118 4484 natta
1128 4424 1222 4502 possit
1233 4421 1279 4478 trr-
