2914 5122
524 351 604 404 raus
626 349 785 401 mouum-
863 362 871 374 ·
1148 331 1210 406 tot

134 476 235 545 auaris
246 475 486 560 premaenca
506 477 576 546 Noc
592 483 702 545 tamea
716 473 832 548 sufflata
845 483 885 544 ui
899 471 1001 560 tutes
1014 474 1212 550 waratus

131 609 171 654 cus
185 597 265 656 recte
286 589 484 674 expediendi
500 610 672 674 processus
688 590 863 662 criminalis
879 607 1026 659 comam
1038 590 1135 674 plera
1149 591 1212 664 cata

129 705 183 770 leat.
203 707 236 772 lo
271 725 377 775 cause
408 707 568 792 mquidem
597 707 1000 784 commemoraturum,
1030 715 1209 778 ooomraot

127 823 427 908 compluriumque
445 843 536 892 urum
554 843 693 909 queque
708 797 993 906 sagramentum
1009 820 1147 905 habeot3
1163 823 1211 891 ite

126 936 198 1019 quod,
220 939 280 1006 nisi
295 939 462 1022 legitimus
483 941 516 1006 iu
536 941 574 1006 iis
595 946 747 1012 servetur
763 937 890 1015 modas,
908 937 1006 1008 facile
1026 937 1212 1020 stthropeet

124 1053 250 1124 actuaris
271 1056 361 1120 vitiu.
390 1055 473 1123 Hinc
501 1055 536 1125 iu
563 1055 717 1138 proserii
738 1059 774 1120 el
796 1052 1010 1138 sequeuitus
1031 1052 1209 1126 subsecuu-

51 1213 52 1222 κ
122 1167 191 1236 noas
211 1177 282 1239 tota
308 1170 477 1239 lustranda
499 1173 592 1240 veuit
615 1189 787 1255 processus
811 1171 924 1249 sertas,
949 1187 1009 1239 seu
1025 1168 1075 1254 (ut
1094 1167 1211 1246 Quoi

120 1286 296 1371 pragmatici)
314 1286 488 1372 judiciaria
506 1292 577 1366 tem,
592 1297 629 1354 et
647 1287 690 1354 de
708 1287 842 1371 singulis
856 1305 928 1372 que
944 1286 978 1351 iu
993 1303 1032 1352 ea
1049 1283 1209 1353 ordienda

119 1409 143 1464 et
154 1402 375 1488 persequenda
391 1413 605 1481 enascuntur,
630 1401 823 1488 exponenda
837 1402 991 1473 canonico
1009 1397 1211 1484 procedendi

117 1509 187 1573 ulio.

549 1779 683 1846 clrur
702 1781 727 1844 l.

127 2049 252 2107 QUAMM
272 2049 478 2097 orrnartottu
493 2049 702 2096 ructioitttmts
716 2049 766 2096 sir
787 2045 977 2095 cairtlttatts
993 2045 1183 2095 PROCESSUS.

141 2315 227 2393 Com,
248 2322 286 2385 ut
301 2313 429 2384 dictum
447 2325 509 2394 est,
526 2316 697 2400 multiplex
718 2316 760 2384 sit
779 2315 990 2382 criminaliter
1005 2287 1206 2400 procedendi

107 2428 253 2498 ortliocria
266 2432 332 2509 riu,
349 2438 448 2516 prout
468 2432 529 2500 hoc
545 2434 599 2499 vel
615 2433 673 2500 illa
692 2429 899 2520 procedetur,
919 2432 981 2507 erit
1003 2430 1063 2500 hcc
1083 2430 1138 2499 rel
1151 2431 1208 2502 tlc

105 2554 170 2612 actu
181 2547 401 2632 incipiendum
420 2571 428 2615 :
443 2569 574 2634 nempe,
1203 2633 1206 2640 ¹

141 2664 165 2727 Ι.
180 2665 211 2730 Si
228 2664 429 2750 procedatur
444 2672 641 2733 accusationis
654 2672 716 2746 otc,
733 2673 809 2732 ante
827 2665 934 2733 omnia
955 2661 1058 2734 debet
1081 2681 1207 2737 acom-

104 2783 149 2844 tor
162 2779 306 2849 libellum
324 2783 536 2849 accusationis
546 2781 650 2868 judici
665 2782 832 2868 porrigere
852 2803 859 2845 :
880 2787 917 2858 et
930 2779 981 2849 hic
1001 2785 1052 2844 est
1069 2778 1207 2864 prituusR

103 2902 136 2960 ut
147 2897 188 2964 ita
203 2897 322 2976 dicam,
340 2917 454 2982 passus
464 2900 498 2964 in
511 2917 665 2984 processu
681 2899 837 2970 criminali
849 2897 1061 2976 accusatorio.
1080 2894 1207 2982 Porrigi

104 3019 204 3078 autem
221 3021 330 3097 potest
341 3014 445 3103 judici
457 3015 681 3084 accusatorius
698 3016 837 3094 libellus,
858 3022 1062 3085 uolitantum
1076 3009 1207 3096 quando

103 3125 188 3212 ispra
201 3130 357 3196 tribunali
368 3129 474 3209 sedet,
486 3151 603 3201 verum
617 3133 715 3198 etiam
728 3131 898 3218 prirctim3
917 3128 1207 3223 modolameoipsi

102 3241 305 3329 exhibeantur
317 3253 470 3332 torquem
481 3245 583 3334 judici
599 3256 635 3314 et
648 3247 693 3314 ad
707 3247 873 3332 publicam
888 3244 1002 3314 delicti
1014 3243 1206 3314 vindictam.

101 3359 210 3438 Nullilti
229 3361 316 3430 enim
339 3382 358 3428 a
373 3361 447 3448 jure
472 3363 634 3433 communi
653 3371 800 3441 caretur,
816 3370 936 3439 utnon
951 3362 1051 3448 possit
1065 3361 1127 3438 nisi
1143 3379 1205 3444 pro

100 3475 247 3544 ammiti
263 3477 392 3547 sedenti
407 3481 539 3564 porrigi.
1200 3533 1203 3541 .

135 3593 251 3676 Igitur,
275 3594 387 3664 audito
404 3605 591 3671 accmuore
614 3606 648 3665 et
665 3600 812 3684 iuspecto
834 3598 935 3684 ipsius
951 3597 1080 3681 libello,
1103 3593 1205 3683 delam

95 3705 265 3790 jooexduo
280 3711 467 3796 expendere
486 3733 494 3778 :
511 3715 627 3798 primo,
645 3722 756 3783 utrum
776 3722 945 3784 accusator
959 3714 1002 3782 sit
1016 3713 1201 3800 legitimam
1318 3765 1325 3779 ·

96 3827 242 3907 secundo,
266 3847 309 3895 or
325 3828 456 3899 libellus
479 3831 520 3898 sit
539 3833 574 3899 m
595 3831 700 3901 torma
725 3833 867 3921 legitima
892 3833 1105 3918 conscriptus.
1132 3833 1204 3916 Qua

97 3949 227 4030 utraque
244 3953 351 4015 stante
363 3947 582 4032 legitimitate,
599 3950 729 4017 omuino
747 3955 881 4021 teretur
893 3948 996 4034 judex
1015 3949 1206 4024 ecclesiasti·

97 4045 157 4139 cus,
175 4069 288 4150 utpote
306 4062 348 4130 cd
361 4062 566 4132 reddendam
577 4063 736 4151 justitiam
746 4066 877 4149 publice
889 4067 1095 4145 constitutus,
1111 4087 1204 4137 accu-

97 4178 241 4244 sationem
266 4181 427 4266 recipere,
457 4182 555 4248 etad
585 4183 741 4251 ulteriora
768 4183 964 4268 procedere.
985 4182 1025 4250 ld
1044 4183 1156 4250 facere
1176 4184 1203 4252 si

98 4302 227 4373 recuset,
254 4297 375 4383 poterit
394 4304 506 4366 contra
525 4299 641 4383 ipsum,
661 4307 777 4386 utpote
794 4300 1077 4386 prevaricatorem
1095 4303 1129 4363 et
1147 4295 1202 4364 de·

97 4417 210 4492 negate
224 4409 356 4496 justitiae
376 4433 491 4493 reuma,
504 4433 612 4487 coram
626 4415 725 4502 ipsius
739 4417 907 4501 superiore
926 4416 1011 4488 actio
1024 4415 1201 4500 menurig
