2836 5118
499 355 577 402 rans
600 351 758 402 secutum.
1113 329 1175 392 343

82 484 323 559 ficiecmcticttm
341 499 400 544 occ
420 483 541 544 bobeta
561 483 659 560 imma
679 481 837 542 ordinario
853 476 1018 538 recedendi.
1037 505 1083 522 -
1094 471 1178 538 :Pto-

81 595 165 662 batur
176 599 253 661 l⁰ex
263 604 372 661 mente
387 593 565 661 Tridentini
578 595 715 671 concilii,
729 611 826 679 quam
840 589 1043 674 patefaciunt
1059 587 1178 652 collate

80 711 201 776 invicem
222 710 378 777 nonnulla
398 711 498 794 ipsius
524 708 669 776 decreta.
692 711 772 775 llam
791 724 905 773 rerum
927 702 1059 790 quidem
1076 704 1177 770 est-in

80 829 194 911 capitol
215 828 363 893 sessionis
381 829 417 892 ll
439 847 458 893 a
473 825 667 893 Tridentinis
681 825 835 892 Patribus
855 822 998 889 conferri
1017 822 1176 906 Episcopo

78 941 248 1009 facultatem
265 943 400 1009 clericos
416 963 457 1008 ex
476 943 650 1008 informata
668 941 865 1007 conscientia
889 935 1122 1021 suspendendi,
1140 943 1176 1002 et

78 1061 221 1141 superiori
239 1060 344 1143 capite
361 1059 551 1125 facultatem
567 1059 648 1124 hanc
668 1057 710 1124 ad
732 1075 842 1122 casum
862 1059 974 1138 publici
996 1053 1094 1119 etiam
1114 1053 1176 1117 cri-

77 1176 155 1240 minis
169 1175 301 1252 entendi
311 1176 530 1258 probavimus.
544 1175 585 1240 lu
594 1175 688 1239 simul
701 1192 816 1239 verum
830 1178 881 1238 est
891 1171 1031 1237 voluisse
1043 1167 1176 1235 eosdem

76 1291 186 1368 Patres,
196 1298 351 1376 tanquam
357 1289 411 1374 jus
422 1289 622 1355 ordinarium
631 1299 666 1356 et
678 1305 848 1354 commune
862 1304 1055 1372 permanere
1070 1284 1176 1368 legem

75 1407 242 1472 innocentii
264 1407 321 1484 ΙΙΙ,
343 1405 541 1490 judiciorum
566 1405 862 1471 ecclesiasticorum
882 1403 1003 1470 fotmus
1029 1402 1176 1486 praescri-

75 1519 204 1588 bentem.
232 1522 345 1605 Capite
373 1523 458 1586 enim
492 1525 510 1585 5
535 1522 685 1587 sessionis
708 1522 761 1598 tt,
792 1519 873 1584 hano
901 1518 982 1584 dicti
1009 1516 1176 1583 Pontificio

74 1635 259 1703 decretalem
275 1638 430 1703 innovant
448 1645 482 1702 et
497 1637 539 1703 ab
551 1637 701 1702 omnibus
719 1636 887 1702 observari
899 1633 1056 1700 mendant
1074 1655 1081 1698 :
1097 1637 1177 1698 Coc·

73 1759 190 1833 stitutio,
208 1757 262 1818 sati
276 1757 447 1818 Icttccetttio
463 1757 517 1818 111
533 1760 566 1817 io
586 1757 709 1818 coemtio
727 1756 871 1835 peperoli,
890 1771 956 1834 pttte
968 1757 1075 1832 incipit
1089 1751 1176 1831 Que-

72 1869 137 1935 liter
156 1880 191 1936 et
207 1869 348 1956 quande,
372 1891 461 1953 quam
483 1880 587 1936 soccia
608 1875 792 1953 speciosis
818 1876 960 1952 praesenti
978 1875 1114 1946 iuncum,
1135 1871 1175 1932 ct

71 1991 192 2050 amitibus
208 1989 389 2051 observetur.
414 1987 518 2051 Porro
531 2005 550 2051 a
565 1985 655 2052 dicto
673 1987 779 2070 cupite
792 1987 931 2065 (itmliicr
946 1986 1107 2066 ecquando
1127 1983 1175 2068 lde

72 2100 177 2186 lucus.)
194 2102 364 2168 sententie
381 2122 422 2167 ex
437 2101 611 2168 informata
629 2101 824 2169 conscientia
840 2119 973 2184 prorsus
985 2096 1176 2164 occludun-

70 2225 126 2294 tur,
150 2225 183 2284 et
197 2218 310 2284 formae
329 2215 498 2285 ordinarie
512 2219 545 2283 iu
558 2217 687 2304 judiciis
700 2216 894 2284 adhibendae
903 2215 1170 2301 praescribuntur.

70 2334 138 2399 Cum
158 2353 236 2418 ergo
255 2335 322 2400 baec
345 2309 411 2400 duo
427 2334 616 2401 Trtdentina
632 2335 767 2401 decreta
787 2336 875 2400 inter
894 2351 928 2399 se
953 2339 1110 2417 pugnent,
1129 2331 1174 2398 ud

69 2448 263 2516 concordiam
288 2450 479 2518 reducenda
501 2459 587 2517 sunt.
615 2451 721 2518 Facile
740 2456 852 2516 autem
882 2448 1051 2515 coboerere
1078 2465 1173 2530 repe-

68 2566 236 2646 rienturfsi
252 2567 391 2648 dicatur,
405 2569 544 2634 voluisse
553 2568 762 2635 Tridentinus
771 2569 897 2644 Patres,
912 2573 949 2630 ut
961 2563 1013 2650 jus
1023 2563 1174 2630 decreta-

67 2680 100 2745 lis
111 2684 343 2749 Innocentianae
360 2691 513 2768 tanquam
530 2685 635 2764 reptatu
654 2685 802 2764 petieratis
821 2680 950 2746 firmum
967 2688 1170 2763 remaneret;

65 2797 110 2880 jus
132 2819 210 2867 uero
232 2799 274 2864 ab
292 2800 369 2883 ipsis
387 2799 556 2865 inductum
580 2799 827 2884 suspensionum
846 2817 886 2862 ex
906 2797 1079 2862 informata
1094 2815 1172 2863 con-

67 2917 196 2995 scientia,
214 2926 369 3002 tanquam
391 2923 534 2999 acceptio.
560 2917 600 2982 Et
623 2916 694 2994 boc,
718 2923 755 2980 ut
779 2921 870 2998 puto,
897 2931 1008 2979 omnes
1028 2912 1172 2980 libenter

67 3030 245 3099 concedent.
264 3035 336 3098 Jam
348 3051 429 3098 uero
443 3051 507 3118 quo
522 3051 619 3098 sensu
635 3039 835 3115 exceptionem
854 3034 930 3095 banc
947 3031 1085 3096 voluisse
1101 3031 1171 3097 Tri·

65 3146 179 3214 (lentini
199 3151 316 3216 Patres
342 3148 498 3216 censendi
524 3151 623 3215 sunt't
642 3149 750 3216 aneo
780 3167 878 3214 sensu
903 3146 992 3233 quod
1018 3148 1169 3233 exceptio

65 3263 150 3332 latius
161 3285 256 3353 quam
269 3267 338 3350 ipsa
349 3266 462 3351 regula
477 3271 617 3350 pateret,
637 3273 671 3330 et
680 3267 726 3330 sic
737 3265 790 3350 jus
805 3283 988 3343 commuue,
1004 3272 1168 3350 quatenus

66 3383 133 3464 tale,
153 3403 212 3468 per
234 3385 460 3467 exceptionem
482 3383 757 3450 subverteretur?
772 3381 812 3448 Id
830 3383 857 3446 si
871 3382 1099 3460 intendissent,
1118 3380 1165 3449 tli-

66 3507 141 3566 ctam
163 3501 343 3568 Innocentii
367 3497 565 3566 decretalem
589 3520 655 3566 non
681 3517 834 3582 expresse
858 3501 1081 3578 innovassent‚
1106 3521 1168 3568 nec

65 3617 248 3696 generaliter
272 3616 313 3682 ab
339 3615 488 3682 omnibus
514 3616 638 3680 servari
657 3614 874 3681 mandassent.
900 3617 985 3700 llrgo
1003 3617 1049 3680 ita
1072 3635 1167 3682 exce·

64 3733 194 3813 ptionem
209 3733 292 3800 hunc
302 3733 536 3799 intellexerunt
550 3741 584 3798 et
597 3731 810 3810 induxerunt,
825 3740 864 3798 ut
875 3751 1004 3816 semper
1017 3739 1167 3816 exceptic-

65 3852 138 3912 uctes
152 3858 368 3929 remanerent,
389 3849 496 3935 quoad
512 3849 641 3936 publica
663 3850 807 3928 crimina,
827 3851 994 3919 sententiae
1012 3871 1053 3917 ex
1067 3852 1168 3918 infcr-

64 4055 120 4107 tttm,
133 4061 153 4103 et
166 4044 258 4118 expedit
272 4053 330 4106 illud
342 4055 459 4115 coerceri,
472 4056 516 4104 lucc
534 4055 585 4117 ipsc
605 4053 670 4104 adest
684 4057 795 4104 motivum
809 4055 924 4106 sufficiens
938 4056 1074 4108 adhibendae
1088 4065 1167 4110 extre-

65 4145 168 4203 judicialis
180 4150 267 4200 tornum.
289 4148 354 4208 Quod
375 4162 429 4212 crgo
445 4149 468 4198 in
482 4150 589 4211 presenti
605 4150 754 4198 conclusione
772 4150 871 4199 dicimus
887 4151 916 4200 de
934 4153 1013 4202 metiti
1032 4153 1166 4204 sufficientis

66 4245 196 4307 necessitate,
207 4253 232 4293 ut
241 4245 318 4293 deseri
330 4245 404 4307 possit
415 4243 528 4292 ordinarii
538 4243 620 4306 judicii
630 4243 713 4305 forma,
724 4251 797 4292 totum
809 4246 925 4295 exclusive
934 4247 1034 4296 retertur
1045 4229 1165 4298 ed'casum

64 4331 148 4394 publici
161 4339 278 4403 criminis;
292 4337 320 4387 ad
336 4352 404 4402 quem
418 4339 487 4387 etiam
501 4347 580 4386 casum
597 4338 689 4386 extendi
704 4339 858 4400 episcopalem
876 4340 1095 4402 extra-judicialiter
1111 4355 1165 4391 sus-

66 4430 165 4485 pendendi
176 4440 322 4495 potestatem,
337 4432 452 4494 superiori
464 4431 538 4493 cupite
551 4438 659 4493 tanquam
672 4432 792 4494 probabile
805 4433 967 4482 sustinuimus.
