2948 5126
223 304 262 365 52
501 279 503 283 ¹
556 317 744 366 runcmrus
766 319 811 366 nn
835 319 985 378 tumens.
1084 281 1088 288 ⁸

218 453 274 508 tur
287 441 329 507 ad
356 439 632 507 denuntiationem
649 441 846 527 judicialem,
864 441 989 508 etiamsi
1008 459 1080 508 eam
1094 413 1208 506 'lacem
1233 440 1333 524 possit

218 561 339 646 absque
352 560 484 644 proprio
497 576 555 624 suo
569 568 776 638 nocumento,
795 560 943 645 sequitur
957 578 997 624 ex
1016 578 1056 624 eo
1070 557 1158 642 quod
1176 556 1334 622 delictum

216 679 275 739 soli
287 679 471 758 delinquenti
479 681 626 754 nocivum,
646 676 811 740 occultum
822 675 880 758 sit;
895 675 1036 759 alioquin
1049 674 1136 740 enim
1146 671 1351 738 scandulumv
1444 711 1448 718 .

217 792 428 876 produceret,
444 799 478 856 et
494 791 716 856 communitati
730 790 791 856 hoc
802 790 872 874 ipso
884 791 1038 857 nocivum
1053 789 1150 854 simul
1161 789 1267 856 foret:
1283 805 1336 852 oc-

215 910 339 974 cultum
358 915 467 976 autem
484 906 641 972 delictum
661 913 695 970 et
709 907 769 972 soli
788 906 991 992 delinquenti
1004 905 1157 972 nocivum
1172 903 1336 989 judiciali-

213 1034 266 1091 ter
281 1025 486 1101 denuntiare‚
506 1030 555 1088 est
568 1021 652 1088 illud
667 1021 833 1105 publicum
844 1023 998 1102 reddere,
1015 1022 1104 1109 quod
1116 1021 1190 1088 fieri
1205 1022 1334 1106 nequit,

213 1142 291 1224 quin
309 1141 433 1204 oriatur
459 1136 666 1214 scandalum,
687 1139 869 1221 praesertim
893 1138 921 1203 si
940 1137 1089 1202 occultus
1120 1115 1344 1220 delinquens.

212 1273 326 1338 magna
351 1251 546 1336 integritatis
567 1252 652 1317 fama
680 1253 883 1337 praefulgeat.
901 1254 1054 1318 Jamvero
1080 1252 1200 1317 malurn
1216 1270 1257 1315 ex
1275 1251 1337 1314 tali

211 1371 400 1456 publicitate
419 1390 478 1436 seu
490 1367 644 1436 scandalo
660 1371 694 1434 in
708 1370 973 1452 communitatem
990 1367 1190 1446 redundans,
1208 1386 1274 1434 non
1282 1386 1336 1448 so

130 1521 133 1528 ·
210 1489 256 1553 let
272 1485 475 1571 compensari
489 1506 531 1551 ex
541 1486 627 1553 bono
641 1485 792 1552 vindictae
810 1487 963 1570 publicae.
979 1487 1061 1552 Hinc
1076 1484 1202 1551 etiamsi
1220 1491 1335 1570 posset

210 1603 282 1689 quis
296 1602 329 1668 in
345 1602 407 1668 hoc
421 1623 498 1669 casu
513 1599 634 1688 absque
654 1603 787 1688 proprio
805 1611 1001 1669 nocumento
1018 1601 1174 1668 delictum
1197 1600 1335 1685 judicia·

208 1719 285 1786 liter
300 1718 504 1797 denuntiare,
518 1717 560 1783 ad
574 1716 608 1782 id
621 1725 729 1783 tamen
747 1739 812 1784 non
827 1724 1010 1795 teneretur,
1028 1737 1069 1782 ne
1079 1716 1152 1801 plus
1166 1714 1242 1780 mali
1251 1713 1333 1780 inde

208 1854 306 1920 quarn
324 1835 401 1902 boni
427 1839 614 1918 exurgeret.
641 1837 822 1901 Teneretur
840 1842 950 1899 tamen
978 1831 1021 1900 ad
1048 1823 1332 1898 denuntiationem

208 1951 439 2034 evangelicam,
457 1951 531 2034 quia
549 1949 618 2016 haec
629 1952 709 2015 citra
725 1952 952 2036 publicitatem
967 1950 1042 2017 fieri
1058 1957 1179 2034 potest.

252 2067 328 2130 Haec
341 2087 381 2132 ex
397 2065 471 2150 jure
490 2046 630 2131 naturali
646 2065 799 2152 concludi
814 2087 907 2151 posse
921 2069 988 2132 visa
1002 2073 1078 2132 sunt
1094 2065 1180 2130 circa
1192 2057 1347 2152 judicia'

206 2181 246 2249 lis
260 2183 512 2250 denuntiationis
536 2183 774 2266 obligationem.
794 2182 858 2249 Sed
888 2185 921 2247 in
936 2183 996 2247 hac
1013 2182 1160 2262 materia
1182 2182 1332 2268 positivae

206 2302 296 2384 leges
311 2299 461 2364 Ecclesiae
476 2299 580 2392 multo
594 2301 695 2383 magis
708 2299 915 2366 attendendae
932 2308 1017 2380 sunt,
1028 2285 1133 2384 ¹quum
1149 2285 1348 2364 conclusio-⁸

206 2436 265 2482 nes
274 2435 354 2500 quas
364 2415 500 2501 quisque
514 2413 734 2482 ratiocinando
748 2434 789 2479 ex
798 2414 871 2500 jure
879 2391 1017 2481 naturali
1027 2414 1193 2482 deducere
1204 2392 1329 2500 potest.

207 2534 287 2597 Nam
305 2539 417 2596 utrum
432 2538 520 2596 recte
537 2550 583 2596 ece
598 2505 821 2596 conclusiones
836 2530 1042 2596 deducantur
1067 2532 1101 2595 in
1117 2531 1333 2617 questionem

207 2647 316 2712 vocari
334 2653 441 2731 potest
459 2667 466 2712 :
484 2647 605 2712 sivero
624 2653 752 2712 constet
777 2645 819 2712 de
842 2634 1006 2730 precepto
1021 2646 1171 2712 Ecclesiae
1196 2646 1275 2711 talia
1295 2653 1333 2711 et

206 2762 285 2828 talia
301 2761 421 2828 delicta
434 2759 634 2846 judicialiter
646 2743 871 2840 denuntiandi,
887 2762 923 2828 id
939 2771 1067 2828 certum
1085 2761 1138 2846 jus
1157 2760 1248 2839 facit,
1265 2781 1332 2828 nec

206 2887 355 2977 remanet
365 2877 626 2962 tergiversationi
639 2879 741 2944 locus.
752 2879 834 2944 Hinc
848 2879 987 2946 maxime
1000 2878 1187 2964 repetenda
1198 2897 1240 2944 ex
1251 2875 1331 2962 jure

206 2983 345 3077 positivo
359 2992 557 3078 obligatorias
577 2991 849 3064 denuntiationes.

743 3246 785 3310 11.

363 3465 580 3540 Decocttctioccs
597 3464 758 3530 obligatarum
770 3467 873 3532 cajum
884 3469 997 3534 positivo
1012 3472 1155 3523 communi.
1243 3447 1246 3452 Δ

181 3747 192 3756 .
256 3699 286 3761 l.
305 3695 353 3760 Ex
370 3700 534 3783 praecepto
549 3693 767 3762 ecclesiastico
785 3694 984 3781 judicialiter
1000 3673 1184 3764 denuntiari
1199 3698 1328 3768 debent

206 3811 438 3898 impedimenta
462 3809 650 3876 celebrandi
674 3813 880 3880 matrimonii.
906 3815 1031 3896 Quibus
1060 3814 1265 3884 documentis
1288 3818 1326 3885 id

206 3930 376 4015 probetur,
390 3933 424 3992 et
435 3911 699 4012 quaenam'causae
710 3909 750 3992 ab
765 3927 926 4013 ejusmodi
937 3930 1132 4014 obligatione
1148 3909 1325 4022 aliquando

205 4039 371 4122 excusent,
390 4041 466 4108 vide
481 4041 663 4125 expositum
674 4043 708 4109 in
718 4043 913 4110 tractatibus
929 4043 971 4126 de
990 4047 1204 4115 matrimonio.

250 4165 289 4240 2.
301 4163 385 4226 Item
397 4158 454 4244 qui
467 4137 559 4222 novit
572 4156 798 4242 indignitatem
815 4160 1033 4242 promovendi
1050 4159 1093 4228 ad
1112 4179 1221 4228 sacros
1235 4163 1345 4252 ordi-¹

205 4301 273 4360 nes,
289 4285 422 4345 tenetur
431 4292 503 4340 earn
510 4263 671 4357 superiori
680 4253 896 4344 ecclesiastico
900 4275 1101 4365 judicialiter
1108 4276 1318 4372 denuntiare.
1343 4365 1347 4372 ι

205 4389 374 4482 Quomodo
403 4388 502 4455 etiam
527 4396 653 4486 constet
684 4389 726 4488 de
748 4390 810 4457 hoc
840 4399 1004 4488 precepto
1026 4393 1256 4488 ecclesiastico,
1285 4403 1345 4490 et⁵
