2914 5122
517 378 597 428 rans
619 375 779 428 secunus.
1132 362 1194 434 ibt

100 505 459 590 momenmentum
487 503 628 589 perimit,
651 510 686 568 et
708 503 799 570 citati
819 503 1121 588 tergiversationem
1148 503 1193 568 ita

100 653 111 676 ι
124 621 364 699 testudinatis
375 620 598 706 jusvoeatum,
612 621 638 686 si
647 619 806 704 praefinita
816 619 946 688 dienen
958 620 1192 704 comparuerit,

101 747 341 806 «contumacem
361 741 552 816 constituat,
576 737 700 804 etiamsi
719 737 809 804 nulla
834 736 895 806 elia
923 737 1034 804 citatio
1058 736 1193 822 simplex

97 855 327 939 «precesserit.
349 885 362 908 υ
381 853 692 941 (Schmulzgrueber,
714 854 749 918 in
762 853 814 920 tit.
829 857 862 930 3,
888 852 965 920 libri
980 855 1000 918 i
1018 851 1191 932 decretal,

92 973 139 1048 tl,
154 991 185 1035 n.
209 969 276 1054 to.)

123 1085 313 1154 'Adhibenda
330 1105 397 1154 non
414 1093 465 1154 est
480 1086 591 1152 citatio
606 1089 756 1167 edictalis,
775 1084 906 1171 qumodo
927 1092 1035 1170 potest
1054 1086 1193 1154 verbulis

90 1202 162 1271 fieri.
183 1206 225 1270 Et
247 1201 325 1272 ideo
346 1209 521 1289 antequam
543 1203 752 1280 deceantur,
772 1201 907 1286 expedit
928 1211 965 1268 ut
984 1202 1086 1287 juder
1107 1223 1193 1282 sum·

46 1368 51 1376 -
91 1322 210 1390 mariam
235 1321 498 1389 informationem
522 1322 689 1396 instituat,
714 1338 755 1384 ex
778 1337 841 1404 qua
865 1327 993 1387 constet
1015 1318 1057 1390 do
1082 1320 1197 1396 morali

90 1437 332 1520 impossibilitate
346 1437 491 1504 adeundi
503 1454 674 1520 personam
686 1437 787 1518 ipsam
799 1435 852 1501 vel
864 1433 999 1503 domum
1010 1436 1081 1502 liei.
1090 1436 1196 1534 tuido

91 1552 378 1638 iohmalzgruober,
398 1556 496 1620 citato
512 1551 609 1637 loeo.)

126 1672 273 1751 Qunsnto
296 1674 341 1738 3¹.
370 1707 416 1720 -
448 1673 530 1751 Quid
554 1676 726 1751 requiratur
750 1675 947 1734 incitatione
973 1679 1195 1754 peremptoria,

92 1790 175 1867 quoad
182 1808 339 1852 numerum
348 1792 523 1852 citationum
535 1793 565 1850 et
575 1789 674 1868 quood
686 1789 844 1848 terminum
853 1792 946 1850 eltuto
957 1790 1197 1868 usstpnandum?

93 1938 130 1952 ·-
148 1909 174 1968 l.
194 1903 312 1985 Quoad
331 1922 505 1968 numerum
528 1901 751 1968 faciendorum
776 1903 981 1982 citationum,
1000 1905 1047 1968 sic
1063 1902 1199 1988 disposl·
1227 1919 1231 1934 ·

93 2027 151 2087 tum
171 2021 337 2104 reperitur
356 2021 388 2084 in
409 2020 607 2086 Justiuiuneo
624 2017 724 2102 jare:
747 2045 759 2078 u
779 2017 829 2084 nd
849 2021 1105 2104 peremptorium
1128 2020 1197 2088 edi·

98 2146 200 2202 «etum
212 2137 396 2204 bocardine
413 2139 554 2215 venitur,
572 2144 608 2202 ut
623 2137 729 2219 primo
743 2137 815 2220 quis
832 2143 924 2220 petet
933 2145 1005 2222 post
1018 2139 1196 2212 absentiam
1211 2105 1215 2132 ¹

99 2253 289 2320 «advenerit
301 2253 448 2320 edictum
464 2254 602 2337 primum
619 2274 626 2316 :
641 2272 716 2318 mon
731 2253 870 2318 alterum
889 2275 896 2320 :
913 2272 973 2338 per
987 2254 1196 2325 intervallum

99 2388 181 2434 «non
199 2371 305 2436 minus
327 2369 444 2437 decem
467 2367 595 2434 dierum
614 2390 621 2435 :
641 2376 675 2434 et
689 2369 837 2435 tertium.
861 2368 986 2450 Quibus
1010 2371 1194 2456 propositis,

99 2493 191 2552 «tunc
201 2493 434 2570 peremptorium
449 2487 615 2569 impetret.
631 2483 728 2566 Quod
742 2484 817 2552 inde
832 2485 893 2552 hoe
909 2506 1025 2553 nomen
1042 2489 1197 2572 sumpsit,

99 2603 201 2686 «mad
222 2604 402 2688 perimeret
422 2603 711 2688 disceptationem,
740 2602 801 2670 boc
826 2611 894 2682 est,
914 2605 1000 2670 ultra
1021 2624 1086 2669 non
1106 2612 1197 2690 pute-

99 2728 206 2786 ·retur
220 2720 443 2788 adversarium
457 2719 677 2803 tergiversari.
693 2750 705 2772 »ι
727 2719 805 2805 (Lex
815 2723 869 2798 68,
885 2723 928 2787 69
940 2727 975 2786 et
990 2723 1043 2798 70,
1059 2722 1147 2788 tituli
1160 2725 1198 2791 da

93 2837 208 2900 indietis
230 2841 264 2915 t,
281 2835 358 2905 libri
373 2840 392 2902 5
409 2833 669 2921 pandectarum.)
693 2859 709 2896 a
732 2837 976 2922 Nonnumquam
1001 2845 1110 2904 autem
1136 2838 1198 2909 hoe

98 2951 256 3019 «edictum
279 2955 393 3041 (nempe
408 2950 654 3037 peremptorium)
671 2961 743 3037 post
766 2961 817 3020 tot
838 2973 975 3022 numero
995 2954 1103 3020 edictu
1126 2973 1197 3041 (prm

99 3070 340 3150 «precesserint
356 3068 455 3134 datur
473 3087 736 3154 :nonnumquam
754 3077 827 3153 past
843 3090 948 3137 unum.
964 3071 1016 3137 vel
1032 3073 1171 3140 alterum

99 3205 346 3271 «nonnunquam
363 3186 494 3268 statimp
510 3184 599 3271 quod
617 3185 801 3270 appellatur
822 3205 921 3252 unum
939 3207 1000 3272 pro
1016 3188 1164 3258 omnibns
1181 3220 1194 3248 ι

97 3291 194 3384 (citata
204 3303 277 3368 loeo
288 3300 534 3386 pandectarum,
549 3302 621 3384 lege
635 3299 702 3386 72).
717 3325 733 3364 a
749 3303 1006 3370 Consentaneum
1015 3303 1082 3388 juri
1092 3303 1195 3372 fuit...

101 3417 374 3488 «adversaretur
396 3420 498 3486 ternis
519 3419 652 3500 litteris,
670 3422 724 3488 vel
745 3439 810 3486 uno
827 3440 887 3506 pre
901 3421 1050 3488 omnibus
1073 3441 1201 3506 peram.-

102 3561 113 3586 ·
125 3538 225 3618 ptario
239 3536 359 3615 edicto,
382 3543 420 3602 ut
439 3536 644 3620 presentiam
667 3537 716 3602 sui
740 3537 865 3604 faceret
888 3539 1202 3618 commonefactus

101 3651 158 3718 «in
169 3651 281 3720 eadem
300 3653 502 3720 coutumacia
520 3654 792 3736 perseveraverit,
812 3654 980 3738 praesentis
995 3656 1203 3740 allegationes

103 3769 243 3836 ⁸audire.
260 3794 278 3832 a
296 3770 379 3856 (Lex
394 3773 426 3847 8,
442 3768 598 3848 atratino,
615 3768 692 3846 libri
709 3777 725 3834 7
745 3767 888 3853 codicis.)
905 3769 989 3836 Nihil
1005 3772 1203 3840 contrarium

99 3880 267 3954 decernunt
290 3887 374 3952 sacri
395 3904 549 3962 canones,
575 3884 635 3950 scd
659 3884 702 3950 de
729 3885 789 3950 hae
804 3906 841 3951 re
857 3886 971 3964 silent,
996 3887 1086 3952 uude
1107 3886 1204 3961 modo

99 4005 268 4084 expositum
280 4003 516 4069 iustinianeum
530 4001 582 4087 jus
593 4002 790 4070 censendum
803 4010 853 4069 est
867 4005 964 4070 etium
975 4005 1009 4070 in
1018 4006 1090 4074 fora
1100 4006 1205 4077 eccle.-

99 4117 213 4189 msueo
229 4122 352 4206 uigere.
367 4119 414 4186 Ex
431 4118 536 4184 citatis
550 4126 659 4184 autem
673 4118 828 4198 textibus,
845 4125 938 4204 patet
949 4120 1098 4188 adhiberi
1111 4141 1204 4206 posse

98 4233 207 4310 uiuam
220 4235 425 4313 emtionem,
443 4241 480 4300 et
492 4253 584 4318 posse
601 4236 699 4302 etium
714 4233 863 4302 adhiberi
876 4237 1020 4315 unicam,
1038 4236 1136 4322 arado
1149 4255 1205 4314 ex,-

100 4350 249 4430 rnmamr
261 4371 333 4421 eum
348 4369 420 4418 osse
435 4351 705 4434 peremptoriam,
722 4371 780 4419 seu
793 4373 884 4420 unam
895 4373 955 4435 pra
967 4355 1112 4420 marom.
