2838 5114
216 376 280 440 438
560 393 747 441 rnacrtrus
770 395 813 442 ns
835 395 982 444 runicus.

259 515 397 599 Quando
419 525 526 582 autem
554 519 607 583 vel
636 537 655 583 a
680 519 775 586 Sacra
802 521 1057 603 congregatione
1086 521 1245 598 concilii,
1276 519 1323 585 rel

217 652 235 698 a
263 633 519 718 congregatione
549 634 732 716 specialiter
756 633 924 717 deputata,
947 637 1000 701 vel
1021 655 1040 701 a
1060 637 1091 700 S.
1118 637 1237 702 Palatii
1269 635 1324 701 du-

217 743 336 814 ditorio
352 749 579 831 pronuntiatur
595 749 789 814 matrimonii
802 751 942 828 nullitaS,
962 751 1125 836 quomodo
1140 753 1262 817 instare
1281 751 1327 816 vel

217 866 382 950 appellare
397 865 515 931 debeat
524 865 716 930 matrimonii
724 865 885 943 defensor,
902 864 1327 934 deceruitBeuedictusllll
1418 916 1419 945 2

216 983 266 1048 his
281 981 390 1047 verbis
408 1003 414 1046 :
439 981 565 1045 «Unica
577 979 708 1066 quidem
727 983 884 1048 resolutio
900 1003 960 1066 pro
976 983 1126 1050 nullitate
1142 986 1329 1050 matrimonii

220 1119 236 1158 u
254 1105 412 1175 emanata,
426 1099 452 1161 si
463 1117 561 1162 causa
580 1097 880 1182 incongregatione
893 1099 1112 1165 cardinalium
1128 1101 1260 1165 concilii
1269 1101 1329 1166 Tri-

219 1237 236 1272 a
258 1212 382 1278 dentini
393 1214 623 1296 interpretum,
640 1215 692 1279 vel
708 1216 741 1278 in
758 1215 1013 1299 Congregatione
1030 1217 1225 1299 particulari
1239 1215 1329 1301 depu-

223 1357 236 1386 «
254 1335 323 1393 tata
347 1338 578 1412 cognoscatur,
604 1337 638 1395 et
663 1331 813 1395 similiter
832 1330 865 1394 in
890 1332 1000 1414 palatii
1025 1331 1133 1398 Nostri
1149 1331 1326 1408 Auditum,
1414 1327 1418 1361 ¹

220 1447 345 1510 «unica
374 1448 535 1512 sententia
551 1463 651 1530 super
668 1446 781 1512 eadem
807 1448 957 1513 nullitate
982 1449 1192 1530 pronuntiata
1206 1449 1327 1512 minime

219 1583 236 1623 c
253 1559 397 1636 sufficiat,
415 1559 458 1625 ad
468 1560 825 1628 tribuendamliberam
835 1561 1024 1647 conjugibus
1032 1563 1225 1628 facultatem
1236 1583 1327 1628 novas

220 1701 237 1738 a
258 1679 387 1761 nuptias
401 1677 623 1744 contrahendi.
647 1679 711 1744 Sed
726 1680 752 1744 si
770 1698 865 1744 causa
882 1679 914 1744 in
929 1681 1064 1764 praeftto
1078 1681 1327 1764 congregatione
1412 1742 1417 1773 2

221 1817 237 1854 a
255 1793 472 1860 Cardinalium
490 1793 672 1860 Tridentini
688 1795 816 1861 concilii
834 1784 1050 1878 interpretum
1063 1795 1254 1862 introducta
1267 1796 1330 1862 fue
1412 1780 1416 1799 '

221 1901 237 1969 a
253 1911 306 1989 rit,
331 1930 444 1976 rursus
469 1912 502 1974 in
519 1908 646 1989 eadem,
664 1911 707 1977 ad
730 1911 911 1978 defensoris
935 1911 1131 1978 matrimonii
1152 1913 1330 1978 instantiam
1415 1905 1416 1916 ’

221 2032 502 2109 «reproponatur.
528 2025 561 2090 st
588 2046 666 2093 vero
689 2027 934 2111 Congregatloni
957 2027 1147 2111 particulari
1171 2027 1332 2093 commissa
1414 2101 1415 2108 ,

221 2163 237 2203 u
255 2143 366 2218 fuerit,
389 2141 431 2207 ad
449 2143 638 2225 petitionem
655 2141 804 2228 ejusdem
821 2143 1013 2219 defensoris
1032 2143 1136 2207 altera
1155 2145 1256 2208 etiarn
1271 2163 1333 2227 par·

224 2258 401 2350 «titularis
416 2259 630 2342 congregatio
646 2257 870 2342 deputabitur.
897 2259 928 2323 Si
945 2278 1022 2324 vero
1043 2259 1077 2322 in
1095 2261 1211 2342 palatii
1232 2259 1332 2324 Nostri

225 2397 241 2435 a
254 2373 422 2439 Auditorio
430 2371 574 2459 judicata
583 2375 634 2450 sit,
650 2395 668 2439 a
681 2373 816 2457 praefato
831 2372 1004 2439 defensore
1014 2373 1234 2458 appellatione
1244 2375 1332 2440 inter·
1411 2416 1415 2460 ·,

226 2515 242 2550 a
262 2492 373 2573 posita,
393 2490 434 2556 ab
450 2489 519 2556 aliis
530 2489 732 2556 auditoribus
744 2489 836 2574 juxte
848 2489 996 2555 ordinem
1009 2490 1044 2554 in
1063 2509 1183 2574 gyrum
1201 2509 1262 2556 seu
1273 2497 1332 2554 tur·

225 2630 240 2666 u
260 2627 335 2670 uum
351 2603 537 2672 definiatur.
554 2607 585 2671 Si
598 2615 708 2672 autem
724 2625 818 2672 causa
831 2608 982 2672 universe
1000 2605 1158 2672 tribunali
1173 2605 1329 2674 commissa

224 2745 241 2781 e
259 2721 369 2800 luerit,
383 2720 423 2786 ab
434 2721 582 2788 omuibus
592 2721 795 2788 auditoribus
812 2741 943 2788 rursum
959 2722 1201 2787 examinabitur
1213 2745 1220 2788 :
1232 2723 1330 2788 nolen-

226 2865 240 2894 «
261 2820 309 2902 tes
321 2839 460 2915 omnino,
481 2845 518 2903 ut
531 2839 598 2904 ullo
613 2839 647 2903 in
661 2857 737 2903 casu
749 2837 944 2904 matrimonii
963 2837 1128 2902 vinculum
1145 2835 1329 2904 dissolutum

226 2974 242 3013 <r
261 2961 444 3033 censeatur,
464 2954 524 3018 nisi
543 2952 609 3018 duo
622 2951 765 3039 judicata
777 2955 830 3018 vel
848 2953 1071 3031 resolutiones
1098 2962 1156 3019 aut
1172 2953 1330 3018 sententie

228 3095 244 3131 u
266 3072 394 3153 penitus
417 3071 535 3135 similes
558 3078 592 3135 et
615 3069 796 3136 conformes
812 3070 841 3155 (a
862 3070 979 3154 quibus
1000 3089 1106 3154 neque
1126 3086 1330 3153 persaeque

227 3213 241 3244 a
260 3183 413 3250 defensor
423 3185 605 3250 matrimoni
618 3182 810 3284 ierediderit
824 3181 1063 3268 appellandum)
1075 3185 1327 3250 emanaverint.»

227 3303 263 3387 ts
283 3297 349 3383 14.)

270 3419 406 3500 Insuper
416 3415 515 3483 debet
530 3417 724 3484 matrimonii
737 3417 891 3484 defensor
899 3417 1121 3502 jurameutum
1132 3428 1285 3502 prestare
1295 3415 1329 3482 de

225 3533 367 3599 fideliter
381 3531 543 3617 explendo
558 3534 660 3598 officio
686 3553 754 3611 suo,
774 3554 839 3599 nen
860 3541 987 3598 tautum
1003 3533 1135 3618 quando
1153 3537 1259 3616 prime
1272 3535 1330 3597 vice

227 3652 445 3728 constituitur,
465 3649 524 3716 sed
541 3653 638 3715 etiam
650 3651 682 3716 in
701 3651 832 3733 siugulis
845 3651 947 3716 causis
965 3649 1130 3733 inquibus
1148 3647 1331 3715 matrimonii

226 3765 427 3832 validitatem
443 3765 597 3832 tuendam
613 3768 758 3851 suscipit3
776 3775 874 3850 prout
895 3783 1048 3850 expresse
1071 3765 1262 3832 decernitur
1275 3769 1288 3843 s
1302 3771 1328 3828 7.

270 3885 434 3950 Puucrurr
448 3885 488 3950 V.
506 3924 550 3932 -
564 3889 611 3948 Aa
632 3894 661 3947 et
681 3893 826 3966 quotenus
844 3887 886 3948 cd
899 3905 1053 3966 process-us
1077 3887 1211 3947 valorem
1231 3899 1331 3948 exesse

225 4010 266 4066 sit
281 4007 460 4065 intervenire
477 4005 660 4082 defensorem
675 4007 872 4064 matrimonii.
883 4037 928 4048 —-
940 4000 1041 4094 citari
1059 4007 1093 4065 et
1108 3999 1226 4066 adesse
1242 3998 1331 4065 omui·

225 4119 287 4184 bus
305 4119 430 4184 actibus
446 4115 654 4202 judicialibus
673 4116 797 4182 dictum
821 4117 1028 4183 defensorem
1048 4117 1133 4183 adeo
1149 4119 1329 4204 requiritur,

225 4239 263 4298 ut
283 4233 359 4298 alias
374 4228 474 4298 iidem
494 4239 585 4296 actus
601 4251 734 4314 prorsus
751 4232 830 4297 nulli
847 4233 910 4296 sint
923 4240 1020 4315 atque
1038 4231 1143 4316 irriti;
1170 4231 1204 4297 id
1230 4231 1332 4297 decer·

225 4356 324 4414 nente
347 4347 558 4416 Benedictina
581 4349 811 4416 constitutione
837 4347 870 4412 in
892 4347 977 4412 hunc
1001 4348 1155 4414 modum:
1188 4347 1330 4414 «Delen-

228 4489 244 4528 «
261 4466 340 4532 soris
356 4463 539 4550 hujusmodi
553 4481 701 4549 persona,
720 4450 871 4549 tauquam
889 4483 963 4547 pars
979 4467 1158 4531 necessaria
1175 4465 1215 4532 ad
1226 4463 1328 4550 judieii
