2848 5118
481 360 572 410 nm
591 361 750 410 memma.
838 367 849 387 ν
1121 347 1180 414 tal

83 488 162 554 eausa
177 485 239 563 itta,
249 486 662 563 muneremunere,
679 483 1027 586 suspectam-judicem
1041 483 1185 554 reddere

81 609 216 688 nequeat.
232 602 315 667 Hinc
329 602 362 666 in
377 600 518 666 tormula
534 601 703 667 sententia
721 601 762 668 ab
778 600 908 666 arbitris
924 600 1181 686 pronuntiante,

81 716 115 784 de
132 725 269 803 utraque
295 735 400 782 conse
422 717 626 802 legitimitate
635 727 649 794 ,'
669 716 751 803 juris
777 733 895 802 nempe
920 717 1075 795 etiocti,
1100 719 1185 786 satec

80 832 187 898 mantio
207 833 299 908 ieri,
326 839 362 897 et
386 829 429 897 de
452 839 591 916 utraque
616 847 773 914 expresse
796 830 943 898 decerni.
970 831 1006 898 4⁰
1028 829 1185 898 Adhiberi

79 945 167 1014 debat
177 948 217 1014 ab
229 947 371 1026 arbitrie,
388 945 430 1012 ad
443 955 517 1013 acta
529 947 718 1015 authentice
731 945 949 1024 conficiendo,
965 947 1112 1014 notarius
1125 967 1185 1016 aen

78 1065 290 1148 cancellarium
311 1063 372 1129 sed
386 1083 505 1130 vocare
518 1063 562 1130 cd
577 1064 612 1130 id
626 1063 720 1131 officii
736 1071 869 1148 possum
884 1065 1059 1148 ipsummet
1073 1071 1184 1132 actae·

76 1180 147 1244 nam
164 1181 356 1264 episcopalis
379 1181 490 1246 corte.
516 1183 549 1245 5⁰
570 1181 781 1248 Pronunliata
801 1180 976 1258 sententia,
995 1177 1119 1246 debent
1133 1198 1206 1253 er.

75 1295 142 1362 bitri
157 1304 228 1362 octe
248 1298 356 1362 omnia
371 1294 413 1362 ad
427 1295 573 1382 judicem
597 1305 784 1363 recusatum
801 1297 1042 1380 transmittere;
1066 1295 1185 1381 quibua

75 1414 216 1496 acceptis,
234 1413 263 1478 is
279 1419 381 1496 prout
395 1431 495 1498 supra
510 1412 635 1480 dictum
649 1414 724 1492 init,
742 1433 813 1480 sese
829 1417 934 1497 geret.

111 1530 256 1612 Qcmsmo
268 1531 313 1596 4¹.
329 1567 374 1580 —
386 1535 530 1612 Qucum
542 1536 604 1596 aiot
615 1534 773 1596 morandi
779 1535 897 1615 judicic
910 1533 1054 1613 leptttmcc
1064 1533 1183 1594 omaso?

73 1669 139 1704 -o
157 1646 224 1712 tloc
250 1651 343 1710 certo
360 1633 489 1712 detinui
507 1646 636 1731 nequit,
652 1645 711 1712 sed
728 1645 861 1712 arbitris
890 1646 1082 1730 plerumque
1094 1642 1137 1711 ad
1148 1642 1184 1710 id

77 1761 205 1830 relectis
220 1760 471 1828 examinandum
491 1762 727 1847 relinquitur...
750 1763 841 1828 lucta
861 1761 994 1828 interim
1007 1766 1041 1828 et
1053 1758 1185 1828 indubi-

77 1884 165 1956 «tata
186 1884 362 1962 reputatur
387 1876 519 1964 (causa)
544 1878 618 1955 illa,
642 1896 741 1963 quam
766 1896 871 1944 canon
893 1878 947 1944 vel
964 1879 1019 1944 lex
1042 1894 1103 1962 pro
1126 1875 1186 1946 tati

76 1993 224 2060 «tamnu.
244 1994 335 2060 Tales
357 2002 469 2060 eutem
492 1995 589 2060 varim
612 2001 827 2061 recensentur
843 2016 851 2060 :
868 2001 904 2062 et
917 2001 1051 2080 possamt
1067 1991 1185 2065 reduci

76 2108 139 2174 aad
154 2111 217 2175 tria
236 2110 368 2193 capite:

114 2249 128 2284 α
144 2230 173 2290 1⁰
184 2225 323 2308 Quando
335 2225 438 2310 judex
450 2233 624 2294 recusatus
637 2234 688 2292 est
702 2226 898 2294 recusataris
909 2226 1058 2292 inimicus
1072 2245 1080 2292 ε
1093 2225 1184 2310 quod

76 2361 89 2397 a
103 2343 245 2424 praesumi
255 2349 377 2425 potest3
387 2348 500 2425 prima,
513 2342 643 2407 ailitem
656 2361 713 2408 seu
725 2340 914 2426 judicialem
927 2341 1184 2408 contmvemiem

76 2482 89 2516 a
103 2457 212 2525 habeat
230 2477 307 2525 cum
330 2457 451 2545 judice.
459 2507 482 2524 ..
500 2462 633 2526 Secundo
648 2459 675 2524 si
687 2457 791 2543 judex
803 2458 851 2524 illi
863 2459 1005 2524 minutas
1018 2459 1062 2524 sit
1075 2458 1178 2544 quad,

76 2576 261 2642 «musione
289 2575 415 2652 ohtota,
444 2575 476 2640 et
497 2575 578 2640 velit
602 2583 836 2642 nocumentum
859 2574 994 2640 inferre.
1025 2576 1184 2654 Tertiasi

74 2691 218 2774 «signum
231 2690 472 2756 benevolentia
485 2691 547 2774 ipsi
560 2688 714 2774 deneget,
728 2688 818 2775 qaod
831 2689 902 2758 aliis
914 2687 1062 2774 ejusdem
1074 2686 1183 2754 condi·

75 2806 188 2873 «tana
201 2814 236 2873 et
251 2812 355 2872 status
369 2805 554 2870 hominibus
566 2805 721 2872 exhibere
736 2805 831 2872 solet.

111 2943 126 2980 a
142 2925 175 2986 2⁰
189 2919 331 3003 Quando
347 2919 450 3006 judex
472 2927 641 2986 recusatos
664 2919 764 2986 habet
786 2921 961 3004 specialem
978 2919 1182 2988 affectionem

75 3045 149 3102 «aut
171 3038 366 3104 mintionem
381 3035 661 3102 odadversorinm
685 3014 876 3104 recusantis.
903 3037 1072 3120 Colligitur
1094 3037 1177 3115 huc,

75 3174 86 3208 a
97 3161 199 3235 primo,
224 3155 253 3219 si
274 3152 378 3239 judex
399 3153 443 3218 sit
460 3153 595 3218 alterius
617 3154 720 3236 partis
741 3153 998 3236 consanguineus
1014 3153 1067 3220 vel
1081 3153 1182 3226 amma

76 3288 89 3324 a
103 3269 214 3355 (capite
231 3273 378 3334 Accealens
390 3271 422 3347 l,
438 3273 478 3334 Ut
494 3273 548 3333 lite
561 3289 622 3334 aea
632 3266 739 3352 conti.
752 3272 896 3346 Secunda,
911 3269 939 3334 si
953 3269 1103 3338 dominas
1116 3270 1182 3356 (ca-

76 3385 160 3468 apiae
168 3391 301 3452 Causam
314 3388 365 3462 17,
383 3388 420 3449 de
433 3385 538 3466 Officio
554 3382 679 3468 aclea).
699 3390 810 3466 Tertio,
826 3384 854 3450 ai
867 3385 974 3450 sacius
988 3385 1042 3452 vel
1058 3387 1181 3470 collega

76 3521 89 3554 a
103 3500 210 3587 [capite
220 3507 296 3568 Com
305 3506 341 3566 n.
354 3504 410 3579 35,
423 3499 573 3586 ejusdem
581 3498 694 3585 tituli).
706 3507 834 3582 Quarto,
843 3502 1054 3579 etfamiliaris,
1064 3521 1181 3586 magna

76 3619 226 3696 «saliret,
238 3637 305 3684 non
319 3618 446 3684 modica
461 3617 682 3684 fmniltarimte
699 3618 815 3703 (capite
830 3621 1009 3684 Iostnaarne
1023 3620 1078 3696 25,
1096 3616 1182 3703 ejus-

76 3730 170 3799 «rem
186 3732 266 3818 tta).
292 3738 422 3814 Quinto,
441 3734 639 3817 sipatmnus
658 3733 712 3800 vel
728 3733 830 3800 aliena
854 3733 943 3819 (lege
958 3737 1024 3798 aaa
1042 3735 1072 3811 5,
1090 3732 1125 3798 li.
1140 3737 1181 3798 de

77 3849 264 3934 altrejaca).

116 3988 130 4023 a
146 3969 177 4031 3·
191 3965 329 4048 Quando
344 3963 447 4051 judex
469 3970 639 4032 recusatus
657 3963 760 4034 habet
782 3964 955 4048 specialem
977 3964 1180 4042 affectionem

78 4099 175 4168 «erga
187 4105 314 4152 mamam
330 4104 403 4172 qnae
426 4086 621 4169 proponitur
640 4085 674 4150 in
689 4083 823 4170 judicio.
841 4084 951 4152 Talem
969 4083 1091 4152 habere
1105 4101 1182 4153 cen·

79 4221 95 4256 τε
105 4207 198 4280 setar,
210 4211 321 4286 primo,
339 4203 413 4270 siin
426 4201 545 4270 eodem
559 4202 693 4286 nogotio
708 4203 814 4286 egerit
828 4200 1024 4270 advocatum
1038 4202 1092 4268 vel
1106 4219 1183 4286 pro,-

79 4327 290 4386 «curatorem.
308 4324 443 4386 seruam
457 4319 483 4385 si
496 4326 532 4385 at
548 4319 694 4410 pn'vptus
710 4319 845 4386 similem
861 4337 989 4386 oausam
1013 4317 1131 4384 habeat
1148 4318 1184 4406 in

81 4453 95 4488 o
112 4431 165 4500 alio
177 4437 335 4502 tribunali.
355 4441 465 4516 Tertio,
481 4436 508 4500 si
519 4454 559 4501 ex
572 4453 666 4501 consa
682 4434 851 4520 injudicio
866 4435 1032 4521 proposita
1046 4435 1185 4520 speciale
