2838 5114
507 335 584 383 rans
607 335 764 384 saccant.
1131 319 1201 386 mn

82 459 132 522 tit.
154 459 208 535 13,
226 455 303 523 libri
323 460 349 522 2·
362 453 516 542 decret),
534 467 569 524 et
583 461 712 525 omnino
731 463 857 524 constat
871 467 915 525 ex'
931 457 1089 525 decretali
1102 463 1208 524 bitte·

82 595 133 636 ros
149 573 218 659 (13,
237 575 289 639 tit.
313 577 362 650 13,
380 575 486 641 librii
501 573 654 659 decret),
672 575 757 641 infra
768 573 1028 642 transcribenda.

124 689 155 751 2.
184 691 267 769 (inid
283 695 311 752 si
325 691 461 772 cllepans
484 695 726 772 impedimentum
741 699 866 772 nequent
891 697 996 754 statim
1005 693 1207 773 probationes

79 806 299 868 mitteret-
315 829 331 865 o
349 805 520 871 Restitutio
544 804 692 872 facienda
714 813 780 882 est,
797 808 894 872 etiam
917 805 1025 890 quoad
1052 814 1162 872 torum
1185 829 1193 890 3

81 943 96 980 «
112 919 189 1004 quia
208 919 269 986 hoo
287 937 362 984 casu
375 920 585 1002 praesumptio
604 925 668 984 stat
687 927 800 984 contra
823 918 1008 1003 conjugem,
1027 937 1099 1004 qaae
1126 919 1194 985 sine

80 1058 95 1094 u
107 1033 232 1118 judicio
260 1034 409 1100 Ecclesiae
429 1054 448 1099 a
471 1033 723 1100 virodiscessit.
746 1059 761 1096 »
782 1033 1094 1121 (Schmalzgrueber,
1119 1036 1194 1101 loco

76 1148 201 1234 citato.)
223 1151 357 1216 Constat
378 1151 501 1234 pariter
520 1169 560 1216 ex
585 1149 743 1216 decretali
772 1155 904 1214 Litteras
921 1151 986 1237 (13,
1004 1151 1056 1214 tit.
1083 1141 1135 1228 13,
1156 1151 1196 1216 li·

75 1265 122 1330 bri
140 1269 160 1332 2
179 1264 322 1350 decret.)
338 1267 372 1330 in
389 1285 453 1350 qua
469 1267 513 1331 sic
527 1266 673 1350 disponit
689 1267 896 1332 Innocentius
907 1267 955 1331 ΠΙ
970 1289 977 1331 :
995 1271 1081 1346 Quod
1094 1273 1121 1329 si
1136 1287 1196 1332 non

75 1381 179 1444 babent
198 1383 391 1463 probationes
411 1387 444 1444 in
466 1387 629 1446 continenti
650 1389 788 1463 puratos,
819 1385 871 1446 sed
895 1383 1056 1444 dilationes
1074 1377 1196 1463 expetat

77 1498 224 1577 icnpiores
241 1495 322 1581 (qnia
338 1501 535 1578 presumitur
553 1504 656 1560 contro
669 1515 744 1573 enm,
760 1515 825 1578 quen
839 1502 903 1559 sine
909 1499 1027 1578 judicio
1044 1500 1205 1575 Emlestoe,=

78 1631 131 1672 sne
148 1617 270 1674 tuntum
287 1617 464 1690 temeritate,
485 1618 604 1675 recessit
619 1633 638 1674 a
652 1608 729 1696 m'ro)
744 1616 785 1676 uel
798 1617 1016 1674 restitutionem
1026 1615 1196 1692 plmmrinm

76 1729 272 1790 ecclesiastica
286 1729 369 1790 debet
386 1747 510 1792 censura
525 1731 671 1810 compelli.

117 1845 149 1906 3.
167 1845 252 1922 (inid
277 1863 346 1905 cero
374 1849 412 1924 si,
433 1847 551 1908 decretu
568 1863 588 1904 o
596 1846 700 1926 jndice
720 1844 869 1923 predicto
892 1847 1080 1904 restitutione
1102 1848 1195 1904 etmm

78 1961 172 2038 procul
188 1966 300 2037 tornm,
312 1979 388 2040 pars
398 1979 463 2041 qum
475 1963 612 2022 discessit
625 1967 707 2022 certo
722 1965 763 2022 sit
778 1963 816 2022 de
831 1963 1018 2022 matrimonii
1032 1959 1196 2022 nullitate?

78 2108 118 2118 -
135 2073 248 2138 Debet
259 2091 375 2154 parere
387 2075 589 2140 conscientie
605 2081 639 2139 et
655 2092 719 2138 non
731 2072 851 2159 judici;
870 2071 955 2138 idest
978 2071 1080 2138 debet
1094 2071 1196 2138 dene·

79 2205 151 2270 gare
163 2188 329 2268 debitum,
350 2197 385 2254 et
400 2210 418 2254 a
435 2190 564 2255 fortiori
575 2191 615 2255 ab
631 2207 671 2254 eo
687 2188 831 2273 petendo
850 2165 1039 2254 abstinere-z
1062 2187 1149 2274 qnod
1168 2189 1195 2253 si

80 2306 135 2370 sub
150 2325 291 2371 censura
308 2305 443 2372 decreta
464 2307 527 2372 fuit
548 2307 710 2373 restitutio
730 2307 884 2389 plenaria,
903 2304 1004 2371 debet
1022 2305 1104 2370 banc
1123 2323 1195 2370 cen·

79 2407 181 2484 suram
200 2424 365 2505 patienter
379 2423 533 2500 tolerare,
552 2441 654 2506 usque
672 2422 749 2486 dum
766 2421 975 2505 probationes
993 2426 1202 2503 preparatas

79 2535 204 2621 offerat3
220 2543 254 2601 et
267 2543 344 2602 tunc
361 2553 380 2602 a
398 2555 534 2604 censura
550 2537 750 2604 absolvetur.
772 2537 903 2600 Constat
918 2553 956 2600 ex
973 2535 1071 2599 citato
1083 2533 1195 2600 decre·

79 2651 131 2715 tali
144 2657 291 2732 Litteras,
318 2653 351 2716 in
373 2671 436 2737 qua
462 2654 504 2719 de
526 2652 682 2736 predicta
706 2669 843 2717 censura
859 2651 904 2715 sic
919 2649 1059 2714 habetur
1075 2669 1082 2712 :
1097 2654 1202 2728 Oetam

82 2773 174 2831 tamen
195 2766 372 2854 (ommium)
390 2775 468 2850 ipse,
490 2775 549 2830 tori
572 2772 709 2849 cenando
730 2772 922 2845 consortium,
941 2767 1025 2828 debat
1040 2765 1194 2826 humiliter

82 2885 216 2961 tolerare,
239 2887 329 2946 donec
336 2887 528 2966 probationes
543 2888 651 2964 offeret
663 2889 868 2966 praeparatos·
881 2888 911 2944 et
931 2889 1000 2944 tnnc
1011 2881 1194 2944 absolutione

78 3005 171 3076 petito
182 3003 344 3064 secundnm
362 3005 489 3082 sormam
502 3003 651 3078 Ecclesice,
668 3002 847 3062 absolvetur.

121 3115 238 3182 Casum
255 3125 363 3181 autem
384 3117 511 3198 plenius
527 3117 650 3181 evolvit
666 3115 959 3197 Schmalzgrueber
979 3114 1040 3180 boe
1066 3111 1165 3177 modo
1183 3134 1190 3178 :

84 3231 285 3317 «Postquam
303 3240 412 3298 autem
433 3239 483 3296 eat
502 3231 664 3308 restituta,
685 3231 824 3296 multum
843 3232 981 3295 interest
1008 3249 1049 3294 aa
1073 3228 1192 3315 conjux

84 3367 97 3404 c
112 3347 252 3433 allegans
266 3348 534 3432 impedimentum
547 3355 637 3412 certa
657 3349 698 3412 sit
722 3346 763 3412 de
786 3345 1033 3430 impedimento,
1056 3365 1193 3412 olivero

85 3469 236 3529 «tantum
249 3483 289 3529 ex
304 3464 499 3548 conjecturis
514 3461 719 3548 quibusdam,
736 3464 788 3528 vel
813 3471 949 3546 propter
977 3461 1196 3548 quorumdem·

86 3599 100 3636 r
117 3581 325 3644 assertionem
344 3578 458 3644 credat
473 3579 613 3644 subesse·
624 3577 905 3661 impedimentum.

126 3699 193 3760 «Si
206 3702 288 3758 certa
304 3694 345 3760 de
360 3692 594 3776 impedimento
613 3700 673 3770 est,
691 3694 791 3777 ipsius
807 3691 1196 3758 conscientiaeincumbet

88 3810 280 3886 «abstinere
305 3813 432 3877 interea
458 3829 476 3875 a
495 3811 655 3877 consortio
678 3811 758 3887 tori,
777 3809 883 3876 donec
905 3811 937 3873 in
958 3809 1193 3893 impedimento

87 3948 101 3984 r
115 3924 330 4012 dispensetur,
344 3929 369 3991 si
380 3924 463 3991 illud
478 3928 519 3992 sit
531 3925 749 4009 dispensabile
759 3947 767 4010 ;
779 3928 853 4011 quia
868 3945 944 3991 cum
954 3927 1017 3990 viri
1031 3927 1105 3990 talis
1117 3945 1194 3992 cona

89 4063 102 4099 o
114 4041 166 4126 jux
187 4061 304 4108 revera
325 4062 389 4108 non
410 4043 462 4118 sit,
482 4038 619 4107 carnale
631 4061 704 4106 cum
724 4061 764 4107 eo
786 4045 1015 4108 commercium
1031 4045 1189 4108 rationem

88 4157 336 4238 «fornicationis,
358 4157 450 4223 nullo
469 4177 545 4224 casu
561 4158 736 4240 permissae,
758 4158 867 4223 habet.
890 4159 1112 4243 Proceditque
1128 4157 1192 4221 boo

91 4274 326 4341 «nonobstante
352 4283 516 4358 praecepto
543 4275 705 4353 Bedesis,
728 4275 769 4340 ad
784 4275 969 4362 hujusmodi
986 4275 1193 4344 cohabitatio·

91 4407 187 4457 onem
204 4411 265 4475 per
287 4409 457 4458 censuram
478 4394 817 4460 excommunicationis
838 4394 1088 4478 compellentis:
1118 4411 1191 4466 nam
