2838 5114
245 343 309 406 362
588 355 777 422 reserares
801 355 844 402 uu
866 353 1015 403 runicus.

243 479 484 548 manifestatum
498 479 602 546 fuerit
622 479 779 546 delictum
801 479 1044 565 propterquod
1064 480 1282 564 suspenditur,
1297 489 1344 548 aut

241 599 319 666 data
342 599 373 664 ei
395 598 497 663 fuerit
520 596 718 664 detensionis
742 615 850 662 coram
876 597 1036 680 Episcopo
1061 597 1210 664 facultas.
1231 595 1274 664 'ut
1293 599 1344 664 buc

242 733 338 781 sensu
364 713 538 780 intellectas
565 711 660 777 dicta
686 711 894 795 Episcopales
921 712 1087 777 sententia
1114 714 1149 778 iu
1176 715 1343 797 generalem

242 830 441 913 disciplinam
455 829 579 906 abiere,
596 834 631 893 et
645 835 720 893 suut
737 829 771 892 in
787 828 929 893 Ecclesia
950 835 1093 910 accepta
1109 837 1144 894 et
1158 830 1341 912 approbata.

240 949 311 1012 Jam
324 965 403 1012 vero
416 945 505 1031 quod
516 945 613 1011 toties
628 949 688 1029 per
698 946 826 1010 Sacram
840 945 1130 1028 Congregaticncm
1143 945 1343 1030 Gonciliilep'·

239 1062 356 1128 timum
373 1060 554 1127 declaravit
573 1061 672 1126 Sedes
685 1061 877 1144 Apostolica,
892 1058 1045 1145 quodque
1058 1067 1214 1145 tauquam
1232 1061 1343 1125 uniuer-

240 1179 312 1244 salis
332 1177 500 1262 disciplina
520 1178 553 1240 in
567 1177 707 1242 Ecclesia
731 1177 887 1242 catholica
909 1174 1129 1240 inductumet
1144 1176 1341 1259 approbatum

239 1303 306 1379 est,
337 1297 371 1360 tal
399 1299 590 1360 auctoritatis
619 1297 743 1357 ebusum
773 1291 901 1370 dicere,
934 1300 968 1358 et
998 1299 1141 1374 riporosoe
1169 1295 1342 1374 matematicos

230 1417 363 1493 justitio
376 1411 583 1488 contrarium,
597 1429 662 1476 uon
673 1411 886 1476 temerarium
899 1408 1113 1486 solummodo,
1127 1409 1189 1476 sed
1200 1418 1234 1476 et
1243 1415 1339 1492 aperte

237 1545 411 1593 erroneum
426 1526 645 1610 reputandum
657 1535 718 1591 est.
734 1527 826 1603 Hinc,
841 1545 902 1609 pro
914 1546 952 1593 ea
964 1505 1119 1610 singulari
1132 1526 1336 1599 estimatione,

237 1661 300 1728 qua
328 1661 388 1726 ego
414 1642 626 1707 clarissimum
652 1650 820 1708 auctorem
850 1643 929 1728 (etsi
954 1641 1040 1707 sorte
1067 1660 1291 1726 nonnunquam
1312 1640 1338 1703 in

236 1757 437 1842 speculando
463 1754 687 1840 audaciorem)
708 1759 862 1843 prosequi
886 1758 985 1834 soleo,
1007 1757 1152 1824 libenter
1178 1757 1338 1842 suspicarer

236 1873 450 1946 fundamento
464 1891 529 1939 nou
544 1891 669 1950 carere,
685 1873 775 1958 quod
789 1873 921 1958 quidam
935 1874 1099 1952 dictitant,
1113 1872 1156 1940 de
1171 1873 1337 1940 adulterato

235 1990 292 2054 illo
307 1989 455 2072 Bolgeoii
470 2007 571 2072 opere
586 1989 770 2071 posthumo.

280 2107 315 2168 2⁰
334 2107 431 2168 Error
457 2108 547 2183 ulter,
566 2110 665 2186 prtort
690 2107 871 2168 ediumetro
898 2111 1061 2188 oppositus.
1088 2131 1138 2155 -·
1158 2104 1336 2187 Perspicieu·

233 2228 285 2288 tes
298 2219 445 2286 nonnulli
460 2221 658 2304 inquantum
673 2221 823 2286 Ecclesia
838 2221 1011 2286 utilitatem
1034 2220 1150 2300 cedat,
1170 2240 1261 2305 posse
1276 2220 1335 2302 Epi·
1412 2239 1413 2294 }

234 2354 350 2419 scopos
364 2355 405 2401 ex
421 2334 594 2403 informata
609 2337 807 2402 couscientia
822 2334 1016 2420 procedere,
1036 2337 1120 2402 tanti
1138 2355 1253 2402 novam
1264 2336 1333 2399 illan

230 2452 430 2536 disciplinam
446 2451 587 2529 faciunt,
612 2460 650 2517 ut
665 2453 862 2518 anteriorem
874 2459 1001 2516 maium
1014 2458 1127 2534 fuisse,
1149 2453 1331 2525 existiment,
1414 2511 1415 2540 ,

230 2576 328 2654 atque
347 2587 454 2634 assere
474 2588 539 2634 nou
555 2566 785 2634 reformident.
807 2569 912 2634 Porro
935 2577 970 2634 et
986 2568 1031 2634 ibi
1054 2587 1149 2634 error
1172 2567 1330 2634 sublatitat.
1414 2559 1415 2610 3

229 2686 326 2753 Nullo
343 2684 609 2767 euim'tempore,
638 2702 738 2767 prava
757 2692 814 2749 aut
837 2685 949 2751 salutis
966 2685 1147 2750 animarum
1162 2682 1330 2750 subversira
1414 2689 1415 2692 ’

198 2821 200 2826 ·
229 2810 419 2886 essepotest
431 2802 589 2886 generalis
599 2802 748 2867 Ecclesia
762 2801 940 2885 disciplina.
952 2803 1086 2884 Quoties
1096 2785 1217 2890 quippe
1230 2795 1331 2884 aliqud
1414 2779 1415 2798 ¹

229 2919 263 2984 io
274 2919 460 3002 generalem
476 2937 568 2984 suam
582 2917 784 3002 disciplinam
799 2920 939 2987 Ecclesia
954 2917 1097 2997 inducit,
1115 2938 1186 2986 esse
1200 2916 1276 2984 illud
1286 2915 1333 2982 uc

229 3053 324 3112 uuur,
341 3033 486 3110 licitum,
504 3041 538 3098 et
555 3033 670 3120 (relate
685 3033 728 3099 ad
743 3035 1001 3100 circumstantias
1014 3035 1047 3100 iu
1059 3035 1179 3120 quibus
1189 3028 1331 3112 versatur)

228 3147 434 3232 proficuum,
457 3149 619 3214 existimat
633 3157 667 3214 et
686 3147 774 3215 facto
794 3151 862 3233 ipso
882 3149 1040 3216 declarat.
1062 3151 1100 3215 In
1119 3169 1184 3236 quo
1210 3167 1332 3216 nonma-

228 3267 276 3352 gis
287 3283 398 3332 errare
408 3272 529 3350 potest,
543 3283 639 3350 quam
655 3263 772 3350 inipso
788 3263 985 3332 declarando
995 3264 1149 3349 dogmate
1160 3287 1169 3349 ;
1181 3266 1252 3350 qrria
1265 3263 1332 3328 siam

228 3401 342 3448 errore
355 3384 389 3447 in
403 3380 591 3458 caedendo,
607 3381 703 3448 itaet
718 3385 880 3466 pravitate
891 3384 927 3448 in
942 3358 1008 3450 suis
1024 3382 1259 3450 universalibus
1270 3379 1331 3461 legi

155 3558 159 3565 .
227 3498 290 3564 bus
305 3499 480 3563 Ecclesiam
499 3498 679 3562 immunem
691 3503 726 3562 et
740 3515 869 3581 semper
883 3499 1038 3574 servarit,
1052 3506 1085 3562 et
1095 3515 1199 3583 usque
1210 3496 1328 3562 iufiueu

227 3613 341 3678 mundi
369 3613 513 3678 servabit
532 3613 707 3696 promissus
732 3613 794 3696 ipsi
819 3614 957 3698 Spiritus
983 3615 1091 3678 Sancti
1121 3612 1248 3680 ducas.
1265 3611 1328 3676 dum

226 3747 305 3812 ergo
322 3729 485 3812 vigentem
500 3736 595 3793 autea
614 3727 818 3812 disciplinam
838 3729 979 3794 Ecclesia
1002 3729 1164 3796 catholica
1191 3727 1276 3795 novis
1288 3743 1327 3788 re·

227 3863 302 3913 rum
318 3845 568 3913 circumstantiis
581 3845 688 3930 aliqua
701 3846 924 3913 immutatione
939 3844 1141 3923 accomodat,
1160 3865 1224 3912 non
1235 3847 1327 3927 putam

226 3959 306 4025 dum
316 3959 352 4026 id
363 3959 447 4037 lieri,
467 3968 504 4025 ut
521 3979 656 4043 pravum
669 3959 747 4045 quid
760 3968 817 4026 aut
831 3962 966 4027 stultum
980 4010 987 4039 ,
1004 3963 1155 4027 minusve
1169 3959 1326 4046 prudenter

226 4084 322 4141 autea
337 4073 560 4140 introductum
578 4077 760 4160 corrigatur
772 4083 805 4142 et
820 4077 862 4143 de
881 4077 990 4144 medio
1008 4077 1167 4162 tollatur;
1184 4075 1240 4142 sed
1254 4073 1324 4139 dan

200 4203 203 4211 '
226 4199 326 4270 taxat,
343 4200 380 4256 ut
392 4191 511 4275 praxis,
526 4211 596 4276 quae
608 4181 672 4258 huc
687 4183 789 4278 usque
806 4194 901 4273 bona,
916 4201 1024 4259 sancta
1041 4202 1076 4258 et
1091 4192 1257 4260 retinenda
1269 4189 1324 4254 fue·

226 4315 289 4385 rat,
307 4309 440 4380 mutatis
453 4310 667 4392 temporibus,
687 4311 795 4390 alteri,
812 4329 873 4395 pro
893 4318 972 4378 tunc
992 4309 1088 4379 etiam
1105 4312 1209 4388 bona,
1227 4311 1322 4374 sancta
1414 4323 1415 4398 j

227 4430 261 4497 et
276 4424 393 4490 merito
411 4423 621 4503 inducendae,
641 4426 748 4494 locum
764 4426 870 4498 cedat.
893 4428 974 4498 Hinc
988 4427 1072 4494 sicut
1088 4426 1284 4496 temerarium
1296 4424 1319 4484 el
1414 4477 1415 4500 t
