2914 5122
279 353 344 421 tro
623 367 810 418 mxcrnrus
833 369 876 416 nn
898 366 1047 415 snnrcns

278 497 395 566 detur:
413 491 525 573 debet,
538 509 600 580 per
613 491 808 560 sententiam
819 491 1319 574 interlocutoriam,talemexcep‘

277 631 364 688 nem,
387 615 504 694 utpote
522 605 674 693 injustam
690 611 726 672 et
745 605 986 673 frustratoriam
1004 604 1153 692 rejicere,
1171 604 1341 691 reiectanqnc

278 723 459 803 declarare,
478 729 513 790 et
528 741 567 789 ea
582 741 647 788 non
666 721 817 788 obstante
839 721 874 786 in
888 739 1043 806 processu
1057 739 1211 806 pergere.
1234 722 1279 787 Ita
1295 739 1344 784 on

279 842 421 908 muniter
436 839 590 906 doctores
609 858 684 905 cum
702 836 913 904 Reiffenstuel
939 837 983 926 (in
1002 837 1056 904 tit.
1081 841 1109 917 i,
1131 838 1191 904 lib.
1211 841 1229 903 5
1254 837 1344 912 decret,
1404 861 1406 900 ι

277 975 311 1024 n.
329 953 418 1043 237).
440 957 480 1022 Et
498 957 581 1022 ratic
593 962 684 1039 patet
701 975 708 1019 :
727 973 803 1020 nam
815 963 887 1021 orta
903 957 1109 1039 exceptione,
1129 954 1232 1022 debet
1242 953 1349 1040 juderle

278 1093 316 1142 ea
328 1073 418 1158 prius
428 1071 589 1158 Jndicare,
612 1087 708 1156 quam
722 1069 984 1155 adquaestionem
996 1071 1211 1155 principalem
1221 1069 1348 1136 deveniat:
1408 1094 1411 1134 ι

279 1195 354 1256 Gom
366 1195 537 1271 exceptione
547 1190 677 1270 probata
690 1185 745 1274 (ait
762 1187 912 1253 Clemens
927 1185 999 1272 Ill),
1018 1193 1142 1269 questio
1150 1190 1354 1270 principatirpc·
1411 1199 1414 1252 t

277 1311 420 1385 rimetur,
436 1311 506 1368 ante
517 1310 561 1366 est
573 1305 803 1385 cognoscendum
818 1305 855 1366 de
866 1307 943 1385 ipsc,
957 1323 1047 1384 ptem
1059 1305 1100 1366 od
1119 1303 1356 1381 definitionisnrli·

198 1459 203 1468 =
278 1427 377 1487 colum
387 1424 569 1505 procedatur
587 1418 627 1505 (e.
646 1421 855 1484 Intelleximus
875 1422 904 1498 l,
923 1418 1011 1485 tituli
1029 1422 1081 1498 10,
1109 1420 1186 1486 libri
1201 1423 1220 1484 2
1238 1415 1356 1498 decret).
1414 1429 1419 1490 ι’

276 1539 349 1606 'Jam
365 1559 444 1606 vero
452 1537 555 1624 judex
569 1538 759 1602 inanitatem
777 1537 977 1621 exceptionis
996 1555 1256 1621 recognoscens,
1273 1536 1358 1621 injuste

277 1663 403 1741 ageret,
421 1656 482 1720 nisi
493 1673 565 1721 eam
581 1652 708 1719 irritam
728 1652 915 1718 declararet
933 1674 939 1718 :
957 1651 1080 1738 rejecta
1100 1661 1211 1718 autem
1236 1661 1360 1737 tanquan
1421 1739 1422 1742 Ἴ

277 1773 365 1838 inani
387 1774 598 1858 exceptione,
632 1778 778 1836 remanet
808 1770 1049 1836 continuandus
1077 1789 1251 1854 processus
1282 1767 1363 1835 eoden
1422 1799 1427 1844 1

281 1885 431 1956 modo-ac
447 1889 474 1953 si
485 1887 654 1972 proposita
668 1903 733 1950 non
748 1885 874 1952 fuisset.

324 2007 477 2088 Qunsrro
496 2009 540 2072 3·.
562 2043 609 2054 —-
627 2007 756 2086 wando
779 2023 849 2068 reas
866 2011 1070 2087 exceptionem
1095 2009 1232 2069 cuminis
1259 2003 1368 2070 civiliter
1420 2033 1432 2074 -η

279 2121 393 2202 sectam
404 2119 684 2202 probareneqaloc't,
703 2137 744 2183 aa
756 2124 851 2200 possit
863 2139 882 2182 e
890 2121 997 2202 judice
1008 2122 1113 2201 aliquo
1123 2140 1214 2203 pena
1228 2123 1317 2202 plecti
1323 2121 1370 2180 l-

281 2234 512 2320 Respondetur
536 2237 698 2319 negative.
728 2233 892 2300 Probatur
906 2253 945 2299 ex
962 2234 1121 2300 decretali
1146 2234 1369 2320 supertecta,
1422 2194 1428 2277 ¹

279 2352 331 2418 tit.
348 2355 377 2431 1,
394 2351 452 2418 lib.
473 2348 660 2436 5decret.).
679 2353 758 2417 llam
776 2350 821 2416 ibi
837 2351 1046 2417 Innocentius
1059 2351 1106 2417 ΙΙΙ
1122 2350 1291 2436 distinguit
1309 2351 1374 2414 inter
1438 2401 1439 2404 ,

280 2467 498 2554 objectionem
510 2467 650 2532 criminis
663 2487 734 2553 quae
746 2467 784 2532 fit
798 2467 895 2534 aReo
907 2467 1055 2546 civiliter,
1067 2468 1163 2546 idest,
1180 2475 1215 2532 at
1228 2470 1266 2531 ab
1279 2484 1376 2530 eccam

281 2594 361 2652 tiorte
375 2590 422 2652 cel
438 2588 647 2667 testificatione
660 2588 771 2672 clipeis
786 2589 966 2669 repertarum·
981 2594 1016 2652 et
1032 2606 1104 2653 eam
1120 2605 1191 2671 quae
1207 2584 1243 2650 flr
1259 2593 1294 2650 ut
1308 2582 1373 2670 quis,

277 2704 344 2790 jam
359 2704 483 2770 electus
500 2711 534 2769 et
549 2702 767 2781 confirmatus,
789 2701 862 2788 jure
886 2723 945 2769 suo
963 2704 1117 2788 acquisito
1131 2701 1175 2768 ad
1189 2702 1378 2786 prelaturam

280 2821 335 2885 vel
349 2818 540 2903 dignitatem
549 2820 709 2903 privetur.
727 2821 767 2884 Et
778 2819 963 2886 insecundo
975 2839 1052 2886 casu
1064 2818 1234 2885 dumtaxat
1247 2815 1379 2884 decernit

281 2954 410 3019 poenam
426 2934 716 3002 extraordinariam
742 2935 973 3020 imponendam
996 2956 1067 3003 esse
1088 2955 1150 3002 reo·
1167 2937 1223 3022 qui
1238 2932 1382 3017 exceptio

281 3070 355 3116 nem
371 3049 512 3134 probare
531 3051 688 3136 nequivit.
708 3050 804 3118 Unde
819 3070 1018 3137 consequens
1032 3061 1083 3118 cst
1097 3053 1181 3118 utin
1196 3052 1293 3135 priori
1304 3067 1380 3124 casu,

281 3163 411 3250 quando
426 3184 543 3249 nempe
558 3183 648 3230 mere
662 3161 801 3230 civiliter
816 3167 939 3232 crimen
954 3166 1118 3260 objicitur,
1135 3168 1226 3232 nulla
1237 3185 1328 3251 poena
1346 3165 1383 3226 in·

282 3281 422 3366 fligenda
434 3283 475 3347 sit
486 3283 673 3366 excipienti,
689 3291 723 3349 et
737 3283 948 3366 inprobanda
963 3287 1155 3369 exceptione
1167 3282 1337 3352 deficienti.

325 3398 477 3478 Quasrro
494 3399 538 3463 4⁸.
553 3435 599 3448 --
615 3401 742 3480 Quaado
760 3419 841 3480 reus,
860 3403 991 3464 civiliter
1005 3407 1166 3484 curatrices,
1188 3403 1326 3484 objectum
1340 3399 1385 3460 de·

282 3517 386 3578 lictum
396 3517 550 3597 probavit,
565 3535 606 3578 aa
616 3516 705 3598 bajas
714 3518 818 3580 delicti
829 3523 933 3579 uector
940 3522 1037 3599 possit
1048 3537 1067 3579 a
1073 3519 1178 3599 judice
1184 3514 1386 3599 poenoplectc'?

279 3665 326 3680 -··
344 3615 573 3715 Respondetur
594 3632 764 3716 negative;
781 3631 840 3698 sed
864 3631 965 3698 debet
979 3639 1108 3698 tantum
1126 3632 1230 3719 judex
1249 3651 1321 3700 eum
1338 3628 1388 3713 qui

277 3745 448 3830 objectum
466 3743 622 3811 delictum
637 3755 781 3830 patrasse
805 3751 972 3815 convictus
992 3747 1067 3828 fuit,
1086 3750 1127 3816 ab
1147 3749 1327 3816 accusando
1340 3763 1388 3812 re

273 3863 416 3946 pellere,
431 3863 457 3926 si
472 3863 512 3927 sit
526 3871 711 3948 accusator3
731 3865 786 3930 vel
799 3885 817 3930 a
832 3862 1047 3944 testificando,
1066 3868 1092 3931 si
1108 3868 1149 3933 sit
1166 3869 1271 3933 testis.
1288 3861 1389 3949 sequi-

281 3983 389 4044 turer
404 3978 516 4061 regula
528 3980 683 4061 generali,
703 3979 902 4066 quodjudex
922 4001 992 4048 sese
1008 3981 1255 4049 accommodare
1278 3982 1388 4048 debeat

281 4093 453 4158 intentioni
467 4101 502 4158 et
518 4093 577 4158 fini
596 4096 731 4179 agentis,
753 4096 931 4182 formaeque
953 4097 1056 4164 libelli
1070 4098 1112 4163 ab
1133 4099 1189 4163 illo
1203 4099 1385 4182 proposite;

281 4217 379 4294 prout
398 4210 503 4294 capite
523 4214 661 4292 Qecattter
676 4211 729 4290 24,
749 4217 785 4278 ete
803 4217 921 4293 Accae,
944 4221 978 4280 ct
996 4217 1388 4298 capraemortem

272 4329 344 4408 'iria
366 4326 592 4412 prescribitur
606 4327 655 4392 his
670 4327 805 4395 verbis:
832 4333 872 4394 Ut
883 4337 981 4413 juxto
996 4335 1109 4416 judicic·
1130 4334 1258 4413 sermm
1281 4336 1389 4394 senten·

272 4450 326 4507 tte
339 4461 453 4527 qaoque
465 4447 606 4508 dictetur.
622 4443 787 4510 Probatur
800 4447 934 4529 insuper
947 4465 987 4513 ex
1003 4448 1192 4531 capitellum
1207 4450 1331 4511 detectas
1346 4445 1383 4530 (l.
