<?xml version="1.0" encoding="UTF-8"?>
<!DOCTYPE html PUBLIC "-//W3C//DTD XHTML 1.0 Transitional//EN"
    "http://www.w3.org/TR/xhtml1/DTD/xhtml1-transitional.dtd">
<html xmlns="http://www.w3.org/1999/xhtml" xml:lang="en" lang="en">
 <head>
  <title>
</title>
<meta http-equiv="Content-Type" content="text/html;charset=utf-8" />
  <meta name='ocr-system' content='tesseract 3.04.00' />
  <meta name='ocr-capabilities' content='ocr_page ocr_carea ocr_par ocr_line ocrx_word'/>
</head>
<body>
  <div class='ocr_page' id='page_1' title='image "./tractatusdejudi01bouigoog_0092.png"; bbox 0 0 2914 5122; ppageno 0'>
   <div class='ocr_carea' id='block_1_1' title="bbox 496 357 1175 424">
    <p class='ocr_par' dir='ltr' id='par_1_1' title="bbox 496 357 1175 424">
     <span class='ocr_line' id='line_1_1' title="bbox 496 357 1175 424; baseline -0.001 -2"><span class='ocrx_word' id='word_1_1' title='bbox 496 373 575 423; x_wconf 75' lang='lat' dir='ltr'><strong>rins</strong></span> <span class='ocrx_word' id='word_1_2' title='bbox 597 375 755 424; x_wconf 81' lang='lat' dir='ltr'><strong>sacuam.</strong></span> <span class='ocrx_word' id='word_1_3' title='bbox 1137 357 1175 424; x_wconf 82' lang='lat' dir='ltr'><strong>et</strong></span> 
     </span>
    </p>
   </div>
   <div class='ocr_carea' id='block_1_2' title="bbox 37 501 1195 4419">
    <p class='ocr_par' dir='ltr' id='par_1_2' title="bbox 85 501 1187 1167">
     <span class='ocr_line' id='line_1_2' title="bbox 123 501 1179 588; baseline -0.006 -16"><span class='ocrx_word' id='word_1_4' title='bbox 123 504 206 572; x_wconf 86' lang='lat' dir='ltr'>Idem</span> <span class='ocrx_word' id='word_1_5' title='bbox 229 502 440 568; x_wconf 88' lang='lat' dir='ltr'><strong>ooniirmatur</strong></span> <span class='ocrx_word' id='word_1_6' title='bbox 454 519 495 565; x_wconf 83' lang='lat' dir='ltr'><strong>ex</strong></span> <span class='ocrx_word' id='word_1_7' title='bbox 511 502 616 585; x_wconf 89' lang='lat' dir='ltr'><strong>capite</strong></span> <span class='ocrx_word' id='word_1_8' title='bbox 641 505 827 583; x_wconf 72' lang='lat' dir='ltr'><strong>omitteret</strong></span> <span class='ocrx_word' id='word_1_9' title='bbox 848 503 967 584; x_wconf 82' lang='lat' dir='ltr'><strong>qnando</strong></span> <span class='ocrx_word' id='word_1_10' title='bbox 992 501 1056 588; x_wconf 78' lang='lat' dir='ltr'><strong>(ri,</strong></span> <span class='ocrx_word' id='word_1_11' title='bbox 1074 503 1126 568; x_wconf 90' lang='lat' dir='ltr'><strong>tit.</strong></span> <span class='ocrx_word' id='word_1_12' title='bbox 1150 506 1179 578; x_wconf 88' lang='lat'><strong>1,</strong></span> 
     </span>
     <span class='ocr_line' id='line_1_3' title="bbox 85 618 1180 704; baseline -0.005 -16"><span class='ocrx_word' id='word_1_13' title='bbox 85 623 168 688; x_wconf 76' lang='lat' dir='ltr'><strong>libb</strong></span> <span class='ocrx_word' id='word_1_14' title='bbox 183 618 300 704; x_wconf 73' lang='lat' dir='ltr'><strong>deca).</strong></span> <span class='ocrx_word' id='word_1_15' title='bbox 327 619 378 684; x_wconf 91' lang='lat' dir='ltr'><strong>lbi</strong></span> <span class='ocrx_word' id='word_1_16' title='bbox 404 619 491 683; x_wconf 90' lang='lat' dir='ltr'><strong>enim</strong></span> <span class='ocrx_word' id='word_1_17' title='bbox 513 639 578 684; x_wconf 93' lang='lat' dir='ltr'><strong>non</strong></span> <span class='ocrx_word' id='word_1_18' title='bbox 608 619 713 683; x_wconf 91' lang='lat' dir='ltr'><strong>minus</strong></span> <span class='ocrx_word' id='word_1_19' title='bbox 732 619 961 685; x_wconf 89' lang='lat' dir='ltr'><strong>universaliter</strong></span> <span class='ocrx_word' id='word_1_20' title='bbox 983 618 1180 696; x_wconf 78' lang='lat' dir='ltr'>declaratur,</span> 
     </span>
     <span class='ocr_line' id='line_1_4' title="bbox 87 728 1186 822; baseline -0.003 -19"><span class='ocrx_word' id='word_1_21' title='bbox 87 739 122 803; x_wconf 91' lang='lat' dir='ltr'><strong>ad</strong></span> <span class='ocrx_word' id='word_1_22' title='bbox 136 737 366 822; x_wconf 87' lang='lat' dir='ltr'><strong>inquisitorium</strong></span> <span class='ocrx_word' id='word_1_23' title='bbox 380 753 569 818; x_wconf 84' lang='lat' dir='ltr'><strong>processum</strong></span> <span class='ocrx_word' id='word_1_24' title='bbox 579 728 771 820; x_wconf 67' lang='lat' dir='ltr'><strong>praerequiri</strong></span> <span class='ocrx_word' id='word_1_25' title='bbox 783 733 956 800; x_wconf 86' lang='lat' dir='ltr'><strong>infamiam.</strong></span> <span class='ocrx_word' id='word_1_26' title='bbox 970 733 1065 816; x_wconf 89' lang='lat' dir='ltr'><strong>Quod</strong></span> <span class='ocrx_word' id='word_1_27' title='bbox 1074 743 1186 800; x_wconf 89' lang='lat' dir='ltr'><strong>tamen</strong></span> 
     </span>
     <span class='ocr_line' id='line_1_5' title="bbox 87 849 1187 936; baseline -0.004 -16"><span class='ocrx_word' id='word_1_28' title='bbox 87 857 225 920; x_wconf 78' lang='lat' dir='ltr'><strong>ararum</strong></span> <span class='ocrx_word' id='word_1_29' title='bbox 242 871 308 918; x_wconf 92' lang='lat' dir='ltr'><strong>non</strong></span> <span class='ocrx_word' id='word_1_30' title='bbox 326 857 413 916; x_wconf 79' lang='lat' dir='ltr'><strong>esset</strong></span> <span class='ocrx_word' id='word_1_31' title='bbox 435 849 565 936; x_wconf 92' lang='lat' dir='ltr'><strong>quando</strong></span> <span class='ocrx_word' id='word_1_32' title='bbox 580 850 623 915; x_wconf 88' lang='lat' dir='ltr'><strong>ad</strong></span> <span class='ocrx_word' id='word_1_33' title='bbox 636 851 822 916; x_wconf 80' lang='lat' dir='ltr'><strong>instantiam</strong></span> <span class='ocrx_word' id='word_1_34' title='bbox 844 851 1098 928; x_wconf 80' lang='lat' dir='ltr'><strong>denuntiatoris,</strong></span> <span class='ocrx_word' id='word_1_35' title='bbox 1116 869 1187 934; x_wconf 88' lang='lat' dir='ltr'><strong>poe-</strong></span> 
     </span>
     <span class='ocr_line' id='line_1_6' title="bbox 87 965 1187 1051; baseline -0.002 -17"><span class='ocrx_word' id='word_1_36' title='bbox 87 989 148 1035; x_wconf 91' lang='lat' dir='ltr'><strong>nam</strong></span> <span class='ocrx_word' id='word_1_37' title='bbox 164 969 273 1034; x_wconf 85' lang='lat' dir='ltr'><strong>delicti</strong></span> <span class='ocrx_word' id='word_1_38' title='bbox 297 966 544 1051; x_wconf 88' lang='lat' dir='ltr'><strong>prosequentis,</strong></span> <span class='ocrx_word' id='word_1_39' title='bbox 565 966 729 1050; x_wconf 89' lang='lat' dir='ltr'><strong>inquisitio</strong></span> <span class='ocrx_word' id='word_1_40' title='bbox 750 966 940 1044; x_wconf 84' lang='lat' dir='ltr'><strong>instituitur,</strong></span> <span class='ocrx_word' id='word_1_41' title='bbox 964 965 999 1032; x_wconf 90' lang='lat' dir='ltr'><strong>id</strong></span> <span class='ocrx_word' id='word_1_42' title='bbox 1023 967 1187 1051; x_wconf 80' lang='lat' dir='ltr'><strong>legislator</strong></span> 
     </span>
     <span class='ocr_line' id='line_1_7' title="bbox 90 1082 497 1167; baseline -0.007 -19"><span class='ocrx_word' id='word_1_43' title='bbox 90 1085 226 1150; x_wconf 78' lang='lat' dir='ltr'><strong>Pontifex</strong></span> <span class='ocrx_word' id='word_1_44' title='bbox 240 1082 497 1167; x_wconf 74' lang='lat' dir='ltr'><strong>praemonuisset.</strong></span> 
     </span>
    </p>

    <p class='ocr_par' dir='ltr' id='par_1_3' title="bbox 87 1195 1191 2095">
     <span class='ocr_line' id='line_1_8' title="bbox 125 1195 1188 1282; baseline -0.003 -16"><span class='ocrx_word' id='word_1_45' title='bbox 125 1200 280 1266; x_wconf 88' lang='lat' dir='ltr'><strong>Probatur</strong></span> <span class='ocrx_word' id='word_1_46' title='bbox 298 1202 344 1276; x_wconf 88' lang='lat'><strong>3⁰,</strong></span> <span class='ocrx_word' id='word_1_47' title='bbox 363 1217 403 1260; x_wconf 81' lang='lat' dir='ltr'><strong>ee</strong></span> <span class='ocrx_word' id='word_1_48' title='bbox 415 1199 525 1279; x_wconf 79' lang='lat' dir='ltr'><strong>plesse.</strong></span> <span class='ocrx_word' id='word_1_49' title='bbox 539 1233 585 1245; x_wconf 91' lang='lat'><strong>—-</strong></span> <span class='ocrx_word' id='word_1_50' title='bbox 598 1197 669 1262; x_wconf 91' lang='lat' dir='ltr'><strong>Jam</strong></span> <span class='ocrx_word' id='word_1_51' title='bbox 683 1195 744 1262; x_wconf 91' lang='lat' dir='ltr'><strong>sub</strong></span> <span class='ocrx_word' id='word_1_52' title='bbox 758 1195 957 1280; x_wconf 85' lang='lat' dir='ltr'><strong>praeoedenti</strong></span> <span class='ocrx_word' id='word_1_53' title='bbox 970 1199 1188 1282; x_wconf 88' lang='lat' dir='ltr'><strong>propositione</strong></span> 
     </span>
     <span class='ocr_line' id='line_1_9' title="bbox 90 1312 1190 1401; baseline -0.003 -18"><span class='ocrx_word' id='word_1_54' title='bbox 90 1319 184 1401; x_wconf 78' lang='lat' dir='ltr'><strong>glossae</strong></span> <span class='ocrx_word' id='word_1_55' title='bbox 198 1315 299 1382; x_wconf 84' lang='lat' dir='ltr'><strong>verba</strong></span> <span class='ocrx_word' id='word_1_56' title='bbox 318 1315 499 1392; x_wconf 85' lang='lat' dir='ltr'><strong>retulimus,</strong></span> <span class='ocrx_word' id='word_1_57' title='bbox 517 1331 588 1398; x_wconf 75' lang='lat' dir='ltr'><strong>quaa</strong></span> <span class='ocrx_word' id='word_1_58' title='bbox 604 1315 732 1378; x_wconf 91' lang='lat' dir='ltr'><strong>omnino</strong></span> <span class='ocrx_word' id='word_1_59' title='bbox 744 1312 980 1393; x_wconf 90' lang='lat' dir='ltr'><strong>demonstrant,</strong></span> <span class='ocrx_word' id='word_1_60' title='bbox 993 1335 1011 1378; x_wconf 89' lang='lat' dir='ltr'><strong>a</strong></span> <span class='ocrx_word' id='word_1_61' title='bbox 1023 1313 1190 1380; x_wconf 88' lang='lat' dir='ltr'><strong>veteribus</strong></span> 
     </span>
     <span class='ocr_line' id='line_1_10' title="bbox 87 1428 1190 1518; baseline -0.003 -19"><span class='ocrx_word' id='word_1_62' title='bbox 87 1433 159 1518; x_wconf 85' lang='lat' dir='ltr'><strong>juris</strong></span> <span class='ocrx_word' id='word_1_63' title='bbox 169 1433 249 1498; x_wconf 93' lang='lat' dir='ltr'><strong>sacri</strong></span> <span class='ocrx_word' id='word_1_64' title='bbox 273 1429 510 1514; x_wconf 86' lang='lat' dir='ltr'><strong>interpretibus</strong></span> <span class='ocrx_word' id='word_1_65' title='bbox 526 1430 558 1493; x_wconf 87' lang='lat' dir='ltr'><strong>in</strong></span> <span class='ocrx_word' id='word_1_66' title='bbox 574 1449 670 1494; x_wconf 91' lang='lat' dir='ltr'><strong>sensu</strong></span> <span class='ocrx_word' id='word_1_67' title='bbox 686 1449 785 1514; x_wconf 88' lang='lat' dir='ltr'><strong>quem</strong></span> <span class='ocrx_word' id='word_1_68' title='bbox 804 1428 1012 1495; x_wconf 85' lang='lat' dir='ltr'><strong>defendimus</strong></span> <span class='ocrx_word' id='word_1_69' title='bbox 1024 1431 1190 1496; x_wconf 89' lang='lat' dir='ltr'><strong>intellecta</strong></span> 
     </span>
     <span class='ocr_line' id='line_1_11' title="bbox 90 1544 1191 1632; baseline -0.001 -19"><span class='ocrx_word' id='word_1_70' title='bbox 90 1550 173 1614; x_wconf 88' lang='lat' dir='ltr'><strong>inisse</strong></span> <span class='ocrx_word' id='word_1_71' title='bbox 187 1547 414 1614; x_wconf 85' lang='lat' dir='ltr'><strong>innocentiana</strong></span> <span class='ocrx_word' id='word_1_72' title='bbox 436 1545 584 1610; x_wconf 88' lang='lat' dir='ltr'><strong>decreta.</strong></span> <span class='ocrx_word' id='word_1_73' title='bbox 603 1544 690 1626; x_wconf 90' lang='lat' dir='ltr'><strong>Quid</strong></span> <span class='ocrx_word' id='word_1_74' title='bbox 705 1565 822 1630; x_wconf 90' lang='lat' dir='ltr'><strong>nempe</strong></span> <span class='ocrx_word' id='word_1_75' title='bbox 838 1546 898 1610; x_wconf 92' lang='lat' dir='ltr'><strong>boc</strong></span> <span class='ocrx_word' id='word_1_76' title='bbox 911 1545 1067 1632; x_wconf 90' lang='lat' dir='ltr'><strong>loquendi</strong></span> <span class='ocrx_word' id='word_1_77' title='bbox 1093 1546 1191 1612; x_wconf 93' lang='lat' dir='ltr'><strong>modo</strong></span> 
     </span>
     <span class='ocr_line' id='line_1_12' title="bbox 90 1665 1186 1756; baseline -0.003 -26"><span class='ocrx_word' id='word_1_78' title='bbox 90 1666 213 1732; x_wconf 80' lang='lat' dir='ltr'><strong>clarius?</strong></span> <span class='ocrx_word' id='word_1_79' title='bbox 225 1670 259 1730; x_wconf 89' lang='lat' dir='ltr'><strong>Si</strong></span> <span class='ocrx_word' id='word_1_80' title='bbox 270 1665 594 1756; x_wconf 79' lang='lat' dir='ltr'><strong>aeroprocedotjtidee</strong></span> <span class='ocrx_word' id='word_1_81' title='bbox 608 1665 650 1726; x_wconf 83' lang='lat' dir='ltr'><strong>od</strong></span> <span class='ocrx_word' id='word_1_82' title='bbox 662 1667 834 1743; x_wconf 86' lang='lat' dir='ltr'><strong>petitionem</strong></span> <span class='ocrx_word' id='word_1_83' title='bbox 845 1665 973 1745; x_wconf 86' lang='lat' dir='ltr'><strong>alicujus</strong></span> <span class='ocrx_word' id='word_1_84' title='bbox 985 1672 1186 1745; x_wconf 71' lang='lat' dir='ltr'><strong>procurantis,</strong></span> 
     </span>
     <span class='ocr_line' id='line_1_13' title="bbox 90 1774 1187 1864; baseline -0.001 -20"><span class='ocrx_word' id='word_1_85' title='bbox 90 1787 335 1862; x_wconf 71' lang='lat' dir='ltr'><strong>inpunitianen...</strong></span> <span class='ocrx_word' id='word_1_86' title='bbox 340 1827 350 1858; x_wconf 90' lang='lat'><em>‚</em></span> <span class='ocrx_word' id='word_1_87' title='bbox 364 1783 392 1841; x_wconf 92' lang='lat' dir='ltr'><strong>si</strong></span> <span class='ocrx_word' id='word_1_88' title='bbox 404 1779 457 1840; x_wconf 88' lang='lat' dir='ltr'><strong>ille</strong></span> <span class='ocrx_word' id='word_1_89' title='bbox 468 1777 596 1864; x_wconf 86' lang='lat' dir='ltr'><strong>(nempe</strong></span> <span class='ocrx_word' id='word_1_90' title='bbox 604 1774 691 1860; x_wconf 87' lang='lat' dir='ltr'><strong>reus)</strong></span> <span class='ocrx_word' id='word_1_91' title='bbox 702 1782 986 1859; x_wconf 75' lang='lat' dir='ltr'><strong>raperetinsarniam</strong></span> <span class='ocrx_word' id='word_1_92' title='bbox 992 1785 1187 1860; x_wconf 79' lang='lat' dir='ltr'><strong>precessisse,</strong></span> 
     </span>
     <span class='ocr_line' id='line_1_14' title="bbox 91 1895 1188 1978; baseline 0 -20"><span class='ocrx_word' id='word_1_93' title='bbox 91 1905 223 1977; x_wconf 65' lang='lat' dir='ltr'><strong>amusan</strong></span> <span class='ocrx_word' id='word_1_94' title='bbox 233 1901 336 1978; x_wconf 89' lang='lat' dir='ltr'><strong>primo</strong></span> <span class='ocrx_word' id='word_1_95' title='bbox 347 1897 447 1976; x_wconf 72' lang='lat' dir='ltr'><strong>judeca</strong></span> <span class='ocrx_word' id='word_1_96' title='bbox 459 1899 563 1956; x_wconf 86' lang='lat' dir='ltr'><strong>atrurn</strong></span> <span class='ocrx_word' id='word_1_97' title='bbox 583 1900 624 1956; x_wconf 90' lang='lat' dir='ltr'><strong>sit</strong></span> <span class='ocrx_word' id='word_1_98' title='bbox 637 1896 845 1974; x_wconf 79' lang='lat' dir='ltr'><strong>infamatos...</strong></span> <span class='ocrx_word' id='word_1_99' title='bbox 865 1895 950 1958; x_wconf 86' lang='lat' dir='ltr'><strong>Alias</strong></span> <span class='ocrx_word' id='word_1_100' title='bbox 964 1915 1024 1958; x_wconf 92' lang='lat' dir='ltr'><strong>nan</strong></span> <span class='ocrx_word' id='word_1_101' title='bbox 1031 1898 1188 1976; x_wconf 77' lang='lat' dir='ltr'><strong>procedat,</strong></span> 
     </span>
     <span class='ocr_line' id='line_1_15' title="bbox 92 2013 718 2095; baseline -0.006 -19"><span class='ocrx_word' id='word_1_102' title='bbox 92 2019 142 2076; x_wconf 82' lang='lat' dir='ltr'><strong>nisi</strong></span> <span class='ocrx_word' id='word_1_103' title='bbox 149 2021 247 2095; x_wconf 81' lang='lat' dir='ltr'><strong>prinw</strong></span> <span class='ocrx_word' id='word_1_104' title='bbox 261 2019 374 2074; x_wconf 87' lang='lat' dir='ltr'><strong>constet</strong></span> <span class='ocrx_word' id='word_1_105' title='bbox 392 2013 473 2091; x_wconf 85' lang='lat' dir='ltr'><strong>quod</strong></span> <span class='ocrx_word' id='word_1_106' title='bbox 487 2017 528 2072; x_wconf 89' lang='lat' dir='ltr'><strong>sit</strong></span> <span class='ocrx_word' id='word_1_107' title='bbox 540 2013 718 2090; x_wconf 82' lang='lat' dir='ltr'><strong>infamatus.</strong></span> 
     </span>
    </p>

    <p class='ocr_par' dir='ltr' id='par_1_4' title="bbox 91 2103 1195 2892">
     <span class='ocr_line' id='line_1_16' title="bbox 128 2103 1192 2212; baseline -0.001 -18"><span class='ocrx_word' id='word_1_108' title='bbox 128 2133 256 2212; x_wconf 81' lang='lat' dir='ltr'><strong>Otjiries.</strong></span> <span class='ocrx_word' id='word_1_109' title='bbox 270 2129 302 2192; x_wconf 91' lang='lat' dir='ltr'><strong>Si</strong></span> <span class='ocrx_word' id='word_1_110' title='bbox 315 2145 368 2191; x_wconf 91' lang='lat' dir='ltr'><strong>res</strong></span> <span class='ocrx_word' id='word_1_111' title='bbox 379 2125 461 2190; x_wconf 90' lang='lat' dir='ltr'><strong>adeo</strong></span> <span class='ocrx_word' id='word_1_112' title='bbox 476 2125 562 2190; x_wconf 88' lang='lat' dir='ltr'><strong>clara</strong></span> <span class='ocrx_word' id='word_1_113' title='bbox 572 2125 697 2202; x_wconf 90' lang='lat' dir='ltr'><strong>inisset,</strong></span> <span class='ocrx_word' id='word_1_114' title='bbox 711 2122 798 2207; x_wconf 90' lang='lat' dir='ltr'><strong>apud</strong></span> <span class='ocrx_word' id='word_1_115' title='bbox 806 2103 997 2192; x_wconf 82' lang='lat' dir='ltr'><strong>subsecutas</strong></span> <span class='ocrx_word' id='word_1_116' title='bbox 1011 2127 1192 2193; x_wconf 86' lang='lat' dir='ltr'><strong>canonistas</strong></span> 
     </span>
     <span class='ocr_line' id='line_1_17' title="bbox 92 2239 1195 2324; baseline 0 -15"><span class='ocrx_word' id='word_1_117' title='bbox 92 2246 119 2309; x_wconf 93' lang='lat' dir='ltr'><strong>in</strong></span> <span class='ocrx_word' id='word_1_118' title='bbox 133 2245 381 2312; x_wconf 88' lang='lat' dir='ltr'><strong>controversiam</strong></span> <span class='ocrx_word' id='word_1_119' title='bbox 394 2262 458 2307; x_wconf 94' lang='lat' dir='ltr'><strong>non</strong></span> <span class='ocrx_word' id='word_1_120' title='bbox 476 2242 598 2307; x_wconf 89' lang='lat' dir='ltr'><strong>ivisset.</strong></span> <span class='ocrx_word' id='word_1_121' title='bbox 615 2239 827 2324; x_wconf 83' lang='lat' dir='ltr'><strong>Respondes,</strong></span> <span class='ocrx_word' id='word_1_122' title='bbox 843 2241 996 2308; x_wconf 89' lang='lat' dir='ltr'><strong>doctores</strong></span> <span class='ocrx_word' id='word_1_123' title='bbox 1009 2243 1082 2308; x_wconf 88' lang='lat' dir='ltr'><strong>illos</strong></span> <span class='ocrx_word' id='word_1_124' title='bbox 1099 2245 1195 2310; x_wconf 90' lang='lat' dir='ltr'><strong>nimis</strong></span> 
     </span>
     <span class='ocr_line' id='line_1_18' title="bbox 93 2355 1195 2442; baseline 0.001 -19"><span class='ocrx_word' id='word_1_125' title='bbox 93 2361 165 2426; x_wconf 84' lang='lat' dir='ltr'><strong>torte</strong></span> <span class='ocrx_word' id='word_1_126' title='bbox 179 2359 355 2427; x_wconf 89' lang='lat' dir='ltr'><strong>attendisse</strong></span> <span class='ocrx_word' id='word_1_127' title='bbox 367 2357 409 2424; x_wconf 93' lang='lat' dir='ltr'><strong>ad</strong></span> <span class='ocrx_word' id='word_1_128' title='bbox 425 2357 582 2442; x_wconf 87' lang='lat' dir='ltr'><strong>quosdam</strong></span> <span class='ocrx_word' id='word_1_129' title='bbox 593 2355 675 2441; x_wconf 88' lang='lat' dir='ltr'><strong>juris</strong></span> <span class='ocrx_word' id='word_1_130' title='bbox 690 2358 826 2422; x_wconf 87' lang='lat' dir='ltr'><strong>Romani</strong></span> <span class='ocrx_word' id='word_1_131' title='bbox 841 2363 962 2436; x_wconf 84' lang='lat' dir='ltr'><strong>textus,</strong></span> <span class='ocrx_word' id='word_1_132' title='bbox 975 2360 1031 2442; x_wconf 91' lang='lat' dir='ltr'><strong>qui</strong></span> <span class='ocrx_word' id='word_1_133' title='bbox 1042 2360 1195 2441; x_wconf 81' lang='lat' dir='ltr'><strong>contrarii</strong></span> 
     </span>
     <span class='ocr_line' id='line_1_19' title="bbox 93 2475 1195 2558; baseline 0 -17"><span class='ocrx_word' id='word_1_134' title='bbox 93 2477 284 2556; x_wconf 82' lang='lat' dir='ltr'><strong>ridebantur,</strong></span> <span class='ocrx_word' id='word_1_135' title='bbox 303 2485 337 2542; x_wconf 89' lang='lat' dir='ltr'><strong>et</strong></span> <span class='ocrx_word' id='word_1_136' title='bbox 353 2476 395 2541; x_wconf 89' lang='lat' dir='ltr'><strong>ad</strong></span> <span class='ocrx_word' id='word_1_137' title='bbox 409 2475 620 2540; x_wconf 88' lang='lat' dir='ltr'><strong>tribunalium</strong></span> <span class='ocrx_word' id='word_1_138' title='bbox 639 2475 842 2540; x_wconf 69' lang='lat' dir='ltr'><strong>secularium</strong></span> <span class='ocrx_word' id='word_1_139' title='bbox 858 2477 995 2558; x_wconf 83' lang='lat' dir='ltr'><strong>praxim.</strong></span> <span class='ocrx_word' id='word_1_140' title='bbox 1011 2477 1125 2541; x_wconf 83' lang='lat' dir='ltr'><strong>Melius</strong></span> <span class='ocrx_word' id='word_1_141' title='bbox 1139 2497 1195 2541; x_wconf 93' lang='lat' dir='ltr'><strong>au-</strong></span> 
     </span>
     <span class='ocr_line' id='line_1_20' title="bbox 93 2590 1193 2676; baseline 0 -18"><span class='ocrx_word' id='word_1_142' title='bbox 93 2602 148 2659; x_wconf 86' lang='lat' dir='ltr'><strong>tem</strong></span> <span class='ocrx_word' id='word_1_143' title='bbox 169 2595 282 2660; x_wconf 86' lang='lat' dir='ltr'><strong>fuisset</strong></span> <span class='ocrx_word' id='word_1_144' title='bbox 299 2593 420 2672; x_wconf 88' lang='lat' dir='ltr'><strong>dicere,</strong></span> <span class='ocrx_word' id='word_1_145' title='bbox 440 2591 493 2676; x_wconf 87' lang='lat' dir='ltr'><strong>jus</strong></span> <span class='ocrx_word' id='word_1_146' title='bbox 509 2593 698 2657; x_wconf 84' lang='lat' dir='ltr'><strong>canonicum</strong></span> <span class='ocrx_word' id='word_1_147' title='bbox 717 2592 751 2655; x_wconf 95' lang='lat' dir='ltr'><strong>in</strong></span> <span class='ocrx_word' id='word_1_148' title='bbox 769 2590 931 2676; x_wconf 89' lang='lat' dir='ltr'><strong>ejusmodi</strong></span> <span class='ocrx_word' id='word_1_149' title='bbox 954 2595 1091 2658; x_wconf 88' lang='lat' dir='ltr'><strong>materia</strong></span> <span class='ocrx_word' id='word_1_150' title='bbox 1119 2613 1193 2658; x_wconf 91' lang='lat' dir='ltr'><strong>cum</strong></span> 
     </span>
     <span class='ocr_line' id='line_1_21' title="bbox 91 2705 1194 2792; baseline 0 -20"><span class='ocrx_word' id='word_1_151' title='bbox 91 2709 282 2774; x_wconf 86' lang='lat' dir='ltr'><strong>secularibus</strong></span> <span class='ocrx_word' id='word_1_152' title='bbox 304 2705 431 2792; x_wconf 82' lang='lat' dir='ltr'><strong>legibus</strong></span> <span class='ocrx_word' id='word_1_153' title='bbox 455 2725 520 2770; x_wconf 92' lang='lat' dir='ltr'><strong>non</strong></span> <span class='ocrx_word' id='word_1_154' title='bbox 547 2707 674 2788; x_wconf 82' lang='lat' dir='ltr'><strong>integre</strong></span> <span class='ocrx_word' id='word_1_155' title='bbox 698 2705 914 2784; x_wconf 85' lang='lat' dir='ltr'><strong>concordare,</strong></span> <span class='ocrx_word' id='word_1_156' title='bbox 936 2725 1032 2792; x_wconf 90' lang='lat' dir='ltr'><strong>quam</strong></span> <span class='ocrx_word' id='word_1_157' title='bbox 1060 2705 1194 2773; x_wconf 87' lang='lat' dir='ltr'><strong>decreta</strong></span> 
     </span>
     <span class='ocr_line' id='line_1_22' title="bbox 94 2822 1055 2892; baseline 0.001 -4"><span class='ocrx_word' id='word_1_158' title='bbox 94 2825 293 2892; x_wconf 88' lang='lat' dir='ltr'><strong>ecclesiastica</strong></span> <span class='ocrx_word' id='word_1_159' title='bbox 307 2823 351 2888; x_wconf 93' lang='lat' dir='ltr'><strong>ad</strong></span> <span class='ocrx_word' id='word_1_160' title='bbox 367 2823 449 2888; x_wconf 89' lang='lat' dir='ltr'><strong>hanc</strong></span> <span class='ocrx_word' id='word_1_161' title='bbox 467 2822 728 2888; x_wconf 87' lang='lat' dir='ltr'><strong>concordantiam</strong></span> <span class='ocrx_word' id='word_1_162' title='bbox 741 2823 903 2888; x_wconf 84' lang='lat' dir='ltr'><strong>violenter</strong></span> <span class='ocrx_word' id='word_1_163' title='bbox 912 2824 1055 2890; x_wconf 81' lang='lat' dir='ltr'><strong>trabere.</strong></span> 
     </span>
    </p>

    <p class='ocr_par' dir='ltr' id='par_1_5' title="bbox 37 2941 1195 4419">
     <span class='ocr_line' id='line_1_23' title="bbox 129 2941 1194 3023; baseline 0.002 -19"><span class='ocrx_word' id='word_1_164' title='bbox 129 2941 603 3008; x_wconf 71' lang='lat' dir='ltr'><strong>Pnomsn101ss².-Proeara</strong></span> <span class='ocrx_word' id='word_1_165' title='bbox 626 2942 762 3020; x_wconf 82' lang='lat' dir='ltr'><strong>insania·</strong></span> <span class='ocrx_word' id='word_1_166' title='bbox 779 2945 950 3020; x_wconf 86' lang='lat' dir='ltr'><strong>necessitas,</strong></span> <span class='ocrx_word' id='word_1_167' title='bbox 968 2947 1001 3004; x_wconf 86' lang='lat' dir='ltr'><strong>in</strong></span> <span class='ocrx_word' id='word_1_168' title='bbox 1011 2945 1194 3023; x_wconf 81' lang='lat' dir='ltr'><strong>precedenti</strong></span> 
     </span>
     <span class='ocr_line' id='line_1_24' title="bbox 91 3058 1194 3138; baseline 0.003 -20"><span class='ocrx_word' id='word_1_169' title='bbox 91 3064 274 3138; x_wconf 80' lang='lat' dir='ltr'><strong>propositione</strong></span> <span class='ocrx_word' id='word_1_170' title='bbox 283 3065 410 3136; x_wconf 68' lang='lat' dir='ltr'><strong>asserta</strong></span> <span class='ocrx_word' id='word_1_171' title='bbox 424 3058 544 3120; x_wconf 84' lang='lat' dir='ltr'><strong>videtur</strong></span> <span class='ocrx_word' id='word_1_172' title='bbox 556 3061 648 3118; x_wconf 85' lang='lat' dir='ltr'><strong>etiarn</strong></span> <span class='ocrx_word' id='word_1_173' title='bbox 661 3058 860 3134; x_wconf 83' lang='lat' dir='ltr'><strong>admittenda,</strong></span> <span class='ocrx_word' id='word_1_174' title='bbox 872 3059 991 3137; x_wconf 82' lang='lat' dir='ltr'><strong>qnando</strong></span> <span class='ocrx_word' id='word_1_175' title='bbox 1000 3061 1194 3122; x_wconf 84' lang='lat' dir='ltr'><strong>denuntiator</strong></span> 
     </span>
     <span class='ocr_line' id='line_1_25' title="bbox 95 3172 1195 3260; baseline 0.006 -27"><span class='ocrx_word' id='word_1_176' title='bbox 95 3179 130 3234; x_wconf 86' lang='lat' dir='ltr'><strong>est</strong></span> <span class='ocrx_word' id='word_1_177' title='bbox 142 3175 272 3253; x_wconf 67' lang='lat' dir='ltr'><strong>efflantis</strong></span> <span class='ocrx_word' id='word_1_178' title='bbox 284 3175 440 3256; x_wconf 82' lang='lat' dir='ltr'><strong>publicus,</strong></span> <span class='ocrx_word' id='word_1_179' title='bbox 460 3175 545 3235; x_wconf 85' lang='lat' dir='ltr'><strong>verbi</strong></span> <span class='ocrx_word' id='word_1_180' title='bbox 562 3178 681 3252; x_wconf 83' lang='lat' dir='ltr'><strong>pratia,</strong></span> <span class='ocrx_word' id='word_1_181' title='bbox 700 3172 814 3249; x_wconf 80' lang='lat' dir='ltr'><strong>fiscalis</strong></span> <span class='ocrx_word' id='word_1_182' title='bbox 823 3179 988 3254; x_wconf 85' lang='lat' dir='ltr'><strong>promotor.</strong></span> <span class='ocrx_word' id='word_1_183' title='bbox 1009 3183 1056 3223; x_wconf 78' lang='lat'><strong>-&#39;-</strong></span> <span class='ocrx_word' id='word_1_184' title='bbox 1073 3175 1112 3239; x_wconf 91' lang='lat' dir='ltr'><strong>Id</strong></span> <span class='ocrx_word' id='word_1_185' title='bbox 1123 3177 1195 3260; x_wconf 88' lang='lat' dir='ltr'><strong>qui·</strong></span> 
     </span>
     <span class='ocr_line' id='line_1_26' title="bbox 97 3265 1189 3372; baseline 0.007 -24"><span class='ocrx_word' id='word_1_186' title='bbox 97 3283 168 3366; x_wconf 86' lang='lat' dir='ltr'><strong>dem,</strong></span> <span class='ocrx_word' id='word_1_187' title='bbox 179 3297 215 3354; x_wconf 91' lang='lat' dir='ltr'><strong>ut</strong></span> <span class='ocrx_word' id='word_1_188' title='bbox 228 3288 491 3372; x_wconf 81' lang='lat' dir='ltr'><strong>praemonuimus,</strong></span> <span class='ocrx_word' id='word_1_189' title='bbox 506 3285 612 3372; x_wconf 87' lang='lat' dir='ltr'><strong>rejicit</strong></span> <span class='ocrx_word' id='word_1_190' title='bbox 624 3265 824 3352; x_wconf 77' lang='lat' dir='ltr'><strong>communior</strong></span> <span class='ocrx_word' id='word_1_191' title='bbox 834 3286 1006 3352; x_wconf 87' lang='lat' dir='ltr'><strong>doctorum</strong></span> <span class='ocrx_word' id='word_1_192' title='bbox 1018 3293 1189 3356; x_wconf 76' lang='lat' dir='ltr'><strong>sententia,</strong></span> 
     </span>
     <span class='ocr_line' id='line_1_27' title="bbox 97 3399 1191 3486; baseline 0.007 -24"><span class='ocrx_word' id='word_1_193' title='bbox 97 3399 150 3466; x_wconf 89' lang='lat' dir='ltr'><strong>Sed</strong></span> <span class='ocrx_word' id='word_1_194' title='bbox 161 3409 265 3485; x_wconf 67' lang='lat' dir='ltr'><strong>prima</strong></span> <span class='ocrx_word' id='word_1_195' title='bbox 290 3403 473 3486; x_wconf 89' lang='lat' dir='ltr'><strong>opinionem</strong></span> <span class='ocrx_word' id='word_1_196' title='bbox 492 3418 582 3466; x_wconf 89' lang='lat' dir='ltr'><strong>suam</strong></span> <span class='ocrx_word' id='word_1_197' title='bbox 602 3400 683 3486; x_wconf 86' lang='lat' dir='ltr'><strong>juris</strong></span> <span class='ocrx_word' id='word_1_198' title='bbox 700 3401 783 3466; x_wconf 86' lang='lat' dir='ltr'><strong>sacri</strong></span> <span class='ocrx_word' id='word_1_199' title='bbox 802 3400 947 3467; x_wconf 83' lang='lat' dir='ltr'><strong>textibus</strong></span> <span class='ocrx_word' id='word_1_200' title='bbox 959 3423 1025 3468; x_wconf 92' lang='lat' dir='ltr'><strong>non</strong></span> <span class='ocrx_word' id='word_1_201' title='bbox 1040 3403 1191 3470; x_wconf 82' lang='lat' dir='ltr'><strong>tundant.</strong></span> 
     </span>
     <span class='ocr_line' id='line_1_28' title="bbox 99 3515 1194 3602; baseline 0.005 -21"><span class='ocrx_word' id='word_1_202' title='bbox 99 3515 226 3602; x_wconf 81' lang='lat' dir='ltr'><strong>illegant</strong></span> <span class='ocrx_word' id='word_1_203' title='bbox 240 3519 413 3584; x_wconf 86' lang='lat' dir='ltr'><strong>dumtaxat</strong></span> <span class='ocrx_word' id='word_1_204' title='bbox 430 3535 528 3582; x_wconf 88' lang='lat' dir='ltr'><strong>unam</strong></span> <span class='ocrx_word' id='word_1_205' title='bbox 545 3525 602 3581; x_wconf 91' lang='lat' dir='ltr'><strong>ant</strong></span> <span class='ocrx_word' id='word_1_206' title='bbox 616 3518 749 3582; x_wconf 89' lang='lat' dir='ltr'><strong>alteram</strong></span> <span class='ocrx_word' id='word_1_207' title='bbox 762 3517 844 3602; x_wconf 86' lang='lat' dir='ltr'><strong>juris</strong></span> <span class='ocrx_word' id='word_1_208' title='bbox 855 3517 873 3582; x_wconf 91' lang='lat' dir='ltr'>J</span> <span class='ocrx_word' id='word_1_209' title='bbox 876 3519 1046 3584; x_wconf 89' lang='lat' dir='ltr'><strong>ustinianei</strong></span> <span class='ocrx_word' id='word_1_210' title='bbox 1057 3519 1194 3602; x_wconf 85' lang='lat' dir='ltr'><strong>disposi-</strong></span> 
     </span>
     <span class='ocr_line' id='line_1_29' title="bbox 99 3635 1189 3726; baseline 0.004 -28"><span class='ocrx_word' id='word_1_211' title='bbox 99 3635 218 3722; x_wconf 81' lang='lat' dir='ltr'><strong>tionem3</strong></span> <span class='ocrx_word' id='word_1_212' title='bbox 233 3638 396 3722; x_wconf 85' lang='lat' dir='ltr'><strong>praecipue</strong></span> <span class='ocrx_word' id='word_1_213' title='bbox 408 3654 488 3701; x_wconf 80' lang='lat' dir='ltr'><strong>vero</strong></span> <span class='ocrx_word' id='word_1_214' title='bbox 505 3637 612 3720; x_wconf 83' lang='lat' dir='ltr'><strong>legem</strong></span> <span class='ocrx_word' id='word_1_215' title='bbox 626 3644 643 3702; x_wconf 91' lang='lat'><strong>7</strong></span> <span class='ocrx_word' id='word_1_216' title='bbox 658 3635 780 3701; x_wconf 91' lang='lat' dir='ltr'><strong>codicis</strong></span> <span class='ocrx_word' id='word_1_217' title='bbox 791 3637 854 3723; x_wconf 78' lang='lat' dir='ltr'><strong>(tit.</strong></span> <span class='ocrx_word' id='word_1_218' title='bbox 868 3640 906 3700; x_wconf 76' lang='lat' dir='ltr'><strong>rie</strong></span> <span class='ocrx_word' id='word_1_219' title='bbox 921 3638 1189 3726; x_wconf 72' lang='lat' dir='ltr'><strong>decusationibus),</strong></span> 
     </span>
     <span class='ocr_line' id='line_1_30' title="bbox 101 3753 1193 3835; baseline 0.005 -21"><span class='ocrx_word' id='word_1_220' title='bbox 101 3765 157 3831; x_wconf 72' lang='lat' dir='ltr'><strong>quae</strong></span> <span class='ocrx_word' id='word_1_221' title='bbox 170 3755 211 3818; x_wconf 87' lang='lat' dir='ltr'><strong>sic</strong></span> <span class='ocrx_word' id='word_1_222' title='bbox 219 3755 328 3820; x_wconf 89' lang='lat' dir='ltr'><strong>babet.</strong></span> <span class='ocrx_word' id='word_1_223' title='bbox 345 3758 392 3816; x_wconf 88' lang='lat' dir='ltr'><strong>Eo</strong></span> <span class='ocrx_word' id='word_1_224' title='bbox 406 3756 525 3833; x_wconf 81' lang='lat' dir='ltr'><strong>quidem</strong></span> <span class='ocrx_word' id='word_1_225' title='bbox 534 3773 600 3834; x_wconf 76' lang='lat' dir='ltr'><strong>pute</strong></span> <span class='ocrx_word' id='word_1_226' title='bbox 614 3773 668 3834; x_wconf 86' lang='lat' dir='ltr'><strong>per</strong></span> <span class='ocrx_word' id='word_1_227' title='bbox 682 3753 812 3833; x_wconf 66' lang='lat' dir='ltr'><strong>affinium</strong></span> <span class='ocrx_word' id='word_1_228' title='bbox 823 3756 1003 3835; x_wconf 78' lang='lat' dir='ltr'><strong>praesidibus</strong></span> <span class='ocrx_word' id='word_1_229' title='bbox 1012 3757 1193 3820; x_wconf 83' lang='lat' dir='ltr'><strong>denuntian-</strong></span> 
     </span>
     <span class='ocr_line' id='line_1_31' title="bbox 103 3871 1193 3950; baseline 0.009 -23"><span class='ocrx_word' id='word_1_230' title='bbox 103 3871 151 3946; x_wconf 84' lang='lat' dir='ltr'><strong>tur,</strong></span> <span class='ocrx_word' id='word_1_231' title='bbox 169 3877 241 3934; x_wconf 83' lang='lat' dir='ltr'><strong>eitra</strong></span> <span class='ocrx_word' id='word_1_232' title='bbox 259 3873 404 3934; x_wconf 86' lang='lat' dir='ltr'><strong>solemnia</strong></span> <span class='ocrx_word' id='word_1_233' title='bbox 425 3875 645 3931; x_wconf 73' lang='lat' dir='ltr'><strong>comisationem</strong></span> <span class='ocrx_word' id='word_1_234' title='bbox 655 3888 743 3950; x_wconf 88' lang='lat' dir='ltr'><strong>posse</strong></span> <span class='ocrx_word' id='word_1_235' title='bbox 764 3873 909 3950; x_wconf 82' lang='lat' dir='ltr'><strong>perpendi</strong></span> <span class='ocrx_word' id='word_1_236' title='bbox 925 3875 1109 3950; x_wconf 80' lang='lat' dir='ltr'><strong>ineopnitunt</strong></span> <span class='ocrx_word' id='word_1_237' title='bbox 1132 3893 1193 3937; x_wconf 85' lang='lat' dir='ltr'><strong>non</strong></span> 
     </span>
     <span class='ocr_line' id='line_1_32' title="bbox 37 3984 1192 4071; baseline 0.005 -23"><span class='ocrx_word' id='word_1_238' title='bbox 37 4035 38 4048; x_wconf 50' lang='lat'><em>2</em></span> <span class='ocrx_word' id='word_1_239' title='bbox 103 3991 146 4046; x_wconf 87' lang='lat' dir='ltr'><strong>est.</strong></span> <span class='ocrx_word' id='word_1_240' title='bbox 158 3985 349 4071; x_wconf 87' lang='lat' dir='ltr'><strong>Responderi</strong></span> <span class='ocrx_word' id='word_1_241' title='bbox 361 3993 471 4050; x_wconf 89' lang='lat' dir='ltr'><strong>autem</strong></span> <span class='ocrx_word' id='word_1_242' title='bbox 485 3993 604 4068; x_wconf 90' lang='lat' dir='ltr'><strong>potest,</strong></span> <span class='ocrx_word' id='word_1_243' title='bbox 616 4004 670 4050; x_wconf 92' lang='lat' dir='ltr'><strong>eas</strong></span> <span class='ocrx_word' id='word_1_244' title='bbox 681 4004 742 4068; x_wconf 93' lang='lat' dir='ltr'><strong>per</strong></span> <span class='ocrx_word' id='word_1_245' title='bbox 752 3984 1055 4068; x_wconf 90' lang='lat' dir='ltr'><strong>officialespnblicos</strong></span> <span class='ocrx_word' id='word_1_246' title='bbox 1066 3987 1192 4054; x_wconf 91' lang='lat' dir='ltr'><strong>denun-</strong></span> 
     </span>
     <span class='ocr_line' id='line_1_33' title="bbox 38 4095 1192 4186; baseline 0.006 -25"><span class='ocrx_word' id='word_1_247' title='bbox 38 4101 39 4130; x_wconf 63' lang='lat'><strong>³</strong></span> <span class='ocrx_word' id='word_1_248' title='bbox 104 4095 229 4166; x_wconf 86' lang='lat' dir='ltr'><strong>tiationes</strong></span> <span class='ocrx_word' id='word_1_249' title='bbox 245 4102 412 4167; x_wconf 87' lang='lat' dir='ltr'><strong>restrictas</strong></span> <span class='ocrx_word' id='word_1_250' title='bbox 436 4099 533 4166; x_wconf 85' lang='lat' dir='ltr'><strong>faisse</strong></span> <span class='ocrx_word' id='word_1_251' title='bbox 545 4098 589 4164; x_wconf 89' lang='lat' dir='ltr'><strong>ad</strong></span> <span class='ocrx_word' id='word_1_252' title='bbox 605 4098 776 4183; x_wconf 90' lang='lat' dir='ltr'><strong>quamdam</strong></span> <span class='ocrx_word' id='word_1_253' title='bbox 796 4101 979 4183; x_wconf 83' lang='lat' dir='ltr'><strong>graviorum</strong></span> <span class='ocrx_word' id='word_1_254' title='bbox 998 4102 1192 4186; x_wconf 62' lang='lat' dir='ltr'><strong>flagitiorum</strong></span> 
     </span>
     <span class='ocr_line' id='line_1_34' title="bbox 104 4215 1193 4302; baseline 0.007 -28"><span class='ocrx_word' id='word_1_255' title='bbox 104 4216 238 4296; x_wconf 89' lang='lat' dir='ltr'><strong>speciem,</strong></span> <span class='ocrx_word' id='word_1_256' title='bbox 268 4237 340 4302; x_wconf 82' lang='lat' dir='ltr'><strong>qua</strong></span> <span class='ocrx_word' id='word_1_257' title='bbox 368 4216 555 4299; x_wconf 74' lang='lat' dir='ltr'><strong>reipublicae</strong></span> <span class='ocrx_word' id='word_1_258' title='bbox 581 4217 849 4299; x_wconf 88' lang='lat' dir='ltr'><strong>tranquillitatem</strong></span> <span class='ocrx_word' id='word_1_259' title='bbox 876 4217 909 4280; x_wconf 92' lang='lat' dir='ltr'><strong>in</strong></span> <span class='ocrx_word' id='word_1_260' title='bbox 935 4215 1108 4283; x_wconf 89' lang='lat' dir='ltr'><strong>discrimen</strong></span> <span class='ocrx_word' id='word_1_261' title='bbox 1136 4217 1193 4282; x_wconf 89' lang='lat' dir='ltr'><strong>ad·</strong></span> 
     </span>
     <span class='ocr_line' id='line_1_35' title="bbox 105 4322 1193 4419; baseline 0.002 -27"><span class='ocrx_word' id='word_1_262' title='bbox 105 4322 237 4397; x_wconf 68' lang='lat' dir='ltr'><strong>inunt.</strong></span> <span class='ocrx_word' id='word_1_263' title='bbox 259 4355 276 4395; x_wconf 81' lang='lat' dir='ltr'><strong>a</strong></span> <span class='ocrx_word' id='word_1_264' title='bbox 295 4331 386 4398; x_wconf 89' lang='lat' dir='ltr'><strong>Ordo</strong></span> <span class='ocrx_word' id='word_1_265' title='bbox 402 4331 616 4416; x_wconf 88' lang='lat' dir='ltr'><strong>inquisitionis</strong></span> <span class='ocrx_word' id='word_1_266' title='bbox 626 4331 715 4414; x_wconf 91' lang='lat' dir='ltr'><strong>apud</strong></span> <span class='ocrx_word' id='word_1_267' title='bbox 727 4331 887 4397; x_wconf 77' lang='lat' dir='ltr'><strong>Romanos</strong></span> <span class='ocrx_word' id='word_1_268' title='bbox 900 4333 957 4419; x_wconf 80' lang='lat' dir='ltr'><strong>(ait</strong></span> <span class='ocrx_word' id='word_1_269' title='bbox 970 4332 1142 4408; x_wconf 87' lang='lat' dir='ltr'><strong>Ganzalez,</strong></span> <span class='ocrx_word' id='word_1_270' title='bbox 1160 4335 1193 4394; x_wconf 89' lang='lat' dir='ltr'><strong>in</strong></span> 
     </span>
    </p>
   </div>
   <div class='ocr_carea' id='block_1_3' title="bbox 108 4443 1194 4616">
    <p class='ocr_par' dir='ltr' id='par_1_6' title="bbox 108 4443 1194 4616">
     <span class='ocr_line' id='line_1_36' title="bbox 108 4443 1194 4532; baseline 0.004 -26"><span class='ocrx_word' id='word_1_271' title='bbox 108 4443 174 4508; x_wconf 79' lang='lat' dir='ltr'><strong>stit.</strong></span> <span class='ocrx_word' id='word_1_272' title='bbox 193 4451 221 4526; x_wconf 91' lang='lat' dir='ltr'><strong>l,</strong></span> <span class='ocrx_word' id='word_1_273' title='bbox 236 4449 292 4514; x_wconf 91' lang='lat' dir='ltr'><strong>lib.</strong></span> <span class='ocrx_word' id='word_1_274' title='bbox 308 4451 327 4514; x_wconf 85' lang='lat'>5</span> <span class='ocrx_word' id='word_1_275' title='bbox 345 4448 454 4526; x_wconf 74' lang='lat' dir='ltr'><strong>decr,</strong></span> <span class='ocrx_word' id='word_1_276' title='bbox 465 4467 498 4512; x_wconf 93' lang='lat' dir='ltr'><strong>n.</strong></span> <span class='ocrx_word' id='word_1_277' title='bbox 515 4444 547 4532; x_wconf 84' lang='lat'><strong>9)</strong></span> <span class='ocrx_word' id='word_1_278' title='bbox 565 4447 639 4513; x_wconf 89' lang='lat' dir='ltr'><strong>talis</strong></span> <span class='ocrx_word' id='word_1_279' title='bbox 650 4454 722 4513; x_wconf 87' lang='lat' dir='ltr'><strong>erat</strong></span> <span class='ocrx_word' id='word_1_280' title='bbox 741 4468 747 4512; x_wconf 94' lang='lat'><strong>:</strong></span> <span class='ocrx_word' id='word_1_281' title='bbox 769 4445 963 4525; x_wconf 86' lang='lat' dir='ltr'><strong>Irenarcbae,</strong></span> <span class='ocrx_word' id='word_1_282' title='bbox 982 4447 1117 4524; x_wconf 74' lang='lat' dir='ltr'><strong>Curioni,</strong></span> <span class='ocrx_word' id='word_1_283' title='bbox 1133 4463 1194 4510; x_wconf 88' lang='lat' dir='ltr'><strong>seu</strong></span> 
     </span>
     <span class='ocr_line' id='line_1_37' title="bbox 228 4559 1076 4616; baseline 0.001 -1"><span class='ocrx_word' id='word_1_284' title='bbox 228 4561 257 4615; x_wconf 92' lang='lat' dir='ltr'><strong>ll.</strong></span> <span class='ocrx_word' id='word_1_285' title='bbox 930 4559 936 4568; x_wconf 87' lang='lat'><em>&#39;</em></span> <span class='ocrx_word' id='word_1_286' title='bbox 1057 4561 1076 4616; x_wconf 79' lang='grc'><strong>6</strong></span> 
     </span>
    </p>
   </div>
   <div class='ocr_carea' id='block_1_4' title="bbox 1412 639 1415 716">
    <p class='ocr_par' dir='ltr' id='par_1_7' title="bbox 1412 639 1416 742">
     <span class='ocr_line' id='line_1_38' title="bbox 1412 639 1415 716; baseline 0 26"><span class='ocrx_word' id='word_1_287' title='bbox 1412 639 1415 716; x_wconf 78' lang='lat' dir='ltr'><strong>t</strong></span> 
     </span>
    </p>
   </div>
   <div class='ocr_carea' id='block_1_5' title="bbox 0 0 1484 5122">
    <p class='ocr_par' dir='ltr' id='par_1_8' title="bbox 0 0 1484 5122">
     <span class='ocr_line' id='line_1_39' title="bbox 0 0 1484 5122; baseline 0 0"><span class='ocrx_word' id='word_1_288' title='bbox 0 0 1484 5122; x_wconf 95' lang='lat' dir='ltr'><strong> </strong></span> 
     </span>
    </p>
   </div>
  </div>
 </body>
</html>
