2948 5126
551 394 632 446 rans
653 397 813 446 sacroue.
906 387 911 396 '
1213 381 1232 444 5

129 521 222 587 «Hoc
237 522 321 588 enim
336 518 492 588 differunt
509 530 680 588 accusator
698 528 732 588 et
748 523 885 606 simplex
904 523 1125 600 denuntiator,
1146 523 1235 608 quod

128 637 335 704 «accusatori
351 637 508 704 incumbit
523 655 605 703 onus
620 637 796 723 probandi;
817 639 1038 708 denuntiaturi
1050 639 1193 706 minime.
1217 659 1234 699 n

127 749 270 836 (lessius,
286 749 328 818 de
339 755 469 816 lustitia
479 760 509 817 et
515 758 598 837 jure,
622 753 680 820 lib.
700 755 731 832 2,
750 773 821 838 cap.
839 755 892 833 29,
912 753 992 822 dub.
1015 757 1066 832 12,
1087 763 1134 820 ns
1146 752 1235 844 103.)

164 869 385 936 Determiuata
398 876 507 938 autem
530 869 686 955 praedicto
698 870 795 941 modo
805 873 1017 940 accusationis
1025 873 1137 940 stricte
1150 893 1237 940 sum·

123 992 181 1069 ptae
193 979 336 1065 nodone,
354 987 449 1054 facilc
465 989 588 1074 poterit
603 996 695 1056 recta
708 987 857 1075 ejusdem
865 990 1050 1058 concinnari
1060 986 1205 1056 delinitio
1224 1013 1232 1057 ε

122 1117 267 1166 accusare
281 1101 403 1170 scilicet
417 1102 451 1168 in
469 1121 565 1170 sensu
577 1101 660 1188 juris
674 1111 736 1182 est,
753 1107 884 1188 aliquem
902 1106 1062 1187 deliquisse
1068 1106 1171 1186 jaadici
1186 1107 1235 1184 uf-

121 1215 249 1298 tlrmcre,
267 1220 310 1284 ad
318 1221 473 1302 publicam
488 1223 664 1302 uindictam,
682 1228 712 1286 et
725 1223 1034 1304 assumptoprabaadi
1046 1239 1143 1286 caere.

666 1472 708 1536 ΙΙ.

179 1692 348 1744 condatense
362 1706 379 1743 c
386 1693 451 1758 jura
462 1693 591 1760 eapuuita
603 1695 632 1744 tu
641 1694 719 1746 modo
733 1695 790 1760 ipsc
803 1695 996 1746 accurationem
1004 1696 1179 1760 perpaucum.

157 1922 269 1989 Parus
280 1937 450 1994 nouorrlo.
464 1959 510 1972 -
521 1923 613 1986 Debet
627 1927 777 1988 accusatio
789 1927 917 2006 propoai
929 1926 1093 2006 inscriptis,
1111 1941 1162 1986 seu
1173 1941 1231 2006 per

117 2039 254 2102 libellum.
279 2075 324 2086 -
342 2037 474 2104 Constat
491 2038 547 2104 illa
565 2037 727 2122 generalis
743 2037 858 2122 regula
879 2058 921 2102 ex
936 2056 1058 2104 canone
1073 2041 1232 2104 deaucto-

117 2173 177 2216 ruu
195 2153 239 2241 (1,
254 2153 442 2238 quaestionis
458 2157 489 2232 8,
508 2172 610 2220 causae
625 2151 657 2239 2)
674 2175 681 2219 :
698 2157 1054 2238 decoctorumpersoare
1070 2174 1224 2236 uunquam

110 2276 295 2354 ,recipiuntur
310 2277 374 2336 siue
391 2278 514 2353 scripto.
533 2271 666 2338 Constat
676 2272 810 2355 insuper
821 2290 862 2337 ex
874 2271 949 2355 lege
964 2273 983 2336 J
985 2271 1164 2338 ustinianea
1180 2277 1230 2338 Li-

115 2388 251 2452 lellorum
270 2387 313 2474 (3,
334 2387 423 2454 tituli
435 2389 466 2466 2,
484 2387 562 2453 libri
576 2389 618 2456 48
629 2384 857 2472 digestoruml:
875 2391 1043 2452 libellorum
1061 2394 1231 2472 inscriptio·

114 2509 157 2566 ais
168 2511 320 2588 coarceptia
332 2508 482 2582 catiseru,
499 2512 555 2569 etc.
573 2505 651 2586 Quae
667 2505 769 2571 verba
785 2512 973 2589 supponunt
990 2504 1228 2572 accusationem

114 2636 172 2684 non
184 2636 282 2703 posse
297 2616 369 2685 fieri
379 2620 440 2684 nisi
454 2638 515 2702 per
530 2622 674 2699 libellum,
692 2640 730 2686 ac
744 2618 882 2705 proinde
893 2620 955 2684 nisi
965 2620 999 2684 in
1012 2620 1150 2704 scriptis.
1164 2620 1227 2684 Pa-

113 2733 186 2799 titur
203 2742 316 2802 tameu
344 2736 504 2820 generalis
538 2734 605 2801 baec
635 2735 750 2820 regula
780 2734 945 2821 duplicem
976 2733 1221 2801 limitationem:

14 2937 15 2940 Ἴ
116 2852 144 2914 1⁰
156 2871 196 2919 ex
210 2851 357 2936 generali
375 2851 611 2919 consuetudine
630 2859 738 2938 potest
756 2851 918 2918 accusatio
936 2850 1009 2917 deri
1022 2857 1177 2916 oretenus
1191 2857 1225 2918 et

14 2967 15 2984 ³
112 2965 173 3032 aine
191 2968 368 3051 scriptura,
383 2970 542 3032 dummodo
554 2988 611 3051 per
629 2973 781 3032 actorium
792 2971 840 3032 uel
849 2969 1177 3050 actuariumpublicum
1190 2973 1223 3032 ia

111 3088 225 3166 scriptis
244 3086 414 3165 redipatur.
434 3084 484 3150 lta
502 3089 615 3150 tenent
631 3083 801 3149 canonistas
819 3083 1034 3148 communiter
1047 3087 1086 3145 ut
1108 3080 1222 3148 videre

14 3209 15 3232 ¹
111 3198 254 3283 estapud
267 3197 477 3294 Rcillenstuel
497 3199 540 3286 (in
553 3200 605 3264 tit.
626 3203 656 3278 1,
674 3198 750 3264 libri
769 3201 788 3264 5
807 3197 948 3275 decret,
971 3218 1004 3262 n.
1017 3193 1063 3281 6),
1080 3205 1115 3264 et
1128 3197 1218 3277 alios,

111 3315 161 3382 ubi
173 3318 309 3384 titulum
321 3319 353 3394 2,
370 3316 446 3382 libri
456 3317 560 3402 quinti
568 3316 782 3384 decretalium
792 3315 1030 3383 commentariis
1042 3315 1217 3380 illustrant.

112 3432 176 3498 Ilici
188 3442 300 3500 autem
318 3432 464 3498 absolute
481 3441 591 3516 posset
605 3431 641 3498 id
665 3451 729 3498 non
752 3451 821 3498 esse
838 3431 1063 3516 exceptionem
1083 3428 1126 3494 ad
1138 3448 1222 3516 prae-

14 3591 15 3612 t
112 3552 231 3618 missam
246 3550 431 3636 generalem
444 3550 601 3633 regulam,
618 3568 692 3614 oum
707 3550 804 3615 etiam
819 3549 852 3613 in
861 3547 923 3613 hoe
934 3566 1010 3614 casu
1023 3548 1220 3614 interveniat

14 3674 15 3689 ¹
109 3675 215 3751 scripta
240 3673 401 3746 accusatio,
420 3664 509 3751 quod
524 3664 628 3730 solum
657 3666 826 3749 requirere
851 3663 1012 3729 videntur.
1021 3664 1111 3730 citati
1134 3662 1218 3748 juris

14 3803 15 3874 3
109 3788 222 3850 textus.
245 3785 280 3848 2⁰
299 3783 336 3848 Iu
357 3780 536 3848 levioribus
554 3778 744 3845 criminibus
763 3797 893 3844 necesse
909 3799 974 3846 non
992 3785 1042 3844 est
1064 3765 1217 3864 scriptam

109 3898 244 3979 proferri
258 3899 507 3974 accusationem,
529 3897 661 3962 Constat
677 3915 717 3960 ex
731 3914 771 3961 eo
786 3895 875 3986 quod
891 3895 966 3961 talia
985 3895 1116 3960 erimina
1129 3893 1218 3980 judi·

14 3990 15 4013 ¹
108 4015 170 4080 cari
190 4013 334 4082 debeant
350 4017 387 4079 dc
410 4017 517 4098 picae,
538 4013 634 4092 idest,
652 4032 717 4079 non
743 4019 872 4080 servato
894 4012 1065 4098 judiciario
1088 4011 1213 4090 ordine,

14 4127 15 4130 ’
107 4140 200 4212 prout
224 4132 367 4198 sancitur
386 4132 460 4215 lege
482 4135 574 4196 Lecta
602 4129 645 4217 (6,
667 4131 718 4195 tit.
748 4133 779 4209 2,
797 4129 873 4197 libri
886 4133 928 4196 48
943 4125 1212 4217 ριιιᾱοιιιιιιιιι);

14 4223 15 4286 3
106 4251 194 4312 Levia
220 4254 348 4313 crimina
364 4250 471 4314 audire
488 4255 517 4312 et
534 4251 681 4312 discutere
698 4251 735 4312 de
752 4251 847 4332 pleae
859 4250 1063 4333 proconsulem
1077 4253 1191 4328 oportet
1198 4269 1214 4326 ,·

14 4459 15 4468 ἵ
107 4381 173 4447 quae
188 4364 244 4432 lex
257 4364 374 4452 injure
389 4364 541 4434 canonico
554 4363 681 4454 (rrtpote
691 4365 724 4436 iu
742 4363 804 4438 hoc
814 4383 878 4436 non
892 4359 1065 4454 contrario)
1081 4368 1215 4454 recepta

14 4511 15 4516 1
107 4480 265 4551 censenda
283 4489 344 4552 cst.
