2930 5114
244 349 307 417 590
578 353 766 416 rmernn'vs
788 367 832 416 nn
855 367 1003 417 runicus.

241 500 340 577 ipsum
359 495 540 557 absolvimus
562 498 600 557 ab
621 501 702 558 omni
723 497 927 559 observatione
936 497 1061 577 judieii.
1081 498 1132 557 Ito
1148 495 1200 558 noc
1216 503 1244 558 et
1271 503 1354 558 muni

239 612 358 674 meliori
381 613 478 674 modo.
505 615 595 691 lain
622 613 699 674 tecta
725 618 754 675 et
779 614 934 694 mdiruatu
959 615 1030 692 suit,
1054 613 1160 691 die...,
1184 617 1350 691 nnnsis...,

239 734 371 807 anni...,
401 733 489 792 in...
525 732 577 793 Ita
598 734 864 811 pronuntiavimus
887 750 944 812 pro
973 732 1121 793 tribunati
1146 719 1290 794 sedentes.
1313 765 1357 777 -

239 849 294 922 Ν.,
317 848 456 909 Vivarius
473 847 632 926 veneratis.
652 883 697 893 -
712 849 768 925 Ν.,
788 851 953 910 actuarius.
975 867 990 906 n

682 1130 815 1196 CAPUT
838 1132 889 1195 Ll.

277 1397 390 1445 FORMA
412 1397 595 1446 SENTENTIAE
616 1399 847 1448 maneremus
868 1401 941 1459 uui,
968 1400 1010 1446 ΕΤ
1032 1399 1320 1450 consummemur

674 1516 902 1566 nocusuuoum.

285 1813 295 1841 ι
327 1785 363 1848 In
388 1791 505 1848 mmim
529 1786 574 1872 (et
592 1783 716 1872 relique
740 1793 777 1850 ut
800 1785 960 1869 superiori
985 1785 1090 1869 cupite
1116 1787 1169 1864 50,
1188 1804 1294 1872 usque
1313 1785 1354 1852 ud

237 1901 338 1968 serbo
351 1906 479 1966 dicimus
491 1907 619 1985 pariter,
637 1918 695 1986 pro
708 1903 824 1988 quibus
835 1905 880 1968 sie
894 1900 1044 1986 ponatur)
1063 1925 1070 1968 :
1086 1907 1224 1967 Dicimus
1234 1912 1353 1986 pariter

235 2003 389 2081 dominum
398 2019 427 2083 N
430 2068 452 2097 .,
471 2029 683 2099 accusatorem,
700 2018 839 2100 defecisse
851 2025 884 2082 in
895 2019 1060 2100 probando,
1081 2039 1112 2082 se
1126 2037 1187 2084 non
1201 2036 1354 2082 accusasse

235 2136 304 2198 doio
326 2137 406 2197 malo
427 2142 481 2198 aut
502 2138 710 2199 calumniandi
732 2141 854 2214 auimo,
877 2141 938 2198 imo
955 2138 1116 2216 maiatum
1139 2125 1295 2199 removere
1316 2157 1353 2199 ea

234 2269 317 2312 mera
335 2253 455 2313 matitia
473 2258 503 2314 et
523 2271 562 2315 en
578 2257 678 2314 animo
698 2254 823 2314 nmcudi
844 2252 882 2314 ab
904 2257 968 2333 ipso
986 2258 1159 2314 accusatum
1180 2255 1276 2332 fuisse
1301 2255 1352 2317 do

233 2372 348 2430 minum
367 2372 406 2433 Ν.
426 2371 463 2432 de
481 2370 601 2448 delicto,
624 2372 702 2450 quod
727 2374 790 2450 ipse
810 2375 969 2434 armentar
997 2371 1108 2431 sciebat
1137 2371 1250 2449 salsum
1277 2389 1348 2433 esse.

234 2487 366 2548 Proinde
400 2488 513 2550 dictum
546 2490 699 2550 dominum
726 2489 781 2564 Ν.,
812 2493 1022 2562 accusatorem,
1051 2488 1283 2548 condemnamus
1312 2488 1352 2550 ad

232 2619 349 2681 punam
362 2604 519 2666 calumnia
533 2608 655 2666 crimini
665 2607 761 2684 jocata
775 2622 873 2671 sacros
897 2622 1022 2667 canones
1039 2605 1234 2683 candianum,
1249 2623 1351 2684 nempe

236 2717 282 2802 (et
298 2715 344 2780 ibi
367 2716 605 2783 determinetur
629 2731 738 2801 poena.
765 2718 796 2781 Si
816 2736 894 2784 vero
910 2718 986 2782 elias
1006 2717 1224 2782 calumniatus
1242 2720 1295 2796 sit,
1317 2727 1351 2784 et

233 2831 309 2899 ideo
328 2853 425 2917 poena
443 2835 554 2918 augeri
573 2833 704 2912 debeat,
727 2842 799 2918 post
818 2833 920 2900 verbo
939 2837 1051 2914 falsvm
1069 2855 1142 2914 csse,
1166 2831 1318 2916 ponatur)
1339 2855 1346 2897 :

232 2953 274 3013 Et
296 2955 367 3032 quie
387 2957 504 3034 pariter
527 2957 644 3015 constat
665 2955 846 3034 pradictum
868 2953 1021 3014 domiuum
1045 2955 1100 3030 N.,
1126 2957 1343 3030 accusatorem,

232 3069 311 3132 otios
333 3073 475 3132 similiter
494 3073 674 3133 calumniose
688 3089 851 3148 accusasse,
870 3071 996 3132 dicimus
1007 3087 1138 3149 panorm
1160 3087 1247 3149 quum
1266 3087 1347 3130 secus

233 3189 436 3266 sustinuisset,
453 3207 513 3249 esse
529 3190 709 3269 vovendam.
734 3188 867 3250 Proinde
890 3189 987 3266 ipsum
1010 3187 1239 3248 condemnamus
1262 3188 1343 3250 ad...

237 3295 283 3386 (et
294 3300 340 3365 ibi
350 3303 552 3385 exprimatur
565 3323 673 3387 poene.
687 3301 717 3367 Si
730 3321 809 3368 vero
820 3301 936 3384 potius
953 3299 1115 3385 exaliqua
1129 3320 1235 3379 ceusu,
1250 3321 1345 3386 poenu

234 3407 409 3482 minuenda
424 3419 475 3497 sit,
492 3415 643 3503 ponatur)
663 3441 670 3484 ε
687 3423 729 3483 Et
747 3424 817 3499 quia
832 3423 950 3498 pariter
963 3409 1048 3480 nobis
1065 3423 1224 3483 constat...
1245 3417 1345 3503 (eiibi

234 3533 436 3616 exprimatur
451 3553 554 3618 poenae
571 3532 799 3600 imminuendis
814 3531 933 3617 ceusu),
952 3533 1018 3597 ideo
1042 3535 1170 3597 dicimus
1192 3535 1230 3597 de
1243 3553 1339 3614 poeroa,

233 3667 315 3712 serres
338 3657 400 3730 ipsi
429 3653 546 3731 debita,
572 3653 690 3734 aliquid
714 3673 774 3714 esse
805 3653 1050 3716 imminuendum.
1083 3653 1219 3714 Proinde
1247 3658 1343 3730 ipsum

232 3769 459 3830 corodemnamas
481 3771 578 3834 ad...
598 3773 649 3832 Ita
671 3767 724 3830 doc
744 3774 775 3830 et
792 3773 874 3830 omni
895 3767 1013 3830 meliori
1033 3767 1131 3831 modo.
1154 3769 1244 3845 Lata,
1269 3769 1341 3829 decta

231 3885 264 3942 et
277 3883 442 3963 publicata,
461 3887 566 3963 die...,
582 3890 747 3962 mmsis...‚
768 3885 897 3962 anni...,
918 3889 992 3946 in...
1015 3885 1066 3946 Ita
1080 3887 1340 3961 pronuntiavimus

230 4015 287 4076 pro
311 4003 459 4062 tribunati
484 4003 628 4067 sedentes.
646 4035 690 4049 --
710 4003 764 4079 Ν.,
786 4005 923 4064 Vivarius
950 4002 1110 4080 ¹veneratis.
1129 4037 1175 4047 —
1196 4003 1259 4081 Eoo
1282 4003 1334 4078 Ν.,

229 4122 426 4184 actuarius.»
