2914 5122
511 358 593 406 mus
613 353 775 406 mnium.
1138 329 1197 396 itt

142 488 164 556 l.
182 509 199 546 ι
214 487 293 550 sutis
312 485 465 550 convenit
486 484 576 550 inter
598 481 749 549 doctores
770 477 917 544 libellum
941 475 1087 542 oblutum
1102 470 1204 558 judioi

110 605 270 666 «emitari
285 620 378 686 posse
391 619 494 684 usque
510 599 553 668 ud
568 597 772 672 sententium,
784 593 903 660 refusis
915 601 1026 658 tumen
1037 590 1200 674 expensis,

110 732 180 784 ·roo
189 738 246 804 por
260 719 407 802 ineptum
420 717 566 786 libellum
579 714 756 782 onusutis...

139 835 177 900 ll.
200 864 212 887 α
230 836 278 900 De
291 839 459 898 mutatione
473 832 573 898 libelli
596 831 673 896 sutis
685 828 838 896 convenit
856 827 942 894 iuter
960 823 1115 890 doctores
1133 837 1203 888 eum

107 959 197 1018 eunte
216 951 486 1018 contestationem
505 949 572 1014 litis
594 947 698 1014 uetori
720 945 909 1030 permissam
927 962 1018 1025 esse;
1034 943 1079 1008 itu
1094 949 1204 1008 tumen

107 1073 161 1134 aut
174 1083 211 1134 eo
228 1085 305 1132 orsu
319 1085 378 1130 reo
393 1063 616 1130 conceduntur
629 1081 720 1128 novae
739 1060 876 1126 iudueiae
889 1058 932 1124 ud
953 1055 1204 1124 deliberandum

106 1189 155 1248 «et
163 1181 387 1248 instruendum
402 1197 437 1246 se
453 1180 579 1264 prolite
592 1179 703 1244 futuru
717 1200 724 1261 3
740 1177 815 1242 etsi
830 1175 981 1243 obtelem
993 1175 1203 1240 variationem

64 1353 66 1358 .
106 1299 260 1385 «majores
278 1299 388 1364 fuoero
406 1315 564 1380 expensus
584 1295 710 1372 debuit,
728 1295 758 1360 el
777 1293 845 1359 haee
862 1297 1154 1376 compensentur...

137 1418 188 1484 lll.
207 1418 283 1482 «Au
296 1416 396 1482 otium
413 1422 486 1498 post
502 1420 712 1480 eontentntum
724 1411 791 1497 jum
802 1412 893 1477 litern
909 1417 1037 1474 mutere
1054 1406 1204 1474 libellum

106 1532 227 1611 «licoat,
239 1540 486 1599 controversum
500 1536 549 1596 est
562 1531 648 1594 inter
658 1528 835 1594 doctores..
846 1555 872 1589 a·
890 1522 1201 1612 (Solimulzgrueben

102 1649 179 1716 iniit.
195 1652 226 1724 3,
244 1647 350 1715 libuit
368 1645 507 1722 decret,
527 1650 542 1724 5
562 1648 590 1721 l,
608 1640 726 1727 nit.)
802 1683 805 1692 ·

138 1769 221 1832 Noto.
241 1764 404 1833 Advertet
419 1764 524 1828 lector
540 1781 598 1828 nos
608 1763 640 1828 iu
653 1761 805 1846 praesenti
816 1760 922 1842 cupite
940 1763 1095 1824 truotnsso
1106 1754 1203 1822 simul

104 1879 139 1948 le
151 1881 259 1952 libello
273 1879 433 1948 e'n'nrinoli
448 1885 483 1943 ot
497 1877 603 1960 oii·ili;
620 1897 661 1942 ue
680 1862 804 1942 scilieet
819 1874 917 1951 inlru,
937 1872 1014 1939 dum
1032 1876 1147 1955 egetur
1161 1869 1203 1938 de

101 2009 199 2062 terme
212 2012 383 2081 processus
397 1995 498 2062 civilis
511 1992 730 2068 ecelesiastici,
750 1991 850 2056 multo
877 1989 1036 2054 inutiliter
1049 1994 1202 2071 repetere

101 2128 288 2195 cogeremur.

538 2377 672 2445 CAPUT
689 2379 746 2442 III.

349 2640 393 2697 bn
404 2645 609 2695 vlsmfflonn
628 2643 784 2692 CORPORIS
798 2643 942 2692 utentem.

134 2937 305 3006 criminalis
326 2955 497 3022 preeenus
519 2936 618 3002 telum
635 2934 872 3022 persequendo,
897 2943 971 3020 post
994 2934 1140 3003 delutum
1158 2937 1201 3004 ud

97 3053 224 3139 judicem
252 3054 407 3121 delictum
426 3055 504 3142 (sire
528 3072 590 3137 per
611 3052 758 3118 libellum
773 3053 1023 3132 uoeusutorium,
1047 3055 1115 3120 sive
1141 3073 1201 3140 per

98 3170 228 3240 libellum
261 3171 559 3247 denuntiator-ium,
588 3172 655 3234 sive
686 3187 747 3251 per
765 3169 883 3234 fumum
905 3167 1097 3254 publicum),
1124 3175 1199 3236 nut'e

99 3294 199 3355 uelem
220 3291 337 3368 omniu,
357 3287 500 3354 oeourrit
523 3283 671 3352 lueieudu
692 3291 824 3367 eorporis
847 3287 951 3350 delicti
964 3292 1111 3350 visitatio.
1130 3287 1200 3354 Hoc

99 3415 191 3473 eutem
221 3408 349 3474 nomine
374 3412 509 3471 vocetur
532 3401 709 3490 juridicum
744 3421 880 3469 examen
908 3403 950 3469 de
979 3405 1199 3472 muteriulibus

100 3525 244 3609 vestigiis,
268 3543 339 3610 quae
356 3542 396 3588 ex
413 3529 550 3620 putruto¹
564 3519 686 3584 delicto
700 3527 939 3596 remanserunt,
958 3526 992 3586 et
1018 3541 1058 3586 on
1080 3522 1197 3606 quihus

99 3649 230 3706 oonsture
256 3646 366 3725 potest
390 3637 546 3703 delictum
568 3655 682 3732 revera
702 3635 743 3700 uh
769 3636 993 3723 ulique—fuisso
1018 3645 1193 3720 petreium.

98 3753 127 3820 ln
153 3725 444 3842 quuorplanandu
468 3755 604 3819 moterlo
638 3753 742 3820 solent
774 3751 926 3820 doctores
953 3752 1197 3822 distinctionem

97 3875 278 3952 promittere
308 3873 504 3939 delictorum
530 3875 605 3952 souti
629 3877 841 3953 permanentis,
872 3870 906 3936 id
935 3871 995 3950 est,
1023 3890 1094 3957 quae
1126 3892 1199 3940 res·

96 3989 160 4076 rigia
187 4001 260 4075 post
289 4011 324 4058 se
348 3990 555 4076 relinquunt,
589 3993 623 4052 et
653 3985 851 4052 delictorum
879 3991 955 4068 sueto·
990 3996 1194 4073 transeuntis,

97 4123 155 4189 que
183 4109 315 4191 vestigio
348 4104 508 4191 ejusmodi
539 4123 649 4170 seeum
684 4123 749 4168 non
779 4101 924 4169 trahunt.
963 4103 1192 4186 Homicidium,

97 4222 300 4309 rontinentia,
319 4231 354 4289 et
376 4221 563 4288 incendium
585 4221 710 4299 domus,
731 4229 806 4287 sunt
830 4219 949 4287 delicta
970 4223 1050 4288 sueti
1067 4241 1196 4305 permu-

96 4340 197 4421 neutis‚
215 4343 290 4429 quin
311 4347 458 4407 remunet
484 4338 634 4416 ouduver,
660 4346 695 4404 et
716 4346 862 4404 ustorum
887 4338 1005 4405 oedium
1026 4339 1138 4404 ruinae.
1169 4339 1195 4406 ll

95 4463 194 4523 eontra
207 4457 342 4543 injurie,
367 4465 403 4523 et
421 4475 528 4524 sermo
551 4455 753 4534 heretioulin
777 4465 855 4523 sunt
874 4456 952 4524 luoti
974 4459 1192 4542 trumeuuiis;
1252 4448 1254 4452 ’
