2878 5114
522 359 601 408 PARS
624 359 783 408 SECUNDA.

101 849 206 898 tornulo
233 847 347 896 reserandi
373 846 396 894 in
421 851 473 894 octo
493 843 601 907 provinno
626 841 799 906 inquisitionem
818 839 943 903 juridicam
966 839 995 889 dc
1015 840 1075 889 iano
1098 839 1209 902 publicat.

145 1101 158 1133 n
182 1081 398 1157 Conseptenter
417 1077 496 1138 idem
513 1076 691 1137 reverendas
715 1077 853 1137 Vicorios
875 1076 1023 1156 poneretis
1043 1079 1150 1138 eitooit
1171 1073 1214 1138 od

99 1197 323 1279 componendam
339 1213 438 1256 corone
452 1212 493 1270 sc,
511 1195 561 1255 die
576 1195 594 1257 3
612 1195 718 1254 martii
726 1197 885 1273 proesentis
896 1197 981 1270 anni,
1000 1191 1140 1255 tanton
1152 1195 1183 1255 N
1185 1239 1207 1270 .‚

99 1321 126 1376 et
141 1315 329 1378 Sionistooot
347 1313 376 1375 N
380 1359 401 1389 .‚
421 1317 508 1374 testes
528 1329 567 1372 ea
591 1309 688 1388 officio
707 1317 885 1389 osseamptos.
905 1313 945 1371 Et
970 1327 1035 1371 mot
1061 1311 1143 1372 dioto
1162 1309 1212 1371 die

97 1434 309 1512 comparuisset
324 1429 450 1491 loeobos
469 1431 508 1491 N.
513 1474 523 1506 ,
541 1433 571 1488 et
581 1421 885 1508 priosjoroowntmo
901 1429 938 1490 de
948 1429 1075 1490 dicendo
1085 1431 1212 1490 veritate

94 1549 299 1627 praestitisset,
321 1547 473 1625 respondit
489 1550 523 1605 ot
538 1549 696 1623 seqnitur:

143 1681 159 1720 a
180 1664 230 1725 Ad
243 1661 413 1745 peneroiio:

143 1799 159 1837 n
181 1780 214 1841 l.
229 1780 436 1858 Interropatas
447 1796 457 1839 :
467 1779 610 1858 poomodo
623 1783 742 1840 coactor
751 1779 768 1838 2·
781 1811 826 1822 -
841 1776 1044 1856 Respondit...

142 1919 157 1954 o
172 1897 208 1959 2.
224 1898 432 1976 Interropotos
445 1899 548 1976 :cujas
561 1899 661 1957 etates
675 1897 812 1956 eoistot?
827 1927 873 1938 -
886 1893 1088 1972 Respondit...

142 2034 158 2070 a
176 2014 210 2076 3.
229 2014 436 2092 Interropotos
453 2030 463 2072 .·
477 2013 600 2074 abinoen
614 1983 728 2073 habitet
742 2015 771 2073 et
783 2029 802 2071 a
815 2013 926 2090 poento
943 2015 1072 2090 tempore
1081 2009 1096 2070 ?
1106 2043 1151 2055 -
1161 2011 1213 2072 Re-

96 2131 259 2210 spondit...

142 2268 159 2304 a
176 2246 211 2308 4.
230 2249 436 2327 Interropotos
452 2265 462 2307 :
475 2250 559 2328 cojns
577 2240 758 2308 conditionis
773 2247 821 2308 oet
841 2243 933 2324 officii
946 2246 1081 2306 eoistot?
1096 2277 1142 2290 —
1157 2245 1213 2305 Re·

97 2364 261 2443 spondit...
282 2361 377 2446 (Alios
393 2359 516 2426 addere
535 2360 655 2442 poterit
667 2358 768 2442 judex
790 2358 1059 2442 interrogationes
1076 2375 1212 2441 genera·

97 2476 162 2554 lec,
186 2476 221 2540 in
245 2476 332 2541 hunc
354 2477 454 2544 tinem
481 2483 517 2541 ut
534 2482 646 2560 pateat
668 2495 708 2540 an
727 2475 818 2541 testis
835 2474 930 2539 alicui
951 2472 1135 2558 exceptioni
1154 2473 1213 2539 ob·

97 2594 217 2660 nonius
236 2594 294 2672 sit,
314 2595 485 2660 autetiam
504 2595 635 2659 omnino
654 2593 745 2680 rejici
762 2589 908 2674 debeat.)

143 2733 159 2770 a
179 2712 230 2775 Ad
244 2714 407 2793 spectatio:

142 2849 158 2886 a
181 2829 452 2910 i.Interropotos:
465 2847 506 2890 on
523 2831 626 2892 cleriei
644 2829 749 2910 oppidi
764 2829 804 2890 N.
814 2829 883 2890 bene
896 2845 932 2888 oo
943 2827 1157 2918 exemplariter
1169 2831 1212 2889 oi·

95 2952 181 3024 cont,
203 2951 234 3008 et
247 2964 288 3009 on
302 2948 339 3009 de
354 2949 455 3026 ctione
468 2947 550 3008 moia
560 2949 643 3026 soma
661 2949 784 3027 vipeot?
793 2979 838 2990 -—
848 2946 1009 3025 Respondit
1023 2964 1033 3006 :
1045 2946 1082 3007 de
1091 2945 1211 3007 domino

95 3064 219 3126 Andreo
235 3065 274 3125 N.
293 3067 375 3142 vipet
387 3067 534 3124 nonsatis
548 3063 622 3125 bono
638 3065 732 3142 foeno.

143 3201 159 3237 a
180 3178 213 3242 2.
235 3181 442 3260 Interropotns
452 3199 462 3241 :
479 3178 578 3264 pactis
592 3181 921 3260 sarnai—Respondit
932 3199 942 3241 .·
956 3181 1071 3242 dicitnr
1083 3179 1120 3242 de
1134 3198 1207 3243 eo...

142 3298 211 3360 «3.
238 3300 444 3378 Interropotos
460 3317 470 3359 :
486 3304 553 3378 qais
577 3299 630 3361 doc
655 3299 738 3361 dieot
758 3299 795 3360 de
816 3299 869 3360 eo?
892 3299 1117 3379 —Respondit
1138 3317 1149 3359 .·
1167 3305 1211 3361 est

94 3417 261 3476 commanis
275 3415 390 3504 topteeio
401 3419 433 3477 in
444 3417 564 3496 oppido.

143 3551 161 3590 n
179 3529 433 3612 4.1nterropotns
448 3551 458 3592 :
470 3552 489 3594 o
500 3533 607 3612 naidas
617 3536 772 3612 sipnooter
783 3533 937 3595 audiverit
948 3535 963 3594 ,⁹
976 3569 1021 3579 -
1031 3534 1210 3612 Respondit:

97 3649 207 3711 andivi
224 3667 243 3710 a
262 3649 420 3711 (wilielmo
440 3651 575 3712 Romirio
596 3650 809 3728 barbitonsore,
835 3637 860 3710 o¹
872 3649 997 3730 losepdo
1011 3651 1041 3712 Ν
1043 3696 1050 3711 .
1066 3648 1213 3730 acopon&
1292 3725 1304 3742 ·

97 3769 126 3823 et
143 3781 164 3823 o
183 3765 334 3824 eomitissa
351 3764 388 3824 de
405 3763 503 3826 Coton
517 3769 550 3826 in
564 3768 649 3845 majos
666 3765 753 3825 donea
764 3764 876 3826 tabita.
1159 3741 1166 3757 ’

144 3899 160 3936 c
181 3880 212 3942 5.
235 3881 443 3960 Intermpotns
455 3899 465 3941 .·
481 3899 522 3942 on
534 3886 610 3943 seint
623 3881 671 3943 oet
686 3883 838 3944 audiverit
854 3879 907 3943 dos
922 3899 983 3942 esse
999 3883 1136 3943 inimicas
1152 3882 1210 3960 dif-

94 3997 232 4074 sociati?
246 4031 291 4042 -·
305 3999 507 4077 Respondit...

143 4133 161 4171 «
177 4113 210 4176 6.
229 4115 437 4193 Interropotos
447 4133 457 4175 :
473 4133 531 4194 qna
546 4121 695 4178 occasione
711 4117 758 4176 oet
775 4134 864 4195 apoc
882 4121 980 4177 ortam
999 4114 1136 4176 dotarii
1150 4113 1211 4175 doec

95 4229 179 4289 maio
191 4228 295 4307 samo?
310 4265 355 4274 —
369 4231 571 4311 Respondit...

142 4364 160 4402 a
178 4350 208 4407 7.
230 4347 437 4426 Interropotos
452 4366 462 4409 :
479 4354 618 4429 oponto
634 4355 762 4430 ternpore
776 4351 858 4412 dieto
872 4352 955 4429 foeno
966 4353 1027 4428 iam
1042 4353 1141 4430 vipeot
1151 4351 1210 4410 i·-

96 4462 299 4540 Respecto...
327 4481 344 4520 to
