2878 5114
232 355 296 418 452
578 365 766 414 amuranus
789 369 832 414 nn
854 365 1004 415 Juntcns.

229 493 315 562 adie
328 499 495 562 attentata
512 493 647 577 copula.
663 493 709 558 llx
729 491 822 575 praxi
843 499 954 558 autem
966 491 1117 556 Romanae
1133 491 1237 568 ouria,
1256 508 1327 554 eom

230 611 369 696 putaria
384 609 437 675 die
452 608 578 676 decreti
586 607 707 692 judicis
719 606 853 674 adnotat
864 606 1155 692 Sobmalzgrneber
1169 607 1210 692 (iu
1220 607 1268 672 tit.
1285 609 1326 684 15,
1416 629 1417 654 1

230 727 306 795 libri
323 728 341 791 4
357 724 498 804 decret,
517 745 550 790 u.
569 722 636 809 85).

274 848 365 910 Nota.
383 880 429 891 -
448 845 526 908 Tres
541 841 670 906 ultimas
688 841 881 926 quaestiones
905 842 1025 905 oursim
1039 840 1235 923 attingimus,
1250 857 1327 904 rece·

230 968 320 1046 ptam
354 959 570 1024 communiter
599 957 782 1024 doctrinam
812 955 1030 1042 exponendo,
1060 955 1279 1039 praetermissis
1298 953 1334 1020 ad

232 1076 303 1162 ejus
334 1076 559 1160 probationem
590 1073 814 1158 documentis3
849 1094 891 1140 ne
920 1074 1044 1140 soilioet
1068 1071 1228 1158 ejusmodi
1252 1080 1336 1138 mate

231 1193 285 1258 rim
311 1192 482 1276 plusquam
509 1208 641 1256 necesse
662 1196 713 1255 est
739 1191 1001 1256 immoraremur.
1020 1188 1126 1255 Facile
1151 1196 1255 1254 antem
1277 1207 1337 1272 sup
1416 1211 1418 1250 1

231 1309 324 1394 plere
337 1297 590 1390 leetorpoteritJ
606 1304 747 1390 legendo
763 1315 890 1390 septem
901 1307 1018 1390 capita,
1036 1304 1155 1391 quibus
1177 1311 1293 1371 constat
1304 1306 1337 1369 ti·

231 1426 320 1490 tnlus
349 1427 400 1502 15,
415 1423 490 1488 libri
516 1423 533 1487 4
556 1420 793 1507 decretalium3
823 1441 950 1488 necnon
972 1427 1071 1506 caput
1101 1423 1120 1485 4
1149 1428 1184 1486 et
1199 1428 1290 1503 eaput
1306 1421 1336 1484 14

232 1540 319 1606 tituli
342 1542 393 1617 19,
419 1539 494 1604 libri
518 1541 538 1602 2
567 1537 800 1622 decretalium
823 1547 856 1604 et
881 1539 1063 1603 canonistas
1086 1537 1258 1620 praefatum
1275 1537 1339 1600 titu-

233 1658 301 1722 lum
316 1659 367 1736 15,
384 1655 460 1721 libri
474 1656 507 1732 4,
524 1657 765 1721 commentariis
783 1655 997 1721 illustrantes.

275 1774 427 1854 Quasno
442 1779 487 1836 7⁸.
503 1809 549 1820 -
562 1774 644 1852 Quia
652 1773 823 1852 faciendam
833 1777 860 1834 si
872 1777 909 1851 is,
929 1773 964 1834 ob
978 1775 1062 1852 nujus
1077 1775 1282 1853 impotentiam
1291 1771 1342 1840 dis,

235 1893 366 1954 solutum
383 1897 427 1952 est
441 1894 678 1967 matrimonium,
696 1892 805 1952 danda
827 1891 914 1952 aliud
929 1891 1034 1952 ineat?
1054 1926 1099 1936 —
1114 1889 1177 1954 Vel
1192 1888 1234 1955 ob
1251 1885 1343 1953 relati·
1418 1881 1419 1896 ³

236 2025 310 2074 vam
328 2006 554 2090 impotentiam
571 2003 765 2071 dissolutum
783 2005 846 2070 fuit
865 2004 1118 2085 matrimonium,
1135 2005 1191 2070 vel
1205 2004 1246 2070 oh
1268 2003 1343 2070 abso

234 2125 371 2190 lutam:

281 2243 363 2306 Siob
386 2242 558 2319 relativam,
581 2238 669 2304 ualet
695 2237 875 2304 secuudum
904 2239 1166 2321 matrimonium
1199 2235 1343 2323 siquidem

237 2356 378 2438 primum
398 2372 516 2419 revera
529 2353 656 2418 nubum
676 2352 740 2417 fuit
756 2352 797 2418 ob
817 2354 989 2420 relativam
1012 2353 1247 2437 impotentiam,
1263 2368 1345 2438 quam
1419 2369 1420 2382 ¹

237 2470 318 2536 falso
344 2471 516 2554 allegatum
541 2467 640 2534 fuisse
666 2486 872 2554 nequaquam
893 2469 1012 2553 probat
1040 2468 1229 2536 seeundum
1252 2466 1346 2534 matri

237 2588 395 2659 monium.
938 2568 943 2584 ’

282 2707 317 2768 st
328 2704 362 2765 ab
376 2703 554 2779 absolutam,
575 2700 706 2766 irritum
727 2709 777 2766 est
803 2699 984 2766 secundum
1002 2699 1241 2767 matrimonium
1258 2719 1265 2762 :
1282 2714 1346 2762 nam

239 2818 293 2883 vel
311 2834 392 2882 vera
409 2816 472 2881 fuit
489 2815 680 2899 impotentia
704 2814 872 2900 absoluta;
890 2822 923 2882 et
940 2822 1020 2880 tuuc
1040 2823 1223 2900 permanet,
1241 2822 1273 2879 et
1284 2812 1347 2878 imi·

240 2943 310 2998 tum
322 2931 433 2998 reddit
451 2932 692 2998 matrimonium
707 2933 888 3015 posterius:
908 2932 962 2997 vel
977 2931 1057 2996 falsa
1069 2931 1144 3010 fuit,
1162 2939 1198 2996 et
1217 2937 1289 2994 tuno
1301 2947 1348 2992 va·
1420 2913 1421 2924 ¹

241 3051 289 3115 let
304 3049 396 3132 prius
414 3047 666 3124 matrimonium,
690 3066 727 3112 ao
746 3054 984 3131 consequenter
1007 3045 1116 3112 valide
1138 3045 1281 3112 oontrahi
1293 3059 1349 3108 nou

241 3165 349 3249 potuit
367 3164 542 3246 posterius,
560 3161 655 3230 Unde
679 3164 713 3227 iu
733 3162 794 3230 hoo
818 3182 894 3228 casu
919 3165 1082 3247 posterius
1107 3162 1346 3237 matrimonium,

242 3281 362 3366 absque
378 3280 443 3344 ulla
462 3280 559 3344 etiam
577 3277 780 3362 probatione,
800 3278 1128 3366 dissolvendumuest.

286 3397 318 3459 Si
332 3397 493 3479 posterius
507 3395 749 3459 matrimonium
764 3400 967 3460 contractum
979 3403 1030 3461 est
1042 3402 1173 3462 mortua
1184 3394 1249 3480 jam
1264 3390 1349 3478 priori

242 3531 357 3592 uxore,
374 3511 579 3576 nihilominus
597 3512 646 3576 vir
666 3511 718 3598 (ob
732 3509 826 3596 cujus
835 3512 1060 3595 impotentiam
1078 3510 1262 3578 absolutam
1275 3509 1350 3595 prius

246 3628 431 3714 conjugium
451 3628 594 3694 solutum
616 3627 689 3712 fuit)
709 3627 876 3712 prohiberi
901 3628 1003 3695 debet
1033 3649 1051 3693 a
1075 3627 1167 3696 dioto
1195 3619 1351 3712 posteriori

248 3747 420 3822 consortio,
447 3743 552 3812 donec
576 3745 768 3828 probaverit
790 3764 824 3810 se
844 3750 1014 3829 potentem
1033 3764 1117 3824 esse,
1136 3751 1172 3810 et
1190 3741 1351 3810 Ecclesiam

247 3861 345 3925 fnisse
367 3859 550 3943 deceptam.
573 3858 681 3946 (Vide
704 3859 1007 3945 Sobmalzgrneber,
1033 3863 1066 3925 in
1090 3861 1143 3926 tit.
1176 3863 1230 3940 ts,
1251 3851 1349 3924 libril

249 3975 390 4055 decret,
416 3995 449 4040 n.
466 3973 537 4060 92.)
882 4055 888 4064 ἱ
945 4037 954 4066 Ι,

293 4093 504 4172 Quasnam.
534 4125 577 4138 -
600 4094 681 4172 Quia
702 4095 861 4173 arandum,
881 4098 909 4157 si
936 4099 975 4172 is,
995 4094 1030 4154 ob
1056 4097 1141 4174 cujas
1166 4092 1353 4174 impotentiam

249 4211 428 4272 dissolutum
447 4213 491 4270 ast
508 4212 753 4288 matrimonium,
768 4217 875 4290 posteo
898 4213 1099 4290 comperiatur
1125 4211 1221 4289 fuisse
1240 4201 1354 4290 patant

250 4361 295 4372 —
308 4320 567 4389 Restanrandum
589 4329 640 4388 est
654 4324 893 4391 matrimonium
910 4322 1121 4402 dissolutum,
1139 4323 1267 4390 etiamsi
1284 4319 1354 4386 alter

252 4437 370 4522 conjux
390 4439 553 4504 transierit
578 4436 619 4502 ad
641 4458 739 4503 novas
759 4441 904 4524 nuptias;
935 4459 1006 4525 quae
1033 4457 1127 4504 novae
1153 4439 1271 4524 nuptia
1293 4449 1353 4498 cou-
