2836 5118
474 375 553 424 raas
576 371 734 424 secutos.
1113 333 1183 421 295'

85 503 187 570 notorii
203 501 400 589 pmcedcre;
416 501 451 566 i·
470 499 550 587 quid
573 499 683 567 iacere
699 499 800 584 'possit
818 503 878 565 ant
890 488 1013 565 debeat
1031 493 1140 583 judex
1146 495 1185 562 hi

83 617 128 685 ila
148 618 259 685 notorii
277 616 397 704 specie,
419 635 515 702 quem
538 615 708 684 constituit
726 613 943 762 deprehensio
968 609 1185 699 demquenm

82 734 109 797 in
124 734 272 818 thgmute
292 733 428 800 delicto.

588 960 656 1041 'il-
768 973 771 980 '

495 1183 555 1242 outd
574 1182 608 1234 tit
622 1185 750 1234 octonum.

116 1433 142 1494 l.
157 1427 343 1515 Dupliciter
357 1429 521 1496 notorium
536 1445 605 1496 esse
621 1433 731 1512 potest
747 1427 876 1513 aliquod
891 1425 1073 1494 delictum:
1090 1428 1185 1492 noto-

76 1546 209 1612 rietote'
197 1547 282 1632 puris
298 1554 333 1612 et
348 1546 437 1611 facti.

112 1665 141 1726 i.
159 1665 346 1728 Notonetote
364 1669 450 1746 juris
472 1661 630 1730 delictum
654 1661 817 1727 notorium
841 1657 974 1739 dicitur,
998 1658 1128 1746 quando
1144 1677 1186 1726 ex

74 1779 134 1862 ipso
153 1777 280 1864 judicio
297 1779 477 1843 notorietes
502 1775 544 1843 de
567 1794 607 1843 eo
630 1776 750 1843 delicto
773 1775 878 1841 oritur
896 1795 903 1842 ε
922 1776 1011 1861 quod
1024 1775 1063 1842 tit
1081 1775 1186 1859 tripli-¹

75 1895 146 1960 citer
163 1918 170 1960 :
189 1899 330 1960 «Primo
354 1912 416 1977 per
434 1899 644 1977 spontaneam
665 1891 901 1959 confessionem
916 1891 993 1970 net,
1009 1893 1043 1956 in
1063 1886 1186 1977 judicio

77 2007 214 2076 «iactam
236 2019 271 2076 et
290 2028 355 2076 nou
376 2017 563 2075 revocatam
581 2009 697 2096 (capite
722 2013 827 2072 Vestro
845 2012 876 2086 7,
896 2014 930 2073 et
947 2008 1053 2090 capite
1073 2005 1183 2084 finali,

76 2129 136 2189 ude
149 2125 266 2191 Coheb.
285 2129 357 2190 cler.
376 2133 404 2188 et
418 2124 513 2205 mul.;
533 2133 569 2191 et
590 2125 874 2209 capitecensum
891 2125 949 2202 ii,
970 2127 1008 2188 (te
1028 2125 1190 2188 Verborum

75 2240 349 2328 astqnificatione).
374 2245 519 2321 Secunde,
545 2258 607 2326 pet
632 2241 744 2326 plenas
767 2239 975 2326 probationes
997 2237 1182 2324 judiciales,

74 2379 86 2418 a
99 2359 207 2444 quales
226 2367 305 2424 sunt
326 2356 547 2443 depositiones
562 2355 704 2424 duorum
724 2355 861 2423 testium
883 2355 971 2422 omni
992 2355 1184 2438 exceptione

72 2475 270 2562 «majorum,
288 2482 322 2540 et
334 2477 588 2541 instrumentum
604 2474 772 2558 publicum
787 2473 984 2557 productum
998 2473 1031 2538 in
1047 2466 1179 2554 judicto

72 2592 222 2675 «quihus,
242 2589 329 2675 qood
344 2589 379 2655 in
393 2609 489 2656 causo
508 2591 697 2656 conclusum
714 2589 779 2674 jem
799 2589 858 2665 sit,
881 2587 1001 2671 opponi
1021 2583 1100 2651 nttn
1116 2602 1184 2651 cm-

71 2705 176 2790 nplius
194 2705 527 2792 potesttcopitecnn
544 2707 618 2770 otim
638 2707 748 2782 citato,
765 2711 798 2770 ct
812 2701 885 2788 lege
903 2701 993 2768 finali
1006 2721 1037 2768 c.
1055 2705 1092 2766 ote
1110 2699 1184 2766 Pro

70 2820 294 2906 sessionibus).
324 2827 425 2886 Tertio
448 2837 510 2904 per
534 2823 730 2887 sententium
761 2819 962 2886 definitivam
990 2816 1182 2885 condemna·

68 2937 207 3003 «teriam
225 2937 431 3020 adpotum,
450 2931 504 3003 vel
522 2932 771 3005 declaratoriem
788 2937 948 3016 criminis,
966 2955 1037 3022 quae
1054 2935 1181 3002 transiit

67 3071 80 3109 t
93 3051 125 3116 in
139 3069 211 3118 rem
227 3047 418 3137 judicatam.
442 3077 455 3110 a

105 3163 164 3233 ai.
182 3171 272 3232 Facti
286 3157 465 3230 notorietotc
479 3167 655 3246 notorium,
673 3175 724 3233 est
738 3165 827 3253 qnod
840 3159 1067 3250 perpetratum
1082 3169 1133 3232 est
1141 3167 1178 3233 ih

66 3285 190 3351 «oculis
208 3283 394 3362 homiuum,
411 3293 492 3369 pute
513 3285 615 3350 totius
633 3283 688 3349 vel
709 3281 838 3369 majoris
855 3283 958 3366 partis
979 3281 1115 3367 aiicujus
1130 3282 1179 3347 ri·

66 3402 188 3479 achim,
207 3397 382 3486 parochie,
400 3400 536 3484 cohegii
554 3407 634 3477 etc,
651 3405 689 3464 ut
702 3397 768 3464 ulle
783 3399 1052 3483 tergiversatione
1067 3397 1166 3466 celati

65 3519 142 3583 uvel
155 3518 272 3601 negari
286 3523 439 3602 nequeat.

104 3630 201 3698 alioc
217 3631 297 3696 fecti
312 3632 475 3698 notorium
491 3632 612 3715 triplex
628 3638 678 3698 est
693 3653 699 3698 :
715 3629 946 3716 permanentis,
963 3632 1173 3710 transeuntis,

65 3755 123 3813 aet
135 3745 339 3831 interpolati.
357 3743 526 3813 Notctium
548 3752 624 3828 facit
636 3754 844 3830 permanentis
859 3754 927 3826 est,
945 3746 1033 3833 quod
1047 3749 1176 3815 noterit

65 3883 78 3920 u
90 3881 122 3929 se
135 3859 272 3929 exhibet
285 3856 395 3937 ocutis,
410 3871 446 3927 et
460 3861 539 3929 iacti
553 3861 829 3929 continuationem
843 3863 952 3942 hebet,
966 3871 1005 3929 ut
1015 3861 1049 3930 id
1062 3863 1175 3933 videte

65 3991 202 4045 «omnes
217 3965 397 4063 possint...
412 3979 580 4046 Notorium
594 3985 670 4062 fecti
684 3969 869 4046 transeuntis
885 4000 943 4048 seu
958 3981 1177 4049 momentanei

64 4089 169 4162 «thud
187 4093 320 4173 dieitur,
342 4093 431 4184 quod
453 4095 487 4160 in
506 4105 683 4180 conspectu
701 4095 815 4182 populi
834 4099 949 4177 totius,
971 4099 1025 4164 vel
1043 4097 1175 4184 majoris

64 4209 173 4276 «itlius
187 4203 291 4296 pertis
306 4211 509 4278 commissum
529 4217 589 4291 est,
609 4219 643 4279 et
657 4222 718 4279 nec
735 4213 1008 4281 continuationem
1029 4230 1092 4280 nec
1112 4215 1175 4282 ite-³

64 4329 247 4395 cremonem
272 4325 349 4393 fatti
373 4325 472 4394 hehet
498 4349 505 4394 :
528 4327 623 4414 qutle
649 4335 699 4396 est
722 4329 926 4412 homicidium
952 4331 1115 4416 patratum
1137 4329 1172 4398 in

64 4441 196 4550 «pluteo
213 4425 354 4512 tutiore
369 4433 512 4531 publico.
532 4444 701 4516 Noto'rium
718 4445 861 4536 deniqne
885 4451 961 4532 [cett
981 4449 1168 4532 intttptteti,
