2914 5122
246 338 306 402 132
585 352 772 402 runcrnrus
792 355 838 402 ,uu
859 354 1008 404 sturmis.

239 477 315 544 laris
327 475 482 562 potestas)
497 475 605 544 media
619 477 661 544 ad
672 478 797 546 huncce
815 477 1192 546 obtinendumeffectum
1203 500 1210 544 :
1220 485 1356 544 secrete

239 611 358 677 nempe
374 593 573 684 hortationes
592 602 626 660 et
640 595 844 673 monitiones,
862 603 1042 679 perpetuus
1055 593 1294 679 predicationis
1311 596 1357 660 in-

188 697 189 700 *
237 709 356 787 fluxus,
375 708 417 775 ad
432 709 621 776 excitandos
638 711 842 780 conscientiae
859 711 1007 777 stimulos
1023 718 1057 778 et
1077 710 1290 778 reducendos
1308 731 1356 777 cr-

237 811 347 894 rantes
356 827 550 910 aptissimus.
570 826 648 907 Quae
668 827 694 892 si
708 827 828 893 effectu
847 835 989 906 careant,
1007 828 1195 911 permissive
1210 825 1358 892 sehabet

238 943 456 1008 ecclesiastica
474 949 628 1026 potestas,
651 950 687 1008 ut
701 944 821 1008 mulum
837 943 940 1029 majus
961 943 1097 1010 devitet.¹
1115 944 1220 1028 Atque
1236 963 1282 1026 ea,
1294 943 1358 1008 fuit

236 1077 367 1142 semper
386 1059 536 1137 Ecclesiae
558 1077 649 1124 mens
664 1067 699 1124 et
713 1061 832 1142 praxis,
850 1067 887 1125 ut
908 1058 1069 1144 ejusmodi
1090 1058 1221 1136 delicta,
1244 1059 1358 1142 paucis

235 1182 311 1238 nota
326 1179 360 1237 et
373 1174 499 1238 caeteris
518 1193 583 1239 non
596 1173 787 1257 periculosa,
807 1193 872 1239 non
890 1180 1044 1259 tunquam
1057 1177 1182 1253 delicta,
1207 1172 1268 1240 sed
1289 1181 1359 1238 tnn-

233 1307 329 1372 quam
351 1297 473 1372 peecata
506 1288 728 1372 haberentur;
753 1309 815 1354 nec
838 1289 976 1373 proinde
996 1289 1039 1355 ad
1055 1291 1164 1356 forum
1178 1297 1358 1356 externum

232 1404 455 1470 traherentur.
468 1403 507 1469 Id
520 1403 626 1486 palam
641 1403 766 1468 faciunt
782 1413 957 1489 sequentes
968 1404 1160 1484 decretales
1176 1405 1359 1492 quasinter

234 1518 336 1584 multa
351 1520 414 1584 alia
428 1516 590 1603 ejusmodi
611 1518 807 1584 documenta
836 1519 1000 1602 seligimus
1017 1543 1023 1586 :
1050 1544 1066 1582 a
1083 1521 1130 1586 Ex
1148 1526 1267 1585 tenore
1283 1525 1360 1586 tua-

234 1660 250 1700 «
265 1657 338 1703 rum
352 1639 538 1702 litterarum
557 1637 751 1720 accepimus,
774 1635 863 1722 quod
886 1639 924 1702 N.
947 1639 1084 1704 clericus
1101 1637 1183 1704 adeo
1198 1636 1356 1722 deliquit,

234 1753 359 1840 «quod
384 1756 411 1818 si
435 1762 605 1838 peceatum
631 1751 703 1838 ejus
731 1762 817 1819 esset
838 1755 1019 1838 publicum,
1047 1754 1294 1840 degradaretur
1319 1753 1359 1818 ab
1454 1725 1455 1750 ¹

232 1871 376 1940 cordine
390 1891 488 1956 quem
503 1872 656 1954 suscepit,
674 1871 860 1955 etamplius
882 1891 948 1936 nou
971 1881 1081 1956 posset
1098 1871 1141 1937 ad
1166 1871 1360 1954 superiores
1454 1959 1455 1966 ἵ

235 1987 398 2054 cardines
413 1987 610 2071 promoveri.
631 1987 755 2051 Verum
777 1987 929 2071 quoniam
953 1995 1123 2072 peccatum
1145 1989 1254 2070 ipsum
1285 1986 1360 2052 fore
1454 1967 1455 2004 ³

231 2103 429 2169 «occultum
444 2100 564 2179 dixisti,
585 2099 777 2168 mandamus
796 2111 959 2186 quatenus
983 2104 1207 2186 poeuitentiam
1237 2121 1256 2166 e
1284 2122 1364 2176 con,
1454 2079 1455 2118 ³

231 2241 248 2281 a
268 2219 396 2302 dignam
410 2218 564 2300 imponas,
580 2224 615 2282 et
631 2216 767 2282 suadeas
781 2225 819 2282 ut
830 2226 923 2300 parte
932 2219 1132 2302 poenitentiae
1145 2223 1294 2302 peracta,
1306 2238 1362 2294 ,or
1454 2231 1455 2236 ’

231 2357 247 2398 a
267 2334 341 2399 dine
358 2342 510 2417 suspecto
525 2339 648 2410 utatur,
668 2352 733 2417 quo
749 2341 922 2400 contentus
936 2333 1089 2411 existens,
1109 2333 1150 2398 td
1166 2333 1361 2418 superiores

232 2451 402 2533 «amplius
423 2470 488 2515 nou
505 2447 671 2514 ascendat.
691 2451 923 2514 Verumtamen
947 2449 1021 2534 qrria
1043 2455 1217 2532 peceatum
1242 2451 1359 2516 occul·
1454 2427 1455 2468 ἶ

232 2577 333 2652 atum
346 2575 406 2646 est,
425 2567 452 2630 si
470 2566 656 2651 promoveri
674 2565 826 2642 voluerit,
858 2584 933 2630 eum
958 2584 1023 2630 non
1042 2541 1145 2633 detes
1168 2565 1279 2649 aliqua
1309 2585 1361 2632 ra·

231 2710 248 2750 «
264 2687 351 2750 tione
361 2682 543 2768 prohibere.
558 2680 778 2769 otdlexauder
787 2682 844 2760 ili,
858 2700 930 2764 cap.
943 2683 976 2759 4,
989 2682 1040 2746 tit.
1054 2682 1085 2759 2,
1100 2680 1157 2746 lib.
1176 2682 1186 2745 l
1201 2679 1360 2748 decreta·

228 2801 332 2887 lium.)
354 2824 370 2863 a
383 2801 559 2882 Quaesitum
572 2805 623 2864 est
637 2797 679 2862 de
690 2796 915 2864 sacerdotibus
926 2797 979 2862 vel
989 2797 1058 2863 aliis
1077 2797 1204 2862 clericis
1217 2798 1277 2881 qui
1295 2817 1360 2882 per

233 2925 389 2983 creatum
403 2914 567 2992 adulterii,
580 2913 726 2999 perjurii,
744 2912 917 2991 homicidii,
938 2913 991 2979 vel
1001 2912 1072 2978 falsi
1084 2913 1277 2990 testimonii,
1296 2913 1358 2980 bo·

233 3051 342 3098 auum
356 3030 558 3097 conscientie
577 3034 676 3095 rectae
696 3025 954 3111 perdiderunt...
981 3026 1231 3112 Respondemus
1250 3027 1347 3114 quod

233 3150 292 3214 asi
307 3148 459 3232 probata,
480 3146 533 3210 vel
555 3145 631 3210 alias
656 3144 782 3210 notoria
803 3162 868 3209 non
893 3143 1037 3222 fuerint,
1063 3163 1128 3208 nou
1155 3142 1286 3208 debent
1318 3144 1354 3208 hi

233 3266 397 3353 atpraeter
418 3281 492 3327 reos
506 3257 678 3344 homicidii)
693 3266 769 3344 post
798 3259 1023 3341 paenitentiam
1048 3259 1081 3322 in
1094 3257 1161 3343 jam
1189 3259 1357 3342 susceptis

135 3360 147 3390 ⁸
233 3404 250 3444 a
266 3382 320 3449 vel
329 3375 540 3462 suscipiendis
553 3373 722 3440 ordinibus
730 3372 901 3458 impediri:
924 3375 979 3459 qui
993 3374 1021 3438 si
1033 3392 1095 3440 non
1116 3373 1352 3457 poeuituerint,

235 3493 421 3563 amonendi
448 3499 533 3569 sunt,
560 3497 593 3555 ct
622 3489 683 3554 sub
700 3490 960 3554 interminatione
992 3488 1094 3556 divini
1119 3486 1234 3574 judicii
1255 3487 1358 3555 obte-

235 3638 251 3676 a
268 3610 384 3688 standi,
400 3617 438 3674 ut
451 3609 484 3672 in
497 3607 717 3672 testimonium
734 3625 798 3670 suae
812 3604 1023 3672 damnationis
1037 3606 1069 3670 iu
1078 3605 1238 3688 susceptis
1251 3605 1358 3671 etiam

236 3755 252 3796 a
268 3728 438 3797 ordinibus
452 3744 516 3790 non
530 3724 725 3789 ministrent.
749 3744 766 3785 a
785 3723 974 3810 (Gregorius
990 3724 1044 3800 IX,
1064 3741 1123 3806 cap
1143 3724 1193 3801 17,
1215 3725 1254 3785 de
1265 3725 1358 3786 Tem-

232 3849 354 3929 poribus
369 3847 603 3920 ordinationum,
620 3848 650 3903 et
663 3843 813 3922 qualitate
828 3835 1092 3922 ordinandorum.)

281 3985 298 4025 a
323 3961 354 4025 Si
380 3958 532 4026 sacerdos
552 3956 632 4022 sciat
650 3975 711 4038 pro
735 3963 826 4021 certo
842 3956 983 4039 aliquem
1003 3973 1072 4019 esse
1093 3971 1188 4019 reum
1213 3951 1359 4038 alicujus

237 4105 252 4140 a
270 4078 419 4154 criminis
435 4076 490 4140 vel
508 4074 534 4138 si
545 4073 709 4138 confessus
729 4072 830 4136 fuerit
844 4079 879 4136 et
904 4069 1080 4138 emendare
1099 4069 1264 4152 noluerit;
1288 4071 1358 4136 nisi

236 4221 252 4260 a
268 4188 559 4280 judiciarioordine
573 4189 644 4272 qais
652 4187 791 4271 probare
804 4187 915 4269 possit,
932 4205 995 4249 non
1007 4184 1108 4250 debet
1121 4202 1197 4248 eum
1207 4203 1356 4268 arguere

236 4307 467 4382 «nominatim,
482 4303 542 4368 scd
565 4301 825 4368 indeterminate.
857 4302 946 4367 Sicut
974 4299 1056 4366 duit
1071 4299 1217 4364 Christus
1236 4320 1242 4363 ε
1263 4302 1356 4364 ilaus

235 4450 251 4490 a
266 4406 397 4492 uestrum
411 4441 457 4485 me
476 4423 646 4482 traditurus
661 4425 716 4480 est.
730 4414 793 4480 Sed
811 4418 837 4481 si
851 4417 905 4482 ille
920 4418 974 4480 cui
985 4415 1137 4480 damnum
1151 4415 1277 4479 illatum
1294 4423 1355 4482 est
