2948 5126
583 403 663 455 PARS
686 403 843 455 SECUNDA.
1142 409 1145 416 '
1252 403 1269 464 7

150 535 296 603 'cusando
310 535 418 600 arceri
441 551 506 599 non
528 527 674 616 expedit,
692 533 719 596 si
737 530 868 598 aliunde
883 515 1018 600 idoneas
1045 516 1087 601 de
1104 539 1272 606 commisso

148 649 273 720 delicto
296 646 506 736 probationes
524 645 648 715 afferat.
680 647 875 733 Respondeo
901 648 944 715 ad
965 653 1147 718 secundnm:
1170 654 1272 724 debet

149 761 286 850 quidem
295 757 367 828 dies
378 759 472 826 facta
483 761 694 826 accusationis
707 758 861 845 exprimi3
874 762 920 827 ita
933 761 1096 830 indicante
1118 765 1269 848 formula,

146 881 183 946 in
197 881 272 964 lege
285 871 466 944 Libellolnm
482 875 525 964 (3,
553 867 586 941 ff.
604 877 642 941 de
662 875 813 962 lemae.)
833 877 976 944 exhibita
1002 901 1009 944 :
1038 899 1079 945 au
1093 888 1205 949 autem
1233 902 1271 950 ea

148 996 334 1063 formalitas
353 993 394 1060 de
416 993 596 1059 substantia
610 994 821 1058 accusationis
836 993 1000 1062 censenda
1012 997 1064 1075 sit,
1085 997 1131 1063 ita
1147 1006 1184 1064 ut
1196 1000 1273 1068 alio-

147 1114 230 1199 quin
247 1112 397 1177 nullitate
411 1101 541 1177 laboret
563 1109 784 1175 accusatorius
805 1109 950 1189 libellus,
979 1131 1045 1179 nou
1070 1113 1273 1182 concordant

146 1228 281 1297 omnino
288 1226 452 1293 doctores.
460 1225 552 1312 (Vide
565 1224 864 1310 Schmalzgrucber,
877 1226 911 1291 in
921 1228 972 1293 tit.
989 1227 1086 1305 l‚lih.
1103 1227 1270 1311 5decret.,

146 1364 183 1410 n.
201 1342 271 1428 29).
287 1342 483 1429 Respondeo
498 1341 542 1409 ad
557 1349 702 1406 tertiam:
722 1360 788 1407 non
806 1361 877 1407 esse
892 1343 927 1407 in
941 1343 1054 1410 libello
1071 1348 1272 1414 accusatorio

146 1461 333 1528 necessario
340 1458 569 1545 apponendam
584 1459 835 1538 conclusionem,
853 1479 912 1525 seu
927 1478 1031 1544 poenae
1046 1461 1270 1531 determinata

146 1578 358 1662 petitionem,
377 1577 454 1662 poni
470 1584 580 1642 tamen
594 1593 689 1659 posse
711 1577 791 1660 quin
805 1577 942 1642 vitietur
957 1577 1098 1645 libellus.
1124 1581 1175 1646 lta
1197 1601 1271 1648 sen-

144 1693 238 1761 tiunt
263 1693 416 1760 doctores
446 1692 674 1760 communiter.
703 1693 782 1758 «nt
799 1691 861 1757 hoc
880 1699 930 1758 est
961 1691 1138 1761 discrimen
1168 1693 1272 1783 (addit

148 1805 485 1895 «Schmalzgrueberl
505 1811 592 1875 inter
604 1807 752 1876 libellum
768 1828 832 1896 quo
844 1811 1039 1894 proponitur
1050 1811 1135 1878 actio
1153 1813 1266 1893 civilis,

147 1933 222 1995 aet
243 1929 331 1994 inter
357 1924 505 1993 libellum
530 1944 595 2013 quo
619 1925 813 2010 proponitur
841 1927 1004 1992 accusatio
1039 1949 1046 1993 :
1081 1929 1114 1993 in
1137 1929 1267 2014 priori,

146 2051 263 2128 apost
289 2044 368 2109 facti
386 2043 602 2121 narrationem
631 2048 665 2108 at
686 2061 815 2108 causam
838 2043 1043 2126 explicatam,
1069 2043 1146 2129 poni
1170 2040 1272 2114 debet

145 2183 163 2222 n
182 2158 360 2239 conclusio,
374 2167 412 2225 nt
434 2157 556 2224 sciatur
570 2155 650 2244 quid
667 2166 702 2225 et
724 2166 880 2244 quantum
905 2166 996 2226 actor
1013 2167 1116 2245 petat,
1135 2179 1210 2227 cum
1235 2162 1268 2229 in

144 2301 162 2338 α
177 2277 284 2360 ipsine
294 2279 335 2342 sit
346 2273 482 2342 arbitrio
493 2274 548 2342 vel
558 2282 676 2352 totum,
691 2275 745 2341 vel
758 2281 886 2359 partem
897 2283 1012 2360 petere
1027 2297 1034 2342 ε
1048 2276 1082 2342 in
1092 2277 1266 2360 posteriori

144 2413 162 2455 c
179 2399 292 2458 autem
308 2389 425 2459 sufficit
443 2391 510 2458 sola
523 2392 602 2458 facti
614 2391 758 2458 namatio
776 2397 810 2457 et
824 2392 977 2477 obligatio
989 2391 1031 2459 ad
1043 2391 1264 2478 probandum,

143 2531 161 2570 e
180 2509 252 2574 sine
268 2508 473 2576 conclusione
485 2508 683 2593 adpoenam3
698 2509 773 2593 qnia
788 2507 918 2593 qnando
934 2497 1059 2576 constat
1076 2509 1117 2575 de
1132 2509 1266 2586 delicto,

142 2649 160 2686 e
173 2631 258 2692 tnnc
274 2624 331 2694 lex
343 2627 412 2710 ipsa
430 2625 508 2692 facit
520 2621 757 2692 conclusionem
769 2623 812 2690 ad
828 2615 968 2711 pernam,
986 2644 1083 2710 qnam
1093 2629 1261 2696 remittere

141 2765 159 2803 a
179 2741 237 2808 rel
252 2740 418 2807 moderari
432 2759 498 2808 non
515 2742 609 2808 estin
624 2741 821 2806 accusatoris
836 2745 1010 2824 potestate.
1026 2763 1042 2801 »
1057 2741 1105 2828 (ln
1117 2744 1168 2809 tit.
1192 2745 1221 2824 t,
1231 2742 1268 2810 Ιί-Δ

137 2857 194 2926 hri
212 2861 231 2924 5
248 2855 390 2936 decret,
407 2879 440 2924 n.
461 2853 530 2942 35.)

185 2970 418 3038 Adformulam
434 2975 544 3036 autem
569 2965 672 3036 libelli
687 2969 879 3035 accusatorii
898 2967 988 3054 qnod
1015 2972 1144 3050 attinet,
1169 2991 1265 3040 vene-

137 3089 255 3158 randae
263 3089 434 3155 vetustatis
447 3095 496 3154 est
510 3104 607 3173 quam
616 3085 918 3153 afferuntBalleriui
933 3087 1052 3153 fratres
1063 3086 1177 3175 (sancti
1184 3089 1261 3158 Leo

136 3207 191 3272 nis
209 3212 351 3288 opernm,
372 3180 464 3272 tomo
479 3205 511 3283 3,
532 3223 567 3288 p.
587 3200 678 3287 299),
703 3221 799 3287 quam
823 3210 858 3269 et
875 3203 1012 3269 inseruit
1026 3200 1137 3282 llausi,
1154 3204 1189 3269 ln
1204 3223 1262 3272 sua

137 3323 346 3387 Camillorum
360 3323 529 3384 collectione
542 3319 633 3405 (tom.
645 3319 698 3397 16,
712 3316 774 3382 col.
791 3314 880 3401 896);
895 3319 1017 3384 tenoris
1024 3337 1143 3403 nempe
1154 3319 1263 3406 hujus

137 3435 270 3505 cemodi
281 3456 294 3502 ε·
309 3436 464 3519 Enpem'm
480 3439 577 3518 Pnpn.
595 3439 651 3498 Dte
665 3439 791 3513 Martis,
814 3436 896 3515 npnd
915 3435 1093 3516 praedictum
1107 3437 1261 3501 dominnm

135 3559 310 3638 Enpenlnm
321 3559 449 3640 Papam,
459 3553 609 3618 solennes
616 3554 771 3634 presbyter
778 3553 999 3634 professorem,
1015 3572 1046 3615 se
1057 3547 1260 3634 lanfrancum

138 3675 327 3737 lirinensem
337 3675 515 3754 Episcopum
529 3671 592 3750 lepe
602 3685 746 3731 canmmm
757 3667 796 3730 de
804 3671 932 3731 simonio
944 3687 1027 3731 reum
1036 3671 1167 3749 deferre·
1180 3673 1259 3751 qnod

132 3788 235 3867 dicct,
254 3805 320 3850 enm
332 3803 397 3848 cnm
411 3783 532 3849 Allecto
544 3785 687 3861 diacono,
712 3787 746 3844 tn
760 3787 883 3846 civitate
896 3785 1046 3863 nomme,
1069 3785 1155 3848 domo
1171 3789 1258 3849 Petri

135 3903 224 3981 Rufi,
249 3921 349 3966 mense
372 3900 483 3983 Aprili,
508 3903 594 3981 Papa
618 3901 709 3962 Lucio
724 3914 803 3962 enno
829 3901 858 3979 l,
886 3904 1065 3964 commisisse
1083 3903 1252 3966 simonium.

134 4023 205 4102 Epo
218 4021 369 4083 lohannes
380 4020 535 4100 presbyter
538 4013 685 4098 profiteor
702 4033 748 4078 me
762 4015 850 4098 lnjna
865 4014 961 4079 libelli
974 4021 1134 4081 auctorem.

185 4135 284 4202 Patet
295 4133 378 4201 hanc
393 4132 575 4212 formulam,
593 4129 635 4198 ad
649 4129 783 4200 Romani
797 4130 879 4218 J'nn's
891 4123 1038 4200 normam
1060 4133 1159 4200 fuisse
1179 4152 1255 4207 con,-

134 4254 314 4321 cinnatam.
1126 4323 1129 4328 ,

182 4369 310 4435 Tuam
326 4381 493 4434 connmo.
507 4369 682 4449 -Appont
709 4371 742 4430 in
761 4363 860 4430 tenello
884 4365 970 4429 deme
984 4365 1171 4446 subscriptio,
1194 4367 1253 4446 qud

133 4509 168 4553 sc
180 4493 337 4552 mensam
351 4487 393 4550 nd
408 4487 591 4552 sumendam
605 4487 729 4550 lullonls
742 4497 860 4568 poenam
874 4484 994 4567 obllpet,
1014 4487 1042 4546 sl
1064 4483 1142 4564 falso
1165 4490 1251 4547 nocte·
