2836 5118
254 314 316 378 344
598 332 785 380 macareus
807 333 851 380 ns
872 331 1019 380 sumens.

243 463 339 524 -mata
350 456 556 536 conscicntia,
572 464 607 524 ct
618 475 783 542 nunquam
796 457 830 522 in
843 460 1031 522 ordinariam
1042 455 1176 543 justitie
1190 456 1347 550 reddenda

252 574 390 641 formam
401 575 588 640 transirent.
611 571 652 638 At
673 591 763 650 vero,
785 573 812 638 si
827 573 977 659 Episcopi
991 592 1052 658 pro
1075 573 1172 640 libitu
1188 582 1226 641 et
1247 573 1348 660 absque

136 681 146 706 ⁰
252 689 320 756 ullo
331 689 463 766 motivo,
477 689 600 772 possint
610 689 763 772 perviam
775 688 956 755 informate
969 691 1174 756 conscientiae
1191 691 1224 755 in
1234 690 1350 756 clericos

253 803 448 890 procedere,
465 824 531 871 non
545 805 714 870 tantumin
725 823 802 870 casu
814 804 950 882 'occulti
972 805 1080 872 sedin
1098 825 1176 872 casu
1189 807 1285 872 etiam
1295 806 1352 872 vu-

252 923 319 1008 gati
334 940 395 1005 per
408 921 526 988 famam
542 921 703 1004 publicam
718 921 876 999 criminis,
894 921 977 988 banc
995 923 1098 1001 viam,
1118 929 1235 1007 utpote
1250 923 1351 988 incilia

243 1058 334 1118 -rem,
347 1040 516 1124 minusque
528 1037 588 1104 sibi
600 1036 848 1118 incommodam,
862 1038 1025 1105 ordinarie
1036 1040 1170 1125 eligent;
1183 1048 1217 1106 et
1229 1041 1273 1106 sic
1280 1038 1352 1124 jndi-

251 1157 376 1222 ciorum
399 1154 692 1222 ecclesiasticorum
716 1173 792 1238 pars
820 1156 958 1221 maxima
986 1156 1205 1241 exceptionali
1233 1156 1289 1222 hac
1313 1156 1351 1220 vin

252 1272 483 1356 expedientur.
506 1268 690 1336 Dicendum
717 1290 814 1356 ergo,
838 1291 1020 1338 concessam
1048 1272 1183 1358 quidem
1213 1275 1352 1357 Episcopo

243 1389 352 1454 ciuisse
369 1386 598 1454 aTridentinis
623 1385 777 1454 Patribus
797 1407 838 1454 cx
859 1387 1032 1454 informata
1046 1389 1243 1457 conscientia
1257 1407 1352 1474 proce-

252 1503 354 1572 dendi
365 1504 567 1582 facultatem,
584 1505 682 1572 etiam
693 1505 728 1570 in
741 1524 818 1572 casu
828 1505 953 1588 publici
967 1506 1127 1589 criminis;
1142 1505 1202 1572 sed
1217 1514 1352 1590 tanquan

252 1620 433 1690 remedium
455 1624 754 1700 extraordinariam
770 1620 806 1687 id
827 1627 898 1699 est,
924 1623 958 1686 in
982 1621 1021 1686 iis
1046 1619 1220 1688 dumtaxat
1245 1622 1353 1688 casibus
1407 1667 1408 1670 ,

249 1737 484 1816 adhibendum,
504 1739 616 1822 quiex
635 1738 767 1823 speciali
786 1757 884 1804 causa
898 1739 963 1804 tale
984 1737 1166 1804 remedium
1186 1740 1350 1825 requirunt,

252 1863 287 1924 et
297 1859 331 1923 in
340 1855 458 1943 quibus
469 1873 532 1920 non
542 1855 799 1941 posset,absque
808 1855 942 1922 notabili
954 1855 1031 1922 boni
1039 1854 1164 1940 publici
1180 1855 1303 1934 damno,
1314 1857 1352 1920 via
1407 1923 1408 1926 ,

253 1971 419 2040 ordinaria
432 1971 580 2056 procedi.

299 2087 462 2155 Probatur
480 2091 515 2152 2⁰
535 2095 706 2154 ornatura
725 2087 885 2174 ejusmodi
903 2090 1075 2174 potestatis
1096 2088 1283 2174 episcopalis
1305 2106 1352 2171 per

254 2207 340 2272 riam
356 2203 538 2271 informatae
552 2205 756 2270 conscientie
769 2203 983 2288 procedendi.
1002 2207 1083 2271 llam
1098 2205 1151 2270 hic
1169 2202 1351 2291 procedendi

253 2320 381 2399 modus,
406 2321 440 2384 in
458 2339 493 2386 se
505 2318 738 2399 consideratus,
753 2339 819 2386 non
835 2325 963 2386 mutum
976 2341 995 2385 a
1007 2325 1144 2405 paterna
1159 2319 1298 2386 bonitate
1312 2338 1351 2384 rc·

255 2437 344 2506 cedit
365 2457 462 2523 quam
491 2437 851 2516 memacterion
873 2439 1043 2504 maximam
1071 2436 1227 2518 involvit,
1256 2455 1351 2522 quen

253 2554 376 2641 judice,
407 2555 487 2621 citra
506 2553 706 2639 injustitiam,
731 2553 881 2620 adhiberi
903 2555 1003 2639 possit
1027 2554 1247 2620 severitatem.
1262 2550 1351 2618 lntal
1406 2595 1407 2636 ,

255 2673 375 2757 quippe
385 2669 507 2756 judicio
524 2668 671 2736 damnari
684 2671 828 2754 legitime
840 2677 948 2755 potest
966 2668 1144 2748 inauditus,
1163 2669 1281 2755 absque
1299 2668 1350 2732 nlla
1406 2685 1407 2690 ¹

255 2787 320 2854 litis
335 2787 583 2863 contestatione,
607 2786 734 2852 sublata
756 2787 844 2852 omni
865 2785 1064 2852 defensionis
1084 2784 1256 2869 facultate;
1272 2786 1350 2850 imno
1406 2749 1407 2842 l

256 2907 335 2990 quin
356 2905 476 2970 clerico
494 2904 540 2968 sic
565 2903 719 2970 damnato
739 2902 926 2971 declaretur
947 2921 1010 2988 qua
1028 2902 1070 2970 de
1083 2923 1179 2970 causa
1192 2921 1284 2986 poena
1296 2919 1353 2987 sus-U
1406 2951 1407 3002 p

256 3018 419 3103 pensionis
444 3018 684 3104 (nonnunquam
714 3017 784 3100 ipsa
812 3022 917 3084 morte
944 3015 1068 3102 durior)
1091 3018 1153 3104 ipsi
1174 3019 1346 3102 imponatm.

257 3137 299 3202 Et
314 3143 404 3201 certe
424 3155 442 3198 a
457 3141 549 3202 tanto
559 3135 667 3218 rigore
683 3135 781 3218 louge
800 3134 918 3200 absunt
930 3136 1001 3218 ipsa
1016 3135 1115 3201 etiam
1126 3135 1295 3200 tribunalia
1309 3133 1348 3198 ni·

255 3243 372 3321 limais,
389 3261 461 3328 quae
484 3239 752 3320 extraordinarie,
769 3242 812 3307 ob
827 3241 1085 3326 perturbationis
1111 3242 1216 3307 civilis
1236 3246 1344 3310 metum,

258 3376 413 3442 suspensa
436 3357 566 3422 interim
601 3356 847 3424 dicasteriorum
867 3355 1108 3423 ordinariorum
1137 3355 1344 3442 jurisdictione.

258 3474 452 3559 quandoque
474 3491 516 3538 ex
532 3474 724 3540 necessitate
738 3475 920 3558 eriguntur,
935 3472 1057 3539 indicta
1071 3475 1161 3558 prius
1174 3471 1344 3558 regionibns.

259 3609 331 3676 qnae
347 3591 422 3656 hnic
440 3589 704 3656 extraordinarie
718 3588 936 3675 jurisdictioni
958 3569 1188 3674 subjiciuntur,
1207 3610 1245 3656 ea
1267 3582 1346 3654 condi·

256 3707 357 3802 tione,
378 3725 476 3792 qnam
487 3706 569 3772 Galli
581 3713 699 3772 vocant
714 3709 826 3772 diotae
837 3709 928 3789 stipo.
946 3707 985 3772 In
997 3707 1035 3772 iis
1046 3708 1132 3773 enim
1145 3703 1343 3773 tribunalibus,

259 3824 321 3890 etsi
347 3842 450 3888 causae
476 3823 659 3888 criminales
677 3822 774 3888 citius
801 3821 1037 3907 expediantur,
1064 3831 1239 3890 servantur
1263 3828 1343 3886 tanen

260 3936 691 4022 substantialesjudiciorum
706 3938 919 4004 formalitates
940 3939 1159 4021 :proponitur
1176 3957 1234 4004 reo
1252 3937 1344 4001 canen

260 4053 388 4139 dequo
416 4054 638 4119 convenitur:
665 4052 762 4119 datur
786 4055 816 4119 ei
841 4052 1038 4119 defensionis
1063 4053 1202 4119 incultas
1222 4075 1228 4119 :
1247 4045 1345 4137 patroni

260 4169 377 4235 auxilio
399 4170 568 4234 munitur:
585 4169 862 4236 communicantur
886 4169 917 4234 ei
938 4169 1070 4234 testium
1100 4167 1306 4252 depositiones
1322 4163 1344 4224 et

261 4286 401 4362 nomina,
419 4290 584 4350 utcontra
602 4303 658 4351 eos
681 4287 833 4368 excipere
849 4284 949 4367 possit
969 4291 1026 4349 :et
1038 4281 1174 4349 tandem
1199 4274 1344 4348 amesson't
1403 4355 1404 4372 2

263 4403 389 4464 tantum
405 4395 564 4481 judicialis
579 4397 691 4463 formas
708 4398 920 4465 omittuntur.
941 4399 1019 4479 Qua
1047 4399 1154 4463 omnia
1172 4405 1341 4482 nequaquam
1403 4397 1404 4416 ³
