2848 5118
223 335 289 416 90⁰
575 367 762 418 marmus
784 369 829 416 nn
850 365 1013 426 ruorcus„

226 515 243 553 a
261 492 345 558 adeo
372 500 410 558 ut
441 493 598 577 peculiari
619 495 653 558 in
678 495 739 558 bac
758 495 837 559 iacti
858 493 1087 576 contingentia,
1113 492 1237 560 nedum
1263 495 1333 561 talia

227 631 251 684 a,
261 607 416 692 deinceps
430 607 617 694 jurumenia
632 609 786 693 exigendi
808 608 982 674 necessitas
999 625 1066 672 non
1091 607 1205 676 adesse
1221 609 1334 692 probe-

226 747 244 783 α
260 732 328 802 tur,
345 728 410 789 imo
426 725 545 808 potius
568 745 610 790 ne
629 727 684 790 illa
704 727 834 809 penitus
855 728 1037 808 exigantur,
1063 726 1144 790 sacri
1170 727 1240 808 ipsa
1255 724 1335 811 jura·

225 864 242 901 a
256 843 359 905 menti
380 841 464 908 ratio
480 840 623 924 postulet
642 861 678 906 ac
693 841 850 924 suadeat;
872 841 947 906 binc
971 838 1125 925 estquod
1146 843 1221 918 Nos,
1243 841 1336 906 ratia-

226 957 356 1022 «nibus
381 958 533 1040 utrinque
559 958 747 1040 perpensis,
767 963 801 1022 et
822 956 1061 1042 quamplurium
1081 957 1278 1022 inherentes
1293 957 1336 1020 iu-

225 1073 394 1155 «signium
418 1072 631 1137 tribunalium
652 1073 765 1156 praxi,
785 1071 1006 1157 juramentum
1037 1071 1158 1154 ipsum,
1187 1091 1248 1154 per
1270 1091 1338 1138 reos

151 1265 157 1273 .
227 1212 244 1250 a
260 1191 306 1254 sic
328 1188 537 1253 criminaliter
560 1187 728 1272 inquisitos
743 1186 980 1270 praestandum,
1005 1169 1153 1252 consulto
1180 1187 1273 1273 (dum
1295 1189 1339 1252 uti

227 1303 456 1386 «principales
480 1301 706 1368 tantummodo
732 1299 985 1386 constituuntur)
1010 1302 1195 1368 tollendum
1218 1310 1254 1368 et
1273 1302 1339 1368 sub·

227 1417 459 1485 amovendum
479 1416 645 1500 ducimus;
665 1425 776 1500 prout,
797 1436 888 1482 sacro
912 1418 1011 1482 etiam
1039 1418 1241 1501 approbante
1263 1419 1339 1484 Can·

227 1556 244 1594 a
264 1532 347 1610 cilio,
361 1532 515 1617 presenti
533 1530 593 1596 bac
612 1532 842 1598 constitutione
859 1533 989 1598 omnino
1002 1532 1145 1598 tollimus
1159 1553 1198 1598 ac
1213 1533 1340 1600 submo

228 1675 245 1712 a
268 1670 391 1716 vernus.
413 1653 481 1718 Nec
493 1649 715 1736 juramentum
727 1649 912 1736 hujusmodi
929 1651 1125 1717 ullatenusa
1142 1653 1208 1718 reis
1224 1651 1340 1719 eisdem
1420 1717 1421 1748 ἶ

229 1791 245 1828 «
265 1768 336 1854 (nisi
349 1775 459 1832 tamen
478 1773 515 1832 ut
526 1773 629 1832 testes
647 1764 755 1851 quoad
770 1767 849 1834 alios
874 1765 1124 1851 examinentur),
1148 1767 1340 1834 infuturum

230 1909 246 1946 «
264 1903 325 1968 per
340 1901 562 1968 quoscumque
580 1881 707 1968 judices
721 1889 756 1948 et
778 1883 951 1959 ministros,
970 1882 1032 1948 sub
1052 1883 1339 1967 quovispraetextu

229 2018 361 2064 «eausa
384 2007 419 2063 et
442 1999 577 2082 quaesito
604 1997 730 2073 calore,
749 1997 898 2062 volumus
925 1998 1089 2080 exigatur;
1118 1997 1195 2064 alias
1212 2017 1342 2064 examen

231 2115 331 2180 «sive
351 2113 575 2190 constitutum,
592 2133 629 2178 ac
644 2120 716 2177 acta
727 2114 832 2178 omnia
849 2112 937 2176 nulla
960 2114 1024 2178 sint
1043 2130 1083 2179 eo
1101 2115 1171 2197 ipso
1188 2121 1223 2179 et
1241 2114 1339 2190 irrita,
1376 2153 1379 2160 ·

232 2253 247 2287 a
267 2230 418 2315 omnique
439 2236 571 2295 careant
587 2237 699 2295 contra
714 2248 788 2294 reos
804 2229 935 2296 effectu.
952 2251 969 2290 n

276 2349 421 2425 Secundo,
442 2346 587 2428 quamvis
600 2345 698 2409 citata
712 2346 900 2409 constitutio
909 2343 962 2430 jus
974 2364 1038 2409 non
1054 2345 1151 2410 iaciat
1166 2347 1228 2410 nisi
1242 2345 1343 2431 quoad

232 2461 430 2545 provinciam
445 2478 623 2537 romanam,
636 2468 747 2526 tamen
767 2460 970 2526 validissimae
988 2462 1131 2527 rationes
1145 2481 1216 2548 quae
1235 2463 1343 2546 inipso

170 2593 172 2601 ’
233 2577 427 2661 allegantur,
457 2576 672 2642 vehementer
694 2575 835 2642 suadent
861 2582 898 2640 ut
926 2576 1048 2660 ubique
1079 2577 1287 2654 observetur,
1313 2586 1344 2644 et
1418 2627 1420 2650 2

236 2695 397 2762 contraria
413 2694 616 2760 consuetudo
632 2693 674 2758 de
690 2693 799 2758 medio
808 2694 954 2772 tollatur,
973 2701 1072 2777 prout
1083 2693 1220 2761 adnotat
1230 2693 1344 2762 Giraldi

242 2813 310 2898 (las
322 2812 529 2890 Pontificum,
549 2817 631 2876 tom.
651 2813 681 2887 l,
699 2817 781 2876 sect.
798 2807 888 2894 275).

284 2931 395 3004 Tertio,
422 2925 465 2990 de
486 2925 575 2990 iacto
589 2925 686 2990 hodie
708 2943 821 2990 omnes
835 2925 1033 3007 generaliter
1047 2926 1271 2992 ecclesiasticae
1294 2945 1344 2992 cu·
1419 2975 1420 2980 η

239 3041 294 3106 riae
324 3038 445 3105 dictam
465 3040 730 3104 constitutionem
758 3047 957 3123 sequuntur3
981 3041 1027 3105 ita
1057 3046 1095 3105 ut
1125 3042 1284 3124 generalis
1309 3059 1343 3106 ea
1419 3017 1420 3088 }

239 3156 347 3239 praxis
361 3175 421 3238 pro
430 3154 504 3240 jure
519 3156 683 3221 communi
691 3154 757 3239 jam
773 3154 887 3219 haberi
905 3156 1015 3237 possit.

284 3275 327 3338 ΙΙ.
346 3274 537 3362 Existimant
556 3274 757 3338 recentiores
775 3272 947 3337 canonistas
962 3292 1027 3336 non
1049 3275 1155 3356 pauci,
1176 3274 1344 3340 extendeu-

243 3389 317 3456 dam
327 3387 516 3473 praediotam
532 3387 775 3472 dispositionem
791 3386 832 3452 ad
842 3406 953 3452 causas
972 3390 1069 3453 etiam
1084 3389 1207 3467 civiles
1227 3388 1344 3474 quanm

243 3512 318 3570 sunt
333 3508 455 3586 famosae
469 3503 598 3590 (quibus
615 3522 733 3586 nempe
750 3521 826 3568 reus
853 3502 1022 3569 damnatus
1044 3504 1174 3570 infamis
1189 3505 1341 3580 redditur,
1418 3573 1419 3584 2

243 3621 355 3706 quales
368 3626 455 3698 sunt,
474 3619 568 3685 verbi
582 3619 696 3702 gratia,
717 3638 820 3684 causae
840 3619 1022 3703 usurarum)
1042 3642 1048 3685 :
1068 3621 1133 3687 imo
1148 3627 1183 3686 et
1195 3621 1237 3686 ad
1249 3637 1346 3686 causas
1418 3607 1419 3650 ³

244 3734 542 3819 civilesquaslibet,
560 3734 586 3798 si
610 3734 673 3797 sint
688 3737 792 3796 arduae
807 3751 866 3798 seu
892 3737 1048 3797 natabiles.
1067 3734 1161 3819 (Vide
1177 3734 1342 3807 airaldum,

243 3851 318 3916 loco
332 3846 456 3932 citato.)
474 3847 514 3914 ld
528 3845 731 3914 concludunt
746 3867 786 3912 ex
802 3865 842 3912 eo
856 3846 946 3931 quod
966 3850 1064 3914 etiarn
1081 3857 1159 3914 tunc
1176 3852 1345 3916 ,maximum

190 4041 192 4044 ¹
244 3966 411 4030 immineat
424 3963 560 4049 perjurii
575 3964 779 4048 periculum;
796 3963 830 4027 iu
842 3982 905 4047 quo
919 3983 1006 4042 casu,
1028 3971 1065 4029 ut
1085 3965 1257 4030 omittatur
1270 3964 1345 4049 jura-

246 4087 391 4162 mentum
402 4079 444 4146 de
456 4080 596 4146 veritate
608 4076 758 4156 dicenda,
777 4080 938 4162 generalis
948 4082 1071 4163 pariter
1083 4082 1192 4165 praxis
1206 4077 1341 4149 obtinuit.

289 4199 348 4263 III.
366 4198 556 4262 iuramenta
567 4199 725 4260 catalonia
739 4200 773 4261 et
792 4199 918 4259 malitia
935 4199 967 4260 in
982 4195 1055 4261 foro
1075 4191 1345 4264 ecclesiasticoob-

246 4313 409 4392 solcvisse,
431 4313 476 4377 ita
493 4313 573 4377 utin
593 4311 683 4378 nullo
693 4310 759 4396 jam
776 4330 851 4378 casu
868 4311 1017 4380 adbiberi
1034 4314 1170 4392 soleant,
1188 4333 1248 4399 pro
1269 4316 1344 4380 certa

247 4427 361 4493 baberi
371 4433 492 4510 potest.
561 4453 563 4458 ·
