2948 5126
220 397 261 460 ll
571 411 758 460 moronus
781 414 826 460 on
847 411 995 462 sunrcns.

217 535 392 606 admittere
402 517 414 624 ;¹
427 559 491 605 non
521 547 630 605 autem
645 540 764 622 probat
778 559 853 606 eum
876 560 942 605 non
962 559 1055 624 posse
1074 538 1114 605 ab
1129 537 1245 604 iisdem
1261 547 1342 605 ante

217 647 415 740 processum
433 653 545 720 delicti
579 654 695 720 indicia
724 663 759 721 et
786 657 995 739 probationes
1024 658 1189 741 excipere.
1233 655 1343 722 Immo

217 771 343 837 etiamsi
357 771 474 837 obierit
490 770 695 852 denuntians,
710 779 819 855 potest
831 772 944 858 judex,
956 771 1190 839 sufficientibus
1203 771 1247 837 ad
1262 791 1345 857 pro-

217 885 362 954 bandum
378 885 540 952 delictum·
552 884 756 953 documentis
771 907 833 971 per
853 887 1134 955 denuntiationem
1143 889 1342 966 instructus,

217 1003 250 1094 in
262 1022 356 1069 reum
369 1003 534 1087 inquirere
551 1010 584 1068 et
592 1003 787 1086 procedere.
1244 995 1246 998 ”

261 1119 343 1184 ilinc
358 1100 493 1185 tdndem
506 1138 584 1185 vera
603 1127 637 1185 et
649 1127 720 1184 tuta
734 1121 766 1184 in
782 1120 874 1205 praxi
885 1121 963 1186 mihi
978 1120 1112 1186 videtur
1125 1120 1194 1186 haec
1211 1121 1347 1186 conclu-

217 1236 265 1302 sio
283 1258 290 1301 :
308 1255 400 1320 posse
417 1235 514 1302 hodie
532 1234 674 1322 ujndice
692 1237 910 1304 ecclesiastico
940 1255 1095 1321 personas
1113 1236 1281 1323 quaslibet
1301 1233 1348 1302 ad

218 1349 476 1433 denuntiandum
490 1351 638 1437 admitti;
656 1359 690 1418 et
711 1354 745 1417 in
768 1353 860 1418 nullo
873 1373 949 1418 casu
971 1354 1098 1420 irritum
1120 1353 1193 1419 fore
1207 1371 1348 1436 proces-

218 1486 301 1544 sum,
318 1486 359 1532 ex
374 1467 442 1532 sola
453 1465 672 1532 denuntiantis
686 1466 727 1534 ad
737 1467 995 1534 denuntiandum
1009 1466 1221 1535 inhabilitate.
1239 1469 1345 1551 Quod

217 1590 328 1649 tamen
355 1603 429 1648 curn
453 1603 492 1649 ea
516 1583 705 1650 limitatione
729 1585 931 1651 intellectum
947 1586 1065 1663 velim,
1088 1587 1148 1651 nisi
1177 1585 1289 1672 aliqua
1308 1588 1346 1651 in
1429 1568 1431 1579 ’

198 1783 200 1788 Ι
218 1695 417 1763 contrarium
433 1703 534 1774 extet,
552 1714 624 1781 quae
643 1715 695 1763 me
714 1697 848 1782 fugerit,
863 1697 1032 1764 Pontificia
1046 1705 1102 1764 aut
1126 1717 1345 1764 romanarum

219 1815 502 1899 congregationum
518 1811 649 1882 decisio.

745 2053 761 2125 §
778 2049 833 2112 IV.

322 2291 408 2340 eonuc
417 2300 486 2352 quos,
499 2300 541 2339 seu
553 2285 583 2337 de
597 2287 682 2350 quibus
691 2286 793 2349 delictis,
808 2287 858 2338 lieri
869 2287 945 2352 possit
951 2287 1070 2350 judicialis
1082 2288 1235 2340 denuntiatio.

223 2537 226 2542 ’
265 2527 403 2594 lissum
415 2530 456 2594 1¹.
468 2563 513 2576 —-
524 2532 707 2593 Denuntiori
718 2533 816 2612 potest
829 2529 980 2610 quodlibet
995 2530 1148 2608 delictum,
1158 2531 1195 2592 cle
1206 2549 1265 2611 quo
1272 2536 1350 2614 jum

220 2649 303 2726 samo
315 2651 431 2725 existit,
451 2623 570 2709 etiamsi
589 2640 771 2709 denuntians
789 2645 928 2708 exhibere
935 2647 1036 2729 judici
1050 2629 1176 2726 nequeat
1188 2645 1258 2709 ulla
1278 2651 1350 2713 alio

219 2763 261 2826 acl
270 2763 412 2826 delictum
420 2765 612 2844 probandum
631 2764 741 2826 medio.
759 2761 900 2825 -Nam
919 2779 960 2825 ex
979 2759 1126 2825 dicendis
1140 2761 1173 2825 in
1189 2766 1350 2848 sequenti

221 2863 339 2960 capite,
358 2876 473 2943 sufficit
486 2877 572 2942 fama
591 2878 787 2960 publicant
802 2875 905 2962 judex
924 2877 959 2941 in
975 2875 1221 2962 delinquentem
1236 2878 1350 2966 inqui·

221 3013 297 3060 rere
316 2995 426 3077 possit.
444 2995 535 3078 Ergo·
545 2992 747 3060 denuntiatio
763 2993 884 3058 inutilis
900 3014 964 3059 non
983 3001 1043 3072 est,
1063 2996 1089 3059 si
1105 2991 1210 3080 judici
1227 3003 1348 3063 notam

221 3108 422 3176 solummodo
444 3109 541 3176 iaciat
560 3110 678 3175 famam
694 3109 735 3176 de
753 3110 885 3188 delicto,
906 3111 1051 3195 quamvis
1069 3111 1172 3176 nullas
1188 3111 1270 3178 alias
1290 3111 1349 3181 de·

221 3225 292 3293 licti
322 3225 534 3293 indicationes
561 3227 725 3294 exhibeat.
755 3225 893 3293 Aliunde
923 3227 996 3293 tahs
1015 3226 1219 3294 denuntiatio
1239 3249 1349 3314 prava

222 3342 288 3409 dici
300 3334 424 3428 nequit,
440 3363 481 3408 ex
493 3362 533 3408 eo
544 3342 633 3428 quod
646 3342 829 3409 denuntiati
839 3344 958 3409 famam
972 3343 1087 3430 laedat3
1103 3345 1129 3409 si
1139 3342 1289 3430 quidem,
1304 3366 1347 3414 en

222 3445 405 3545 hypothesi,
419 3457 628 3525 denuntiatus
639 3459 705 3544 jam
718 3459 850 3525 infamia
861 3460 1002 3544 laborat;
1019 3459 1106 3525 unde
1115 3461 1143 3525 si
1154 3461 1242 3528 forte
1252 3465 1349 3529 inno·

223 3593 299 3641 cens
315 3575 367 3653 sit,
386 3574 520 3660 expedit
538 3575 568 3640 ei
588 3581 629 3640 ut
641 3574 800 3662 judicium
822 3559 1032 3655 interveniat,
1060 3585 1094 3643 et
1120 3577 1164 3642 sic
1186 3578 1228 3644 ab
1253 3579 1348 3646 omni

222 3691 402 3774 suspicione
417 3690 619 3775 vindicetur3
637 3697 734 3777 atque
748 3688 830 3756 adeo
845 3689 991 3774 proficua
1000 3692 1062 3776 ipsi
1077 3698 1138 3771 est,
1154 3689 1282 3759 nedurn
1297 3695 1348 3761 in·

219 3804 351 3891 juriosa‚
367 3805 526 3891 ejusmodi
541 3805 753 3872 denuntiatio.
776 3810 824 3872 Ex
839 3807 903 3872 fine
917 3816 1027 3874 autem
1046 3806 1088 3873 ad
1104 3827 1201 3894 quem
1215 3810 1343 3890 tendit,

219 3917 443 3986 honestissima
467 3930 517 3988 est
542 3921 742 3988 denuntiatio
761 3923 816 3987 illa
831 3943 838 3987 τ
851 3939 912 4004 pro
933 3941 1030 4006 scopo
1050 3923 1135 3988 enim
1159 3923 1262 3990 habet
1290 3936 1343 4007 ut,

223 4045 389 4121 comperta
404 4057 466 4122 per
485 4025 722 4123 inquisitorium
744 4057 930 4121 processum
954 4039 1103 4117 veritate,
1126 4039 1181 4104 vel
1203 4041 1348 4128 integri-

222 4154 283 4218 tati
295 4154 386 4219 famae
399 4154 594 4220 restituatur
602 4154 766 4232 innocens
780 4153 834 4218 vel
845 4174 922 4219 reus
933 4153 1042 4220 debita
1051 4174 1147 4238 poena
1159 4155 1343 4238 plectatur.

267 4271 335 4337 Nec
350 4270 521 4356 objiciatur
537 4291 577 4337 en
592 4272 753 4336 communi
768 4269 942 4336 doctorum
961 4271 1132 4348 sententia,
1159 4271 1259 4338 modo
1286 4293 1347 4340 ex-

223 4386 386 4470 ponenda,
416 4390 591 4451 denuntiari
612 4407 777 4470 conpesce
800 4393 923 4467 crimen,
941 4393 1002 4451 nisi
1024 4396 1053 4452 et
1072 4387 1200 4470 probari
1224 4397 1343 4470 possit.

224 4503 304 4571 llam
318 4483 548 4590 'praeterquam
566 4499 655 4591 quod
681 4504 741 4571 hoc
770 4501 883 4571 dicunt
915 4503 957 4572 de
982 4497 1346 4586 minimorumque
