2878 5114
487 351 567 400 raus
589 350 749 399 secuunn.
1134 339 1198 402 449

84 474 236 560 eJusdem
259 475 347 542 tituli
372 475 438 562 (ts,
464 475 540 542 libri
560 477 578 540 4
598 473 753 559 decret),
780 473 937 540 adversus
961 476 1201 545 matrimonium

87 610 291 676 conquerens
304 589 438 657 auditur
451 598 523 674 post
536 599 610 656 octo
626 591 871 658 cohabitationis
885 609 995 658 anuos.
1014 594 1082 658 lmo
1095 595 1201 677 capite

86 711 305 772 Frutemitatis
318 708 361 795 (6,
375 708 464 772 tituli
479 711 529 787 ts,
540 706 619 775 libri
632 709 650 772 4
666 705 820 792 decret),
836 710 991 773 statuitur
1003 708 1203 776 audiendum

86 829 162 906 post
175 824 297 888 multos
317 823 415 888 etiam
435 812 545 888 annos.
566 825 616 888 De
633 821 867 888 concordandis
882 824 951 888 istis
965 824 1112 890 textibus
1125 823 1206 910 quid

88 939 170 1003 varii
198 937 411 1004 disseruerint
437 939 608 1004 mnonistae
635 939 943 1020 promittentes,
973 937 1207 1023 subjungemus

86 1052 260 1118 dumtaxat
278 1054 378 1136 magis
395 1062 581 1136 receptam,
600 1060 699 1136 prout
712 1072 731 1116 a
746 1052 905 1136 preclaro
920 1053 1208 1137 Scbmalzgrueber

86 1169 244 1248 traditur,
261 1169 457 1235 difficultatis
471 1169 675 1235 solutionem.
694 1192 710 1229 a
725 1170 786 1234 Vel
801 1176 940 1254 uterque
958 1169 1077 1254 conjux
1093 1171 1208 1258 (inquit

88 1283 331 1370 «4114)1444444
351 1285 620 1370 impedimentum
640 1285 840 1362 alterutrius,
859 1286 912 1351 vel
929 1304 1011 1350 uuus
1031 1269 1209 1354 solumad·

90 1422 241 1469 uversus
259 1404 501 1468 matrimonium
520 1403 562 1468 ob
580 1402 803 1486 impotentiam
818 1402 1007 1484 proclamat,
1024 1403 1108 1469 alter
1129 1421 1209 1470 vero

90 1516 349 1600 «impotentiam
368 1523 476 1598 negat.

135 1658 153 1695 a
170 1637 206 1696 St
220 1638 373 1714 primum,
393 1629 546 1696 audiendi
565 1639 642 1696 suut
664 1630 902 1713 proclamantes
928 1629 1084 1698 adversus
1099 1634 1211 1698 matri·

91 1750 270 1814 «monium
285 1765 488 1833 quocumque
511 1755 673 1830 tempore,
692 1747 791 1812 etiam
812 1754 885 1829 post
901 1746 1019 1848 multos
1042 1765 1154 1825 annos,
1173 1757 1211 1816 ut

92 1891 108 1928 4
123 1874 217 1934 recte
243 1865 406 1950 colligitur
423 1885 464 1931 ex
483 1866 587 1949 capite
616 1869 832 1928 Frutemttatis
852 1863 897 1950 (6,
915 1865 1004 1930 tituli
1024 1867 1076 1944 15,
1096 1861 1207 1933 libri'l

90 2013 104 2048 a
122 1985 280 2072 decret),
298 1994 332 2052 et
346 1987 450 2070 capite
467 1985 551 2050 linali
568 1984 733 2072 (ejusdem
748 1983 846 2068 tituli)
863 1986 987 2070 citatim
1004 1987 1079 2070 quia
1102 1993 1209 2054 tractu

88 2129 105 2164 a
119 2103 282 2187 temporis
297 2102 536 2166 matrimonium
552 2101 682 2166 irritum
697 2118 764 2163 non
779 2098 942 2166 firmatur.

135 2243 152 2280 4
167 2223 204 2283 Si
218 2220 390 2296 4444441444,
408 2215 586 2282 videndum
600 2222 651 2280 est
666 2235 707 2280 au
722 2215 934 2297 proclamatio
947 2215 1005 2282 fiat
1020 2223 1095 2282 ante
1108 2218 1210 2284 trien·

86 2359 104 2396 a
120 2336 225 2412 nium,
243 2333 286 2398 ad
306 2332 540 2416 experientiam
555 2331 709 2416 potentia
726 2330 780 2394 vel
794 2331 992 2414 impotentia
1009 2332 1114 2417 ajure
1132 2354 1209 2400 cou-

85 2477 102 2513 u
119 2469 269 2528 cessum,
289 2450 343 2517 rel
362 2457 435 2534 pmt
452 2448 545 2517 illud.
645 2445 648 2452 “

132 2571 397 2651 «simmitrii,
417 2564 579 2632 audienda
598 2573 648 2630 est
667 2585 744 2650 pars
764 2567 983 2650 proclamans,
1010 2568 1109 2633 etiam
1131 2587 1208 2638 con·

85 2710 102 2746 u
117 2681 304 2752 tradicente
319 2684 436 2760 altera,
450 2688 488 2744 ut
499 2681 618 2746 iterum
630 2681 795 2765 colligitur
804 2701 846 2748 ex
860 2683 965 2765 capite
976 2687 1203 2764 Frutemiiutis,

85 2808 153 2867 «et
169 2801 276 2884 capite
292 2799 380 2865 finali
395 2798 513 2863 citatis.

131 2941 149 2978 u
164 2921 201 2982 Si
209 2924 280 2982 4444
291 2922 464 2995 tritomum,
476 2915 596 2979 iterum
607 2911 876 2996 distinguendum
884 2921 945 2990 est,
957 2933 996 2978 an
1006 2915 1207 2998 proclamans

86 3058 103 3094 «
118 3035 268 3117 allegata
281 3052 299 3096 a
314 3052 347 3098 se
361 3029 559 3116 impotentia
581 3029 670 3112 signa
686 3037 787 3109 certa,
805 3035 863 3094 aut
876 3029 991 3094 saltem
1006 3031 1203 3109 verisimilia,

87 3175 99 3206 4
118 3147 253 3225 afferat,
271 3165 406 3212 aurern
431 3144 529 3210 dubia
550 3143 731 3210 dumtaxat.
751 3149 787 3209 Si
800 3153 881 3210 cartu
902 3154 957 3210 out
973 3149 1078 3210 saitem
1100 3153 1207 3212 444444·-

86 3288 103 3325 «
117 3267 228 3343 milia,
257 3262 364 3328 audiri
389 3261 490 3327 debet
515 3261 613 3325 etiam
638 3268 712 3324 ante
740 3260 932 3326 triennalem
957 3264 1207 3346 experientiam,

87 3384 156 3446 «Si
170 3399 240 3442 vero
253 3381 345 3442 dubia
361 3381 473 3470 sotum,
494 3384 569 3440 aute
583 3376 777 3441 triennalem
794 3377 1026 3461 experientiam
1041 3377 1206 3446 audientia

86 3519 101 3555 a
116 3495 165 3561 illi
184 3495 386 3577 denegatur3
410 3499 599 3558 nontamen
622 3499 696 3575 post
711 3491 820 3576 illam;
840 3492 906 3558 imo
920 3498 1072 3558 necante
1092 3494 1200 3574 illam,

88 3635 105 3671 u
118 3613 147 3676 44
161 3609 282 3688 statim,
299 3609 396 3687 idest,
414 3611 601 3691 postumum
611 3607 666 3672 vel
681 3605 764 3671 duos
777 3623 913 3686 trenaee,
931 3627 949 3672 a
963 3609 1085 3691 copulae
1100 3617 1205 3678 atten-

88 3752 102 3786 «
116 3727 243 3792 tatione
266 3725 373 3808 lapsos
394 3723 573 3808 proclamet
596 3744 602 3787 :
624 3723 679 3806 qui
703 3725 860 3805 genuinus
883 3731 933 3789 est
955 3742 1069 3789 sensus
1088 3725 1202 3808 eapitis

87 3866 102 3902 a
117 3848 281 3925 decepistis
293 3842 392 3906 citati.
408 3863 424 3901 a
440 3838 749 3927 (schmalzgrueber,
762 3839 795 3902 in
807 3840 859 3906 tit.
874 3839 1013 3917 441444
1025 3841 1042 3905 4
1055 3840 1197 3921 decret,

84 3979 118 4026 u.
138 3963 178 4027 73
196 3956 330 4044 etseq.)

129 4077 282 4159 Qnmsrro
295 4077 339 4138 4·.
353 4109 400 4124 --
413 4075 564 4156 Quoowdo
576 4076 704 4156 probatu
718 4093 780 4136 esse
792 4077 896 4138 debeat
910 4080 1096 4159 impotentia,
1112 4085 1148 4142 ut
1159 4099 1200 4144 44

85 4212 122 4253 44
134 4197 233 4273 possit
243 4193 344 4272 judex
357 4193 571 4254 ecclesiasticus
588 4195 775 4253 matrimonii
793 4193 964 4255 multitatem
977 4198 1201 4274 pronuntiare?

84 4343 132 4356 -
152 4310 183 4376 1.
206 4306 340 4372 Certum
358 4313 409 4370 est
428 4305 652 4388 impotentiam
664 4307 746 4371 'esse
766 4305 986 4392 probandam
1008 4327 1069 4373 uec
1086 4307 1202 4377 sufficit
1252 4335 1255 4342 ·

87 4421 341 4500 eamabaltero,
356 4421 523 4488 ueletiam
539 4428 679 4506 utroque
696 4420 833 4505 conjuge
849 4423 959 4488 asseri.
977 4424 1045 4490 Imo
1061 4443 1204 4492 commu·

199 4535 221 4592 ll
1062 4537 1097 4597 29
