2878 5114
249 358 326 426 'sla
593 373 782 422 succussus
804 372 1010 444 sumamus.

260 505 456 568 recusationis
468 505 658 582 proponeret,
671 502 903 581 produceretque
917 507 1015 579 testes,
1030 507 1085 563 aut
1100 502 1166 562 alia
1177 502 1300 580 lepilimo
1309 502 1349 562 do·

259 626 397 695 curante
404 666 414 697 ,
434 636 488 700 per
501 636 567 697 qua
584 621 712 694 ceritas,
728 623 757 678 et
771 618 965 680 subsistentia
984 619 1059 678 talis
1074 635 1171 678 causa
1184 618 1348 698 probaretur.

263 741 323 816 (lui
344 737 509 816 pradictus
527 736 666 796 dominus
685 735 724 796 N.
743 733 924 812 reproduait
948 737 1067 814 copiam
1086 729 1185 796 libelli
1202 739 1355 796 rectissimi

259 857 435 934 praesentati
459 851 586 931 museto
607 850 766 912 reverando
786 851 907 910 Vicario
926 851 1071 928 persepoli,
1092 855 1122 910 et
1137 851 1221 911 deaii
1249 851 1357 910 dominis

261 971 388 1032 arbitris
403 973 436 1030 in
451 969 666 1030 illo'contineri
682 971 745 1026 tum
759 981 881 1028 cansam
903 983 1075 1046 expressam
1090 969 1293 1043 recusationis,
1310 971 1360 1026 tun

263 1093 352 1150 testes
369 1087 410 1148 cd
429 1103 494 1150 cans
510 1084 701 1165 probandam
713 1087 914 1161 necessarlum
927 1089 956 1145 et
971 1088 1086 1148 instare
1099 1086 1182 1164 apud
1202 1084 1310 1145 eosdem
1321 1085 1362 1144 do

157 1237 159 1240 ·
175 1204 179 1214 '
263 1208 360 1266 acinos
372 1204 504 1264 arbitros
517 1208 552 1264 ut
565 1205 666 1264 omnia
681 1202 925 1279 admitterentur,
941 1207 971 1262 et
984 1203 1024 1282 ad
1040 1203 1271 1282 copmscendum
1282 1203 1315 1264 de
1326 1220 1364 1262 ue·

260 1323 356 1382 ritate
375 1324 437 1380 tum
459 1321 492 1380 in
506 1321 578 1399 jure
600 1321 664 1378 tum
684 1320 718 1378 in
735 1317 815 1395 facto
828 1319 1050 1397 procederetur.
1069 1320 1129 1396 (lui
1144 1319 1259 1382 domini
1272 1319 1364 1378 arbitri

265 1435 399 1498 libellum
412 1432 595 1514 pradictum
616 1437 645 1493 el
668 1435 769 1494 omnia
792 1436 825 1494 ln
847 1450 880 1492 eo
902 1437 1041 1494 contento
1060 1433 1249 1495 admiserant
1263 1436 1289 1493 si
1302 1437 1327 1493 et
1340 1436 1364 1493 in

264 1557 428 1632 ᾳιιιιιιιιιιιι,
453 1557 483 1612 et
502 1550 659 1630 procedere
677 1553 771 1629 prout
794 1549 831 1610 de
847 1552 920 1629 jure
944 1551 1154 1628 daremrum,·
1180 1553 1365 1628 iussemnlpm

266 1668 342 1730 mibi
354 1673 503 1745 actuario,
520 1673 555 1728 ut
570 1666 704 1727 libellam
722 1666 899 1746 praedictam
916 1671 995 1728 inter
1015 1672 1083 1727 acto
1104 1670 1278 1746 reciperem,
1293 1671 1364 1746 prou

265 1788 339 1865 secl·
348 1791 378 1846 et
386 1788 504 1865 incipit.
514 1831 520 1846 .
529 1831 550 1861 .,
565 1788 594 1846 et
603 1783 726 1845 desiuit.
735 1827 770 1859 ..,
784 1787 814 1844 et
825 1781 951 1844 babetur
961 1784 1045 1861 infra
1054 1784 1233 1862 descriptus,
1248 1788 1365 1864 sipontus

266 1920 444 1965 numera...
459 1903 535 1964 Acta
547 1905 617 1962 sunt
629 1898 746 1960 lac...
762 1931 805 1944 -
816 1901 880 1978 Epo
891 1901 947 1977 N.,
962 1901 1089 1962 arbiter.
1104 1933 1149 1945 —
1160 1901 1223 1980 Epo
1235 1901 1288 1978 N,
1302 1900 1365 1960 arbi·

269 2024 325 2080 lar.
351 2051 395 2064 -
418 2020 481 2098 Epo
504 2019 544 2080 N.
570 2034 670 2077 recuso
685 2021 714 2077 et
730 2013 848 2092 officula
869 2020 904 2076 ut
925 2034 1029 2096 supro.
1055 2051 1100 2062 -
1122 2018 1188 2096 Epo
1211 2017 1266 2092 N,
1283 2021 1365 2077 actua·

269 2137 346 2196 rius.

316 2269 333 2308 ι(
350 2250 518 2312 Successioo
539 2249 631 2310 iidem
646 2247 762 2308 domini
777 2248 888 2308 arbitri
908 2251 960 2326 qul
980 2265 1086 2326 supro,
1105 2251 1139 2308 in
1154 2248 1249 2308 locum
1264 2247 1364 2308 solitum

268 2366 486 2441 conuenientes,
513 2367 762 2425 eaomiuaoerunt
785 2381 906 2424 causam
934 2366 1133 2424 accusationis
1158 2381 1320 2443 cupressum
1339 2365 1364 2422 ia

267 2483 442 2562 supradicto
460 2481 571 2558 libello,
583 2481 729 2560 prodmta
749 2498 849 2542 coram
867 2483 941 2560 ipsis
955 2481 1117 2559 aprasato
1132 2469 1292 2542 dominelli
1293 2527 1313 2556 .,
1328 2497 1363 2539 re·

270 2603 407 2675 cusante,·
419 2602 447 2658 et
459 2615 526 2660 cum
537 2599 720 2658 inuenissent
733 2614 798 2656 eam
810 2597 925 2658 desumi
936 2614 975 2656 en
986 2599 1154 2676 suspicione
1164 2615 1229 2676 pua
1239 2571 1326 2658 oritur
1335 2613 1363 2655 ec

271 2717 434 2782 inimicitia
440 2760 449 2792 ,
469 2731 534 2794 qua
547 2717 694 2774 asseritur
714 2717 832 2774 uersari
854 2717 933 2796 inter
953 2714 1151 2776 coemendum
1169 2715 1313 2776 deminum
1325 2713 1364 2773 Vi-

200 2861 203 2866 ·
270 2833 386 2892 carium
400 2829 567 2909 peneralem
582 2834 761 2906 recusatum,
778 2834 807 2890 et
820 2829 973 2890 dominum
987 2831 1027 2890 Ν.
1045 2835 1240 2905 recusantem,
1252 2845 1364 2908 panau

269 2950 390 3035 ¹tiarunt
405 2963 525 3008 oausam
536 2947 701 3026 praefatam
720 2939 758 3008 de
772 2948 843 3024 pure
858 2963 920 3006 esse
935 2945 1102 3024 lepitimam
1110 2966 1125 3024 ,·
1136 2947 1265 3026 proinde
1280 2961 1363 3025 proce

271 3062 402 3124 lendum
429 3079 490 3122 esse
512 3061 553 3122 ad
575 3064 817 3140 inquietum,
846 3078 887 3120 an
909 3065 1022 3146 cantet
1049 3065 1082 3124 in
1106 3063 1188 3139 laeso
1211 3063 1248 3124 do
1270 3063 1362 3122 analo

271 3180 447 3240 inimicitia.
464 3179 538 3240 Acta
552 3183 632 3239 sunt
655 3177 716 3238 aar
729 3178 834 3256 die...,
852 3183 1017 3256 mensis...,
1036 3196 1173 3244 anna...
1189 3215 1235 3226 -
1246 3181 1303 3259 Epo
1318 3179 1358 3250 ll,

273 3294 398 3356 arbiter.
415 3325 460 3340 -·
473 3295 538 3373 Epo
554 3297 609 3370 ll,
628 3294 753 3356 arbiter.
768 3289 816 3340 ”-
830 3296 894 3373 Epo
909 3298 964 3372 Ν.,
984 3299 1150 3379 asinarium.
1171 3313 1187 3352 s

716 3575 849 3643 oscus
870 3547 940 3642 ΧΠ.

326 3809 330 3819 Ι
390 3845 502 3893 FORMA
524 3845 693 3895 FACIENDAE
715 3848 927 3898 VISITATIONIS
950 3847 1106 3898 CORPORIS
1130 3849 1269 3897 DELIGTI.

315 4110 451 4192 Quando
467 4111 721 4197 delictum,sive
736 4135 797 4200 per
817 4120 1063 4196 accusationem,
1086 4119 1155 4184 sive
1176 4137 1237 4202 per
1259 4115 1360 4182 denuc·

272 4229 454 4308 dationem,
470 4230 538 4296 sive
552 4250 612 4314 per
624 4232 743 4299 famam
763 4235 924 4318 publicam
940 4235 1099 4314 delatum,
1116 4242 1167 4302 est
1180 4239 1255 4317 facti
1264 4247 1360 4316 macc·

272 4350 382 4424 mutis,
396 4344 431 4410 id
447 4352 507 4424 est,
523 4348 659 4432 vestigia
674 4358 749 4432 post
764 4369 798 4417 se
815 4352 1014 4437 relinquens,
1030 4351 1104 4417 fieri
1125 4351 1227 4417 debet
1245 4343 1359 4416 visitatu

271 4461 416 4543 corporis
439 4461 561 4528 delicti.
586 4463 626 4529 El
649 4465 781 4549 quidem
804 4467 953 4534 facienda
970 4476 1021 4534 ost
1040 4476 1115 4534 ante
1136 4474 1252 4536 caetera
1274 4459 1357 4530 omos
