2914 5122
197 376 237 440 76
539 388 730 446 reinnerus,
748 389 793 438 nn
815 389 963 441 rourum.

195 523 342 604 apertam
357 535 418 601 per
431 516 697 584 denuntiatorem
704 537 825 602 penem
836 515 1068 602 postulantem,
1085 535 1158 587 esse
1169 523 1260 584 niam
1278 522 1335 584 in-

186 639 376 718 quisitionis,
391 652 457 697 uon
467 650 547 698 vero
560 632 643 697 uiam
659 613 924 697 denuntiationis.

238 752 391 816 Probatur
404 749 448 816 II.
465 752 518 812 En
526 751 638 832 ptossa
655 783 700 796 —
714 745 809 830 Quod
820 755 949 814 veteres
957 746 1041 833 juris
1055 750 1139 816 sacri
1151 750 1336 836 interpre-
1452 787 1453 840 ,

182 872 246 932 ,tes
261 863 425 948 duplicem
441 862 733 941 denuntiationem,
745 863 787 933 ad
800 871 1009 928 correctionum
1022 841 1145 952 scilicet
1155 868 1246 932 etad
1259 885 1336 948 pcn-
1448 857 1450 864 ’

187 1001 275 1062 ,nonna
294 979 510 1058 distinxerint,
532 979 672 1064 probant
691 986 866 1066 sequentes
880 964 992 1066 glossa
1007 987 1118 1046 textus
1136 998 1143 1043 :
1164 983 1335 1050 «Forma
1453 1065 1454 1068 Ἴ

183 1121 214 1163 ,α
229 1098 291 1164 ista
306 1097 421 1184 (nempe
435 1101 556 1179 serendi
569 1093 759 1181 sententiam)
773 1095 894 1182 triplex
912 1104 1003 1162 est...
1030 1117 1037 1164 :
1056 1085 1133 1162 utsi
1149 1104 1279 1182 agutur
1296 1105 1335 1164 in
1453 1077 1454 1142 ἶ

197 1238 212 1276 n
231 1218 351 1279 modona
364 1220 573 1291 nonnotionis,
591 1219 626 1278 et
648 1213 809 1298 probetur
827 1213 969 1292 crimen,
992 1212 1177 1298 deponatur
1194 1214 1301 1281 Reus
1323 1239 1332 1283 :

197 1354 214 1392 a
232 1331 307 1416 quia
320 1331 372 1396 hic
387 1337 438 1396 est
450 1330 584 1397 effectus
595 1329 847 1396 accusationis...
866 1329 947 1396 Cum
960 1330 1067 1414 agitur
1073 1351 1130 1414 per
1141 1337 1336 1414 inquisitio·

198 1472 213 1508 a
232 1469 310 1528 nene,
323 1449 384 1514 alia
399 1466 496 1532 poena
507 1448 727 1531 imponitur...
743 1447 824 1512 Cum
835 1465 913 1512 vero
927 1445 1119 1530 proceditur
1131 1468 1186 1530 par
1201 1451 1335 1516 denunt-

197 1589 213 1624 «
234 1571 399 1642 tintinnare,
417 1564 479 1630 uisi
495 1565 529 1630 iu
545 1562 673 1631 duobus
691 1562 854 1646 predictis
873 1563 1000 1630 casibus
1023 1564 1190 1650 (bomtcidti
1210 1585 1335 1652 nempe

197 1705 213 1740 n
228 1690 257 1748 et
271 1678 429 1766 simonie),
442 1679 485 1747 ad
497 1681 722 1766 poenitentiam
732 1681 840 1764 agitur
849 1679 1068 1766 peragendam
1084 1702 1091 1746 :
1105 1687 1183 1748 tunc
1192 1681 1336 1766 inpre-

188 1824 213 1861 ,ιι
227 1799 322 1866 dictis
338 1799 466 1868 duobus
487 1797 615 1866 casibus
637 1799 736 1866 edam
759 1799 905 1882 punitur,
927 1800 1011 1867 sicut
1030 1818 1104 1864 cum
1120 1781 1232 1884 agitur
1262 1819 1336 1886 per

195 1941 214 1978 n
232 1917 469 1982 accusationem
493 1915 549 1981 vel
561 1915 800 2000 inquisitionem
804 1963 871 1982 .....
892 1920 994 1981 :tunc
1009 1917 1043 1981 iu
1057 1913 1225 2000 predictis
1241 1918 1336 1984 casi-

121 2093 122 2098 ,
197 2057 212 2094 a
231 2035 303 2112 bus,
318 2053 383 2099 nou
397 2040 447 2100 est
461 2033 641 2100 necessaria
653 2032 841 2100 admonitio.
858 2031 1068 2101 Denuntintio
1083 2052 1162 2100 vero
1182 2036 1336 2118 regula-

193 2176 215 2213 n
231 2153 313 2218 riter
329 2149 368 2216 fit
382 2148 426 2214 ad
436 2150 662 2232 poeniteutiam
680 2148 921 2233 peragendam
941 2157 978 2216 et
992 2148 1064 2234 ejus
1078 2149 1217 2216 effectus
1250 2152 1334 2218 sive

198 2292 214 2330 n
232 2265 303 2334 finis
317 2273 368 2332 est
379 2267 576 2351 penitentie
592 2267 752 2350 impositio
772 2288 779 2332 ε
797 2273 831 2332 et
848 2274 928 2333 tuuc
942 2267 1123 2335 necessaria
1141 2272 1193 2330 est
1210 2265 1337 2334 chari-

198 2409 214 2448 n
233 2386 334 2450 tativa
350 2382 546 2466 admonitio;
563 2383 641 2450 alias
649 2383 821 2466 repellitur
840 2382 1059 2450 denuntiator.
1078 2382 1143 2448 Pro
1162 2382 1335 2468 supradi-

197 2525 214 2564 n
234 2509 361 2570 storum
379 2499 515 2566 faciliori
527 2499 655 2578 notitia,
677 2507 754 2567 uota
772 2519 886 2566 versus
899 2506 1095 2584 sequentes:

359 2689 368 2711 a
390 2659 511 2736 Qnutrtnr
524 2675 584 2720 ecce
598 2657 685 2720 nodis
699 2657 793 2738 opiter
806 2655 838 2718 dc
847 2656 963 2719 cdnninc
977 2677 986 2717 :
1001 2673 1063 2718 uttm
1076 2651 1135 2737 qnis

359 2797 371 2823 a
388 2769 510 2844 nuntiat,
523 2773 640 2840 omnem,
657 2765 785 2847 inquirit,
802 2772 828 2827 et
841 2765 965 2846 occipit:
986 2771 1050 2828 nntc

360 2905 371 2928 ιι
389 2875 515 2936 admonet
528 2874 662 2945 inscribit,
683 2874 811 2954 insumat,
827 2879 854 2933 et
866 2871 1067 2952 nitiqoteetrn.

358 3011 369 3034 a
388 2981 437 3046 Sic
451 2988 536 3061 canet,
553 2988 579 3042 et
593 2981 709 3062 deponit,
727 2988 753 3042 et
766 2986 880 3055 nmcnet,
895 2986 976 3061 atque
987 2977 1095 3060 repellit
1106 2977 1158 3059 (l).
1176 3005 1189 3032 e

189 3131 192 3149 '
240 3141 287 3204 lix
309 3139 347 3202 iis
365 3138 475 3222 glossae
488 3134 597 3201 verbis
612 3137 688 3201 sotis
704 3140 796 3218 patet
809 3134 972 3220 quomodo
990 3141 1119 3199 veteres
1130 3131 1215 3217 juris
1230 3139 1331 3205 sacri

195 3254 293 3340 periti
303 3259 385 3318 oium
395 3257 632 3317 denuntiationis
644 3251 883 3334 intellexerint3
898 3248 1177 3315 denuntiationem
1190 3267 1331 3336 nempe

102 3387 108 3404 ²
195 3367 287 3455 cujus
301 3369 373 3435 finis
388 3371 439 3447 sit,
457 3389 522 3435 nou
544 3367 701 3452 depositio
713 3367 781 3444 Rei,
801 3373 858 3431 aut
873 3366 935 3431 alia
949 3381 1046 3449 poena
1059 3363 1190 3448 proprie
1208 3363 1338 3448 dicta,

195 3484 254 3552 sed
269 3483 430 3556 correctio
445 3504 504 3550 seu
514 3489 699 3567 poenitentiae
713 3488 885 3566 impositio·
900 3500 964 3566 qua
978 3479 1101 3544 scilicet
1116 3477 1330 3566 delinquens

194 3620 255 3668 nec
271 3600 419 3680 officium,
433 3620 494 3666 uec
507 3599 706 3684 dignitatem,
723 3617 785 3664 nec
798 3596 994 3663 beneficium
1005 3595 1143 3675 amittat,
1163 3595 1226 3662 sed
1241 3603 1332 3666 tan-

189 3725 264 3785 tum
283 3719 378 3785 alicui
403 3717 601 3802 poenitentiae
627 3714 830 3801 subjicietur.
856 3711 1004 3798 Idipsnm
1028 3719 1136 3778 autem
1163 3717 1330 3794 apertius

190 3831 309 3901 'eodem
326 3835 430 3919 glossa
449 3832 606 3919 patefacit
621 3833 682 3899 boc
694 3830 813 3898 modo:
856 3869 858 3876 ι

241 3949 444 4018 «Videamus
462 3950 604 4037 qualiter
624 3955 658 4013 et
672 3945 803 4034 quando
818 3947 976 4013 Praelutus
991 3941 1172 4029 procedere
1188 3940 1329 4016 debent

196 4093 211 4128 a
230 4066 272 4134 cd
293 4067 533 4153 inquisitionem
558 4064 759 4143 iaciendum,
782 4070 816 4128 et
837 4063 925 4147 quali
944 4079 1040 4146 poena
1059 4063 1100 4126 sit
1122 4061 1329 4145 puniendus

196 4210 211 4244 u
229 4187 284 4272 qui
299 4185 502 4252 convincitur
519 4183 552 4247 iu
572 4179 706 4249 modum
721 4179 945 4266 inquisitionis.
970 4179 1058 4242 Tunc
1076 4180 1185 4243 autem
1206 4175 1328 4249 debet

225 4389 262 4456 (tt
275 4390 368 4450 Glosss,
382 4388 407 4438 iu
419 4392 489 4450 caput
502 4385 675 4450 obstiterit,
686 4385 724 4436 tit.
739 4387 763 4447 i,
776 4385 832 4436 libri
844 4385 861 4434 tt
873 4377 1242 4447 correspondentiam.
