2838 5114
1160 257 1189 288 nb

221 332 298 396 tib
580 347 766 398 ruacrmus
788 349 831 394 nn
854 347 1001 397 runicus.

222 472 369 558 «etipsa
385 477 539 556 corrupta
560 471 612 548 sit,
634 472 682 537 ita·
699 480 737 536 ut
753 489 859 556 neque
875 471 963 538 aliud
977 472 1148 544 honestum
1171 477 1321 542 matrina

221 609 237 646 «
251 586 339 651 nium
355 584 450 650 facile
465 586 558 663 inire,
580 604 685 671 neque
705 589 794 652 inter
809 606 914 651 sacras
935 587 1076 672 virgines
1089 591 1122 654 in
1141 592 1322 658 monasterio

220 723 236 762 «
252 701 356 768 velari
371 701 484 784 possit.
504 723 520 761 s

261 819 293 882 2.
314 819 395 896 Quid
408 822 435 878 si
450 819 694 900 impedimentum
710 823 751 880 sit
773 823 911 882 certum?
924 855 970 866 -—
989 848 999 874 l
1025 821 1142 884 Denuo
1171 817 1324 902 distinctio

218 956 234 991 «
249 939 298 998 est
308 931 503 1012 adhibenda,
519 941 554 998 et
567 931 744 1000 videndum
756 953 797 1000 an
810 933 971 1000 recedens
983 933 1101 1002 habeat
1114 943 1246 1020 paratas
1263 955 1325 1020 pro

218 1071 234 1106 a
252 1047 400 1114 bationes
415 1049 569 1113 velcon:
679 1086 687 1103 ·

262 1161 330 1226 «Si
357 1171 488 1246 paratas
513 1163 630 1228 habeat
658 1171 692 1228 et
719 1163 946 1229 incontinenti
973 1163 1086 1230 offerat
1111 1165 1322 1248 probationes,

218 1275 417 1343 «audienda
449 1286 498 1344 est
527 1297 603 1362 pars
634 1278 823 1343 recedens:
853 1287 887 1343 et
920 1281 947 1344 si
978 1280 1170 1362 probaverit
1202 1279 1325 1364 impedi·

218 1415 233 1451 «
251 1399 408 1470 mentum,
429 1373 629 1459 absolvenda
656 1391 695 1457 ab
714 1393 909 1476 obligatione
929 1395 1134 1459 matrimonii.
1161 1395 1324 1481 (Schmalz-

213 1506 373 1590 grueber,
392 1507 465 1573 loeo
485 1505 555 1591 cit.)
576 1507 669 1572 Unde
688 1516 765 1573 tunc
782 1529 845 1575 non
865 1507 1048 1574 audiendus
1066 1519 1116 1574 est
1141 1509 1261 1594 conjux
1280 1531 1323 1574 re-

212 1625 414 1704 stitutionem
438 1626 624 1709 postulans;
650 1626 708 1691 sed
725 1627 831 1692 statim
852 1627 1073 1710 cognoscenda
1093 1635 1143 1693 est
1170 1647 1265 1694 eausa
1287 1627 1321 1692 de

211 1740 376 1808 nullitate.

255 1853 289 1918 Si
310 1854 470 1921 recedens
493 1875 557 1920 non
580 1854 699 1921 habeat
724 1863 852 1940 paratas
875 1855 1095 1938 probationes,
1123 1854 1321 1922 decernenda

211 1976 262 2037 est
280 1970 457 2047 restitutio,
475 1972 599 2036 interea
623 1970 701 2034 dum
722 1971 954 2055 pronuntietur
979 1973 1012 2034 in
1036 1990 1133 2035 causa
1153 1971 1318 2052 nuditatis,

210 2081 270 2148 sed
289 2083 399 2167 quoad
424 2084 655 2151 habitationem
675 2085 863 2161 dumtaxat,
883 2105 948 2149 non
965 2084 1073 2171 quoad
1091 2093 1216 2151 torum.
1238 2055 1320 2170 (Vide

212 2197 514 2282 Schmalzgrueber‚
532 2199 628 2284 ibid.)

255 2315 405 2394 Quusrto
418 2318 462 2382 6³.
479 2354 523 2363 -
541 2321 622 2396 Quid
637 2319 784 2399 upeudum
799 2320 929 2398 quaudo,
947 2323 1149 2380 comsummata
1175 2323 1320 2379 matrimo-

209 2437 271 2510 m'o,
289 2435 399 2512 coujtm
415 2434 567 2496 (discedatis
583 2435 749 2514 proetmdit
765 2435 1007 2513 impedimentum
1021 2435 1179 2512 dirimam,
1204 2440 1233 2498 ct
1251 2435 1320 2495 aiter

202 2552 281 2628 petit
297 2568 327 2610 se
344 2553 465 2610 restitui
482 2554 515 2612 iu
531 2555 713 2630 possessione
726 2553 885 2636 couiupis?
902 2585 948 2595 -
960 2548 997 2611 ln
1016 2547 1222 2632 praecedenti
1244 2566 1320 2632 quu-

205 2664 307 2728 stione
323 2665 561 2728 matrimonium
577 2666 822 2749 supponebatur
838 2674 957 2742 ratum,
976 2664 1034 2731 sed
1048 2685 1113 2730 non
1124 2683 1319 2731 ,consumma-

205 2786 277 2844 tum
301 2802 309 2844 ι
331 2779 382 2844 hic
411 2800 490 2846 uero
524 2781 631 2866 quoad
655 2783 894 2849 matrimonium
925 2788 1184 2846 consummatum
1212 2781 1318 2846 eadem

206 2896 340 2978 quaestio
354 2895 562 2978 expenditur.
585 2897 689 2976 Quam
708 2897 872 2962 solvemus
896 2895 1026 2961 easdem
1046 2895 1116 2960 fere
1144 2895 1319 2979 dictinctio

206 3029 263 3076 nes
278 3011 486 3090 instituendo,
505 3031 622 3096 nempe
638 3035 644 3077 :

251 3126 276 3189 l.
294 3130 388 3190 Casus
402 3147 459 3208 quo
478 3131 721 3209 impedimentum
741 3131 905 3208 uiicputum
927 3134 968 3189 sit
989 3133 1152 3190 motorium.
1182 3163 1214 3173 ·-
1237 3128 1318 3192 Tune

204 3263 268 3324 non
291 3251 341 3308 est
365 3244 554 3328 recipienda
577 3245 660 3312 actio
683 3244 880 3327 possessorii,
900 3243 958 3310 sed
978 3245 1110 3309 Bertam
1131 3245 1257 3310 interea
1272 3262 1317 3308 rc·

204 3356 381 3442 linquendo
397 3379 414 3424 a
428 3361 544 3424 marito
561 3378 619 3425 suo
638 3364 831 3442 separatam,
851 3357 952 3423 debet
966 3356 1071 3442 judex
1086 3377 1217 3425 causam
1231 3358 1316 3424 nulli·

205 3473 279 3560 tatis
298 3484 545 3557 cognoscereet
563 3474 718 3540 dirimere
740 3475 815 3561 (qua
829 3482 939 3539 autem
958 3474 1080 3551 forma,
1096 3474 1228 3540 dicetur
1244 3479 1258 3552 5
1274 3471 1314 3556 3).

205 3590 342 3659 Militant
361 3591 448 3659 enim
466 3591 608 3657 rationes
627 3609 725 3674 supra
751 3592 904 3672 expositae
927 3590 1035 3674 quoad
1060 3591 1200 3656 similem
1217 3607 1315 3656 casum

206 3707 290 3774 circa
303 3709 543 3774 matrimonium
562 3714 670 3778 ratum
689 3727 753 3774 nou
772 3715 1043 3776 consummatum.

249 3825 292 3888 Π.
314 3828 407 3888 Casus
432 3827 637 3908 impeditumti
658 3844 717 3888 uou
737 3830 918 3890 catarti-
939 3825 997 3890 Vel
1018 3843 1094 3907 pars
1115 3824 1315 3909 impedimen·

205 3945 277 4014 tum
296 3937 377 4006 illud
389 3939 530 4024 allegans
547 3947 677 4022 paratas
695 3938 903 4022 probationes
917 3939 1022 4017 offert,
1038 3940 1092 4040 vel
1109 3948 1238 4024 paratas
1256 3954 1313 4001 non

205 4052 315 4134 babet,
335 4062 368 4120 et
385 4054 573 4121 dilationem
593 4053 634 4120 ad
653 4074 707 4120 eas
724 4050 923 4120 exhibendas
941 4054 1094 4139 postulat.

255 4172 286 4234 1.
314 4175 394 4251 Quid
413 4177 441 4234 si
463 4174 598 4251 ailepaus
616 4172 872 4254 impedimentum,
892 4173 1085 4253 probationes
1106 4177 1140 4235 iu
1161 4172 1312 4234 cautiumti

205 4287 346 4352 audibat?
359 4325 404 4335 —-
425 4309 440 4344 «
457 4279 670 4354 destituenda
685 4286 818 4370 quidem
834 4294 884 4353 est
898 4306 980 4353 uxor
993 4287 1063 4354 viro
1078 4286 1187 4374 quoad
1201 4285 1309 4352 habitu·

208 4403 370 4480 ctionem,
392 4423 456 4470 non
483 4421 560 4470 vero
586 4401 693 4490 quoad
717 4410 870 4470 torum.»
893 4404 942 4472 Ita
963 4401 1246 4491 Scbmalzgrueber
1267 4399 1305 4486 (in
