2948 5126
275 347 316 412 66
616 358 804 408 snscrsrus
826 359 870 408 nn
893 355 1041 406 runicus.

271 491 384 570 mocio,
404 486 540 566 insumite
555 489 747 566 inquisitione
763 481 884 568 omisso)
900 485 941 548 cd
960 487 1119 554 veritatem
1135 481 1306 547 corumdem
1324 485 1384 544 ori«

270 609 385 668 micum
400 601 625 684 ioquicmclom·
638 619 805 684 processum
823 600 993 684 hujusmodi
1000 647 1012 679 ‚
1039 617 1079 660 coc
1100 617 1133 662 co
1153 598 1231 680 quod
1251 613 1312 660 noo
1325 598 1385 677 fuit

271 724 309 785 cle
326 722 454 801 infamio
470 723 612 800 primitus
626 724 815 802 moquisitcm
833 720 962 782 ulterius
981 721 1159 800 impuqmorc
1174 716 1321 796 nequitis.
1341 714 1385 778 llx

271 855 336 922 quo
364 841 460 902 textu
487 834 532 900 sio
558 835 650 918 argui
672 835 774 902 licet:
803 841 881 900 tunc
899 832 1084 917 impugnari
1104 851 1170 898 non
1194 849 1286 914 posse
1309 847 1385 913 pro-

271 970 398 1018 cessum
418 953 453 1014 ob
474 957 614 1014 omissam
631 957 749 1034 praevio
774 953 910 1032 insumite
934 954 1158 1032 inquisitionem
1180 945 1383 1022 decernitur,

268 1066 398 1154 quando
412 1084 489 1132 reus
501 1085 642 1150 presens
657 1065 731 1145 fuit,
746 1073 781 1132 et
796 1064 910 1132 videns
928 1064 1011 1130 hanc
1026 1063 1231 1130 omissionem
1249 1081 1318 1127 non
1334 1080 1384 1126 re-

269 1184 442 1252 clamavit:
469 1201 547 1267 ergo
570 1201 646 1248 reus
660 1182 846 1272 reclamare
870 1187 979 1266 potest
1008 1187 1043 1246 el
1065 1198 1254 1264 processum
1278 1178 1383 1262 impu-

268 1320 368 1388 gnare
406 1299 446 1366 ob
473 1300 620 1366 omissam
649 1300 804 1384 praeviam
836 1298 975 1366 iniamiae
1002 1298 1267 1382 inquisitionem:
1305 1313 1384 1378 ergo

268 1417 448 1487 necessaria
461 1422 512 1482 cst
525 1416 647 1501 praevia
665 1418 750 1484 circa
763 1411 926 1484 infamiam
941 1415 1123 1500 inquisitio:
1147 1431 1226 1498 ergo
1245 1411 1288 1478 de
1302 1411 1384 1479 inin·

268 1534 331 1598 mia
341 1533 433 1618 prius
448 1539 596 1598 constare
613 1529 724 1609 debet,
743 1549 839 1615 quam
852 1530 954 1614 possit
964 1531 998 1594 in
1009 1547 1203 1616 quemquam
1217 1528 1388 1620 inquisite*

267 1652 315 1718 rie
334 1647 487 1736 procedi:
503 1667 581 1732 argo
599 1667 665 1714 non
687 1649 748 1714 nisi
767 1649 802 1714 in
822 1647 1003 1714 diffamatos
1022 1647 1223 1734 inquisitoris
1246 1643 1384 1728 procedi

266 1772 385 1852 potest.
406 1764 593 1832 Notandum
615 1772 743 1842 tamen,
769 1765 831 1830 etsi
850 1783 980 1849 semper
1001 1762 1106 1848 judici
1121 1763 1212 1849 prius
1234 1769 1383 1831 constare

266 1881 385 1950 debeat
400 1879 442 1948 de
454 1880 595 1958 infamia,
609 1899 675 1946 non
686 1899 817 1966 semper
826 1887 935 1948 tamen
949 1899 1027 1948 euru
1040 1880 1147 1952 teneri
1161 1879 1204 1946 ad
1216 1879 1384 1963 inquiren·

266 1997 345 2066 dum
360 1996 402 2064 de
416 2017 466 2062 ea.
479 1997 511 2062 Si
521 1997 607 2062 euim
620 2017 660 2060 ec
675 1996 754 2060 mero
772 1997 869 2078 officio
881 1995 1049 2081 procedat,
1063 2003 1098 2064 et
1111 1996 1174 2079 ipsi
1185 1993 1383 2062 sufficienter

269 2120 396 2180 constet
413 2112 455 2180 de
475 2113 617 2190 infamia,
636 2113 795 2180 inutiliter
818 2111 862 2179 ad
882 2131 955 2180 eam
974 2110 1179 2197 probandam
1194 2129 1383 2194 processum

265 2229 461 2314 instrueret3
481 2231 534 2294 cui
547 2230 632 2294 enim
651 2230 818 2314 probaret,
835 2231 896 2296 nisi
919 2230 1004 2296 sibi?
1018 2229 1051 2294 Si
1068 2245 1148 2296 vero
1164 2226 1329 2313 procedat
1342 2225 1383 2292 ad

263 2351 442 2410 iustootiom
459 2347 586 2410 oilerius
603 2345 652 2433 (nt
671 2351 743 2413 crat
761 2364 854 2410 casus
870 2346 903 2409 in
919 2343 1072 2428 presenti
1085 2340 1382 2426 decretali)‚debet

264 2461 355 2544 prins
363 2460 514 2546 inquiriri
522 2468 557 2526 et
564 2459 764 2545 judicialiter
776 2460 908 2544 probari
920 2459 1066 2544 infamia3
1081 2460 1157 2544 qnia
1170 2467 1251 2526 tuno
1267 2459 1318 2528 illi
1328 2459 1381 2544 qui

263 2577 448 2645 instantiam
469 2576 547 2642 iacit
569 2576 727 2642 incumbit
747 2575 911 2643 infamiam
937 2574 1026 2660 apud
1048 2574 1195 2660 judicem
1224 2574 1378 2659 probare.

262 2691 328 2758 Sed
348 2692 536 2778 inutraque
553 2710 629 2758 casu
647 2711 764 2758 rernm
783 2699 933 2760 remanet
954 2692 1149 2778 praerequiri
1162 2689 1333 2758 infamiam
1346 2697 1382 2762 nl

264 2807 298 2882 in
313 2807 453 2892 aliquem
474 2809 673 2893 inquisitorie
695 2807 831 2893 procedi
848 2809 961 2894 possit.
980 2808 1071 2876 liano
1086 2809 1192 2877 citatae
1206 2805 1382 2880 decretalis
1453 2847 1454 2875 r

262 2923 570 3006 interpretationem
596 2923 767 2990 confirmat
784 2925 888 3008 glossa
914 2946 921 2990 ε
949 2926 1070 3009 «Papa
1100 2924 1259 2995 commisit
1286 2923 1381 2997 alicui
1452 2927 1453 2977 l

269 3067 283 3093 «
299 3039 537 3126 inquisitionem
549 3039 736 3124 simpliciter
749 3039 931 3106 taciendam
944 3058 1045 3124 super
1056 3041 1166 3125 aliquo
1181 3040 1337 3124 crimina;
1348 3044 1380 3110 el
1451 3023 1452 3081 ¹

268 3179 281 3211 «
297 3152 360 3220 tuit
371 3154 457 3218 tacta
470 3155 633 3240 inquisitio
650 3154 694 3222 ud
706 3164 892 3242 requestam
901 3156 1055 3234 alterius,
1071 3163 1264 3222 nouantem
1279 3154 1381 3222 exoi·
1450 3119 1451 3185 ¹

269 3298 283 3324 «
299 3269 384 3336 ficio.
401 3265 535 3375 Certum
550 3271 703 3358 estquod
716 3273 772 3340 ille
786 3274 956 3357 inquisitor
971 3271 1073 3341 debet
1087 3271 1197 3348 iacere
1212 3270 1298 3340 duos
1309 3291 1380 3356 pre
1448 3313 1449 3391 l

270 3415 288 3464 ι,
300 3405 427 3452 cessus:
442 3387 582 3470 primum
600 3405 700 3472 super
712 3387 854 3467 infamia,
873 3409 914 3454 an
937 3389 993 3458 ille
1018 3390 1059 3456 sit
1075 3387 1285 3457 diffamatus:
1302 3388 1379 3456 etsi
1447 3417 1448 3495 q

269 3523 358 3590 «per
369 3503 607 3588 inquisitionem
622 3505 764 3587 reperiat
779 3524 855 3572 eum
873 3525 940 3574 non
953 3505 1163 3585 mucium,
1180 3525 1245 3574 non
1263 3523 1379 3590 proce·
1446 3523 1447 3597 l

269 3648 283 3674 «ι
298 3617 355 3684 det
366 3617 649 3704 adinquirendum
660 3619 703 3686 de
715 3622 855 3690 veritate
870 3621 1024 3691 criminis.
1043 3621 1108 3690 Sed
1124 3619 1378 3707 pmumusquod
1444 3617 1446 3701 l

269 3763 283 3789 a
296 3735 468 3820 inquisitor
478 3735 583 3801 omisit
593 3735 692 3808 istum
710 3737 859 3807 ordinem
877 3759 885 3804 ε
900 3739 975 3823 quia
989 3737 1093 3822 primo
1108 3738 1190 3806 iecit
1201 3739 1378 3824 inquisitio·
1443 3722 1445 3806 l

270 3869 370 3914 «nem
379 3867 479 3942 super
490 3849 630 3916 veritate
642 3853 793 3932 criminis,
806 3861 840 3918 et
851 3853 1042 3922 criminosus
1050 3874 1114 3923 nou
1126 3855 1278 3938 opposuit
1288 3852 1377 3938 quod
1443 3817 1444 3907 d

268 3999 283 4025 «
299 3969 443 4036 debebat
462 3971 565 4054 primo
588 3970 697 4037 facere
721 3970 961 4055 inquisitionem
982 3989 1082 4054 super
1099 3970 1243 4038 intuma
1260 3971 1376 4038 Postea

266 4085 500 4172 «inquisitione
513 4086 600 4152 facta
614 4095 714 4170 super
731 4086 869 4152 veritate
887 4087 1041 4165 criminis,
1057 4087 1126 4170 ipsc
1150 4093 1265 4161 comm
1278 4103 1375 4170 quem

267 4201 380 4267 «iacta
401 4200 511 4268 fuerat
527 4203 701 4287 inquisitio,
717 4201 824 4268 voluit
842 4202 994 4287 allegare,
1010 4201 1098 4288 quod
1112 4203 1219 4286 primo
1233 4201 1376 4276 debebat

268 4315 397 4403 «judex
418 4299 584 4402 inquirere
603 4336 703 4403 super
726 4317 867 4400 infamia,
883 4337 982 4404 quam
1000 4337 1100 4402 super
1118 4319 1376 4393 versutorum

265 4434 354 4506 «nis.
382 4432 432 4504 dn
458 4435 500 4501 sit
523 4433 746 4505 admittendus
769 4434 814 4508 ad
836 4435 1086 4520 proponendum
1109 4443 1145 4510 et
1168 4434 1374 4520 allegundum

1435 4553 1437 4632 s

1427 4843 1434 5110 r

1441 3928 1443 4012 l
