2838 5114
238 357 302 418 408
575 371 763 418 ruucrarus
787 373 830 417 nu
853 371 1002 420 spurcus.

239 520 256 557 a
269 496 324 561 illa
341 514 435 590 eausa
454 495 678 578 pronuntiare,
696 473 909 562 conformiter
929 495 1025 562 dictis
1039 517 1180 582 supra...
1196 501 1221 565 li
1240 483 1338 566 eontra

240 636 255 674 a
267 611 369 696 judex
384 612 553 694 delegatus
571 612 670 698 (quod
684 613 828 696 intellige
848 613 889 678 de
907 613 1058 697 delegato
1074 613 1116 680 ad
1136 635 1263 682 eausam
1276 637 1340 700 par-

240 725 472 810 rotularem),
500 735 670 812 postquam
695 730 796 795 semel
815 731 1056 813 pronuntiavit,
1083 732 1152 796 sive
1171 732 1255 798 bene
1282 734 1339 797 sive

240 842 364 920 «male,
385 842 517 907 functus
536 850 585 907 est
603 841 707 908 affinio
726 863 795 922 suo,
822 845 932 930 sieque
953 854 1058 911 cessat
1084 845 1155 930 ejus
1178 847 1341 913 authoritas

239 937 257 1020 i}
273 966 308 1024 et
328 957 526 1043 jurisdictio;
545 979 582 1024 ae
608 958 745 1042 proinde
776 979 841 1056 non
868 967 976 1043 potest
1007 961 1146 1044 amplius
1174 963 1342 1028 reformare

240 1097 254 1130 o
275 1066 470 1139 sententiam
487 1094 578 1139 suam
595 1075 729 1140 nulliter
744 1077 914 1159 prolatam,
928 1075 987 1141 sed
1001 1085 1134 1160 oportet
1151 1075 1246 1143 adire
1257 1095 1343 1160 supe·

240 1191 393 1255 «riorem
412 1207 471 1254 seu
487 1188 707 1274 delegantem.
725 1214 741 1252 a

282 1303 374 1369 Idem
388 1312 502 1370 auctor
518 1306 563 1392 (in
573 1307 704 1372 titulum
719 1308 773 1384 27,
789 1306 865 1371 libri
887 1309 907 1369 2
927 1304 1068 1385 decret,
1088 1327 1121 1372 n.
1150 1311 1213 1374 135
1227 1305 1344 1392 etseq.)

238 1419 281 1516 ad
297 1421 507 1506 quaestionem
523 1426 654 1504 qualiter
668 1429 816 1487 sententio
831 1443 896 1505 qaoe
909 1443 970 1487 aaa
987 1430 1100 1488 transit
1116 1430 1150 1489 tn
1166 1445 1229 1488 rem
1238 1429 1347 1509 judica

239 1545 303 1600 tom
326 1545 367 1600 stt
387 1543 565 1619 revocanda,
584 1542 630 1605 sio
650 1540 779 1606 tradit:
799 1563 814 1600 a
834 1541 912 1604 Post
930 1541 1057 1623 lapsum
1086 1539 1204 1606 decem
1228 1541 1345 1607 dierum

242 1672 341 1718 «non
360 1661 468 1738 potest
487 1658 624 1740 amplius
642 1655 829 1741 hujusmodi
847 1658 1007 1721 sententia
1030 1658 1181 1722 revocari
1192 1677 1254 1741 per
1270 1659 1344 1723 dam

242 1772 507 1855 «appellationis,
526 1772 677 1838 adeundo
694 1772 849 1838 videlieet
868 1774 1069 1856 superiorem
1089 1771 1246 1857 judicem,
1260 1781 1348 1858 atque

243 1889 315 1954 «ad
340 1891 445 1971 ipsum
465 1889 674 1974 appellando;
693 1889 752 1955 sed
778 1890 882 1954 solum
900 1906 959 1970 per
982 1891 1065 1953 viam
1090 1892 1233 1974 querelae
1246 1913 1253 1974 ;
1266 1898 1347 1974 puta,

245 2027 262 2065 a
275 2005 428 2070 adeundo
447 2005 600 2070 eumdem
616 2004 762 2090 judicem
780 2005 836 2089 qui
853 2003 1039 2088 hujusmodi
1061 2007 1254 2071 senteutiam
1269 2005 1347 2079 tulit,

246 2144 263 2182 a
279 2128 376 2206 atque
390 2123 497 2204 ipsum
516 2121 628 2187 debite
645 2119 852 2186 informando
868 2121 909 2186 de
931 2121 1090 2205 injustitia
1109 2122 1278 2186 sententiae
1297 2139 1351 2183 nou

246 2259 263 2296 a
276 2235 476 2300 transeuntis
489 2236 524 2298 in
542 2255 613 2301 rem
626 2233 803 2319 judicatam
819 2258 826 2299 :
845 2253 911 2319 quo
931 2235 1029 2312 iacto,
1051 2233 1155 2319 judex
1174 2233 1229 2298 ille
1242 2233 1351 2298 dietam

247 2324 477 2416 «sententiam
487 2356 668 2416 retractare
689 2357 838 2433 potest...
859 2351 1018 2415 Remanet
1031 2349 1171 2434 proinde
1188 2346 1276 2434 quod
1291 2365 1352 2413 sen·

248 2492 264 2528 a
279 2469 381 2533 tentia
397 2468 467 2545 illa,
486 2485 557 2551 quae
582 2487 649 2532 non
672 2469 787 2532 transit
810 2468 844 2531 in
857 2487 928 2532 rem
942 2466 1131 2551 judicatam,
1146 2474 1222 2550 post
1239 2467 1352 2547 lapsum

250 2608 266 2646 «
283 2582 434 2649 decendii
456 2584 559 2648 solum
579 2585 679 2666 possit
700 2583 872 2648 retractari
893 2602 952 2666 per
975 2583 1060 2647 viam
1086 2581 1241 2666 querelae.
1260 2579 1352 2664 quue

250 2724 267 2763 a
280 2699 354 2764 fieri
371 2705 479 2782 potest
495 2684 647 2764 adeundo
658 2697 804 2782 judicem
822 2697 914 2762 illum
930 2698 986 2782 qui
998 2697 1075 2762 tulit
1090 2695 1295 2772 sententiam,
1315 2694 1352 2758 ei·

252 2841 267 2876 a
283 2816 424 2900 demque
440 2835 502 2898 per
520 2814 654 2880 moduni
672 2815 814 2899 querelae
838 2834 876 2879 ao
899 2813 1067 2896 petitionis
1089 2811 1132 2878 de
1157 2807 1353 2877 retractanda

252 2933 456 3008 «sententia,
472 2938 588 3014 utpote
603 2933 636 2995 in
658 2950 727 2996 rem
746 2930 922 3015 judicatam
944 2949 1008 2995 uon
1029 2936 1234 3006 transeunte,
1255 2925 1352 2992 debite

252 3071 270 3109 a
285 3046 498 3132 proponendo
511 3066 684 3130 gravamen
701 3047 761 3111 sibi
772 3047 939 3112 illatum...
961 3043 1057 3110 Unde
1074 3049 1125 3111 est
1141 3043 1290 3109 notabilis
1305 3037 1353 3104 dil-

253 3187 271 3227 «
288 3165 427 3229 ferentia
441 3165 529 3228 inter
540 3162 790 3247 appellationem
806 3170 840 3227 et
854 3164 939 3227 inter
955 3160 1132 3246 querelam,
1147 3161 1182 3224 in
1193 3161 1294 3226 causis
1301 3175 1353 3221 non

254 3303 272 3343 a
289 3279 531 3374 transeuntibus
542 3281 575 3343 in
593 3297 663 3343 rem
676 3277 866 3362 judicatam.
884 3276 1047 3342 Differunt
1064 3276 1199 3361 quidem
1217 3281 1352 3359 respectu

256 3397 444 3478 «temporis
465 3417 472 3460 :
492 3397 566 3478 quia
596 3394 893 3478 appellatio'solum
915 3399 1025 3475 potest
1049 3391 1122 3458 fieri
1145 3394 1234 3458 intra
1258 3392 1353 3456 desem

244 3537 275 3592 ¹a
291 3512 361 3579 dies
377 3519 452 3595 post
471 3512 570 3577 latam
593 3513 797 3578 sententiam.
824 3511 965 3593 Querela
989 3529 1070 3575 vero
1098 3517 1207 3594 potest
1235 3504 1353 3594 proponi

258 3654 273 3688 a
293 3631 390 3695 etiam
409 3633 482 3712 post
501 3629 627 3712 lapsum
642 3627 758 3693 decem
780 3625 928 3710 diernm;
945 3632 1119 3710 potestque
1139 3624 1228 3702 dein,
1247 3621 1353 3707 cognita

259 3771 274 3806 «
293 3747 444 3822 veritate,
469 3746 630 3811 sententia
648 3743 821 3810 retractari
841 3743 1110 3829 quandocumque
1129 3743 1215 3806 iutra
1233 3739 1351 3824 spatium

261 3887 275 3924 a
294 3865 427 3947 triginta
444 3879 616 3940 annorum,
639 3864 664 3926 si
685 3864 718 3927 iu
737 3882 775 3927 ea
794 3881 860 3926 non
875 3865 1023 3924 vertatur
1041 3859 1226 3944 periculum
1241 3858 1350 3932 animm

261 3980 347 4044 «vel
372 3980 400 4044 si
425 3979 528 4044 subsit
544 3977 727 4062 perieulum
750 3979 874 4054 animae,
894 3978 926 4041 in
940 3981 1180 4058 perpetuum...
1212 3971 1352 4038 Differ-ut

261 4119 277 4155 a
292 4098 388 4162 etiam
408 4104 560 4180 respectu
573 4095 690 4182 judicis
709 4117 716 4160 ε
738 4097 813 4179 quia
827 4094 1000 4177 appellatio
1025 4090 1173 4157 devolvit
1188 4107 1308 4155 cauum
1321 4080 1351 4148 ad

262 4235 277 4272 a
296 4213 555 4295 superiorem...:
568 4212 702 4296 querela
713 4230 794 4276 vero
808 4217 917 4294 potest
929 4207 1077 4291 cognosci
1089 4206 1130 4271 ab
1140 4206 1256 4271 eodem
1263 4199 1350 4287 J'udice

264 4353 276 4386 a
290 4329 346 4412 qui
359 4326 562 4403 sententiam,
577 4332 688 4391 eontra
709 4343 805 4408 quam
819 4341 894 4405 pars
910 4321 1111 4407 querelatur,
1121 4319 1242 4386 tulerat
1253 4340 1259 4383 :
1272 4323 1349 4397 atque

264 4465 279 4502 v
292 4444 328 4520 is,
344 4441 533 4525 interposita
553 4459 659 4507 eoram
677 4461 710 4505 se
726 4439 874 4525 querela,
894 4437 1069 4523 praemittat
1082 4435 1285 4500 summarium
1296 4427 1350 4512 ejus
