2848 5118
493 351 573 404 runs
593 351 752 405 ιιιιιιιιιι.
823 349 826 359 ’
1113 336 1178 408 tte

80 467 230 542 nintndts
240 467 379 544 testibus
394 478 519 545 seriori
530 477 667 545 debent.
698 508 712 534 κ
729 477 949 562 Quamobrem
961 476 1112 549 ennon
1128 481 1179 547 est

84 599 177 660 *unte
205 589 312 660 omnio
337 610 413 660 rens
437 594 480 662 ud
504 594 684 662 ridendum
708 597 814 682 repeti
840 605 944 666 testes
970 605 1005 666 et
1032 595 1074 664 ud
1099 593 1179 664 don·

83 706 179 774 «dum
201 709 462 794 interrogatorio,
482 717 643 796 quotenus
669 710 748 780 dure
771 714 923 792 voluerit,
949 723 984 781 et
1002 709 1045 781 nd
1065 709 1181 780 tiden-

82 841 93 871 ·
106 815 178 882 dum
187 815 373 902 juramenta
381 820 512 886 testium
527 819 795 902 repetendorum.
812 820 993 889 Dutisvero
1008 838 1069 907 per
1086 839 1180 892 ronm

82 930 366 1018 anterrogntortts
388 933 569 1018 ueletnpso
587 935 727 1002 termino
747 935 788 1002 nd
803 937 857 1002 illu
874 935 1016 1004 dandum
1032 938 1177 1023 profixo,

81 1049 243 1116 mitantur
264 1069 303 1116 uc
318 1056 478 1116 vocentur
495 1057 619 1129 testes,
641 1051 717 1118 eins
743 1053 776 1117 in
802 1069 957 1137 processu
975 1053 1180 1124 informatius

80 1167 287 1244 «examinati,
311 1165 354 1232 nd
381 1165 636 1262 comparendum
661 1168 695 1234 in
721 1165 844 1252 judicio
874 1185 983 1236 eornm
1010 1169 1181 1256 judicent

79 1283 225 1348 nnotnrin
238 1301 296 1348 sen
312 1283 458 1348 nctnurio
472 1299 586 1348 conse.
605 1283 731 1364 Quibus
746 1284 852 1350 citetis
873 1292 972 1370 utque
987 1301 1180 1370 comparen-

79 1398 181 1477 ·tibns
198 1397 356 1464 defertur
369 1415 430 1484 per
452 1395 597 1483 judicem
617 1390 839 1484 juramentum
857 1401 1004 1466 veritatis
1018 1400 1177 1479 dicende,

79 1512 238 1598 ·perinde
263 1531 302 1578 uc
323 1513 349 1578 si
373 1530 539 1598 nunquam
564 1513 739 1599 jurassent.
769 1517 810 1580 Et
832 1516 931 1582 toties
948 1515 1061 1602 jurare
1086 1525 1181 1585 tene·

78 1629 232 1708 ·bnntur‚
259 1631 387 1716 quoties
408 1631 516 1716 repeti
537 1647 673 1698 necesse
691 1631 796 1698 erit...
821 1631 863 1698 Et
879 1640 961 1698 tuuc
976 1635 1121 1717 prestito
1131 1632 1182 1719 ju·
1285 1671 1291 1682 ·

77 1754 258 1826 «ramento,
279 1746 416 1832 quilibet
440 1747 532 1814 testis
558 1746 993 1833 sepumtim‘interrogntun
1022 1751 1112 1834 prius
1129 1761 1182 1815 su·

78 1879 158 1949 ·per
185 1865 441 1946 ntorogatortts
456 1881 518 1948 per
539 1863 746 1942 renudatis,
765 1864 865 1951 iuxta
886 1881 958 1950 qne
979 1865 1180 1950 respondere

80 1979 220 2063 ‹debet3
241 1978 360 2046 deinde
380 1998 482 2064 super
497 1980 644 2046 examine
660 1981 738 2046 nlius
756 1980 798 2046 de
822 1981 961 2064 ipsomet
976 1987 1063 2048 teste
1077 1979 1177 2048 tuoto.

76 2096 149 2162 «itu
172 2096 310 2164 trudunt
339 2099 553 2164 communiter
567 2096 732 2164 doctores.
758 2125 772 2153 υ
795 2095 1006 2184 (pellegrini,
1033 2098 1178 2182 portet,

72 2221 145 2280 tect.
162 2213 214 2290 tt,
235 2231 270 2278 n.
292 2211 337 2298 5.)

108 2327 245 2410 Quando
264 2330 358 2396 testie
375 2335 523 2408 uocetur,
545 2348 610 2398 non
636 2337 675 2396 nt
697 2329 934 2414 depositionem
961 2349 1050 2396 suum
1066 2330 1178 2410 iteret,

71 2445 122 2512 ted
131 2445 300 2512 dumtaxat
310 2454 349 2511 ut
360 2445 508 2513 declaret
520 2446 641 2532 ntiquid
657 2448 689 2512 in
702 2447 806 2530 prime
821 2443 1026 2530 depositione
1039 2445 1180 2512 obmure

71 2558 197 2639 dictum,
221 2579 353 2628 necesse
368 2573 433 2630 nu'n
449 2569 499 2628 est
512 2564 632 2629 iterum
656 2563 697 2629 nb
719 2564 792 2646 ipso
817 2562 1039 2648 juramentum
1062 2563 1179 2629 emitti.

109 2680 142 2743 3⁰
156 2679 265 2745 Debet
275 2679 429 2763 repetitio
441 2681 574 2745 testium
588 2677 661 2745 iieri
671 2685 742 2762 pust
760 2681 993 2762 publicationem
1010 2691 1182 2762 processus

70 2793 274 2879 informetiui;
298 2797 332 2860 in
354 2813 419 2882 qno
435 2795 489 2882 jus
511 2797 700 2862 canonicum
714 2793 824 2862 differt
842 2785 1089 2878 uiustininneo3
1106 2809 1180 2860 unm

69 2907 153 2993 juxto
180 2913 276 2999 huius
298 2913 552 2997 dispositionem,
572 2913 728 2996 repetitio
748 2913 883 2978 testium
903 2911 977 2977 fieri
991 2909 1092 2977 debet
1109 2919 1180 2976 unte

72 3026 241 3107 publicatus
270 3029 506 3094 attestationes.
534 3029 639 3111 Quum
666 3027 883 3095 differentium
901 3025 978 3092 vide
998 3026 1179 3110 expositum

73 3142 154 3225 opud
167 3145 384 3229 Pellegrinnrn
397 3145 601 3232 (indubitato,
621 3161 654 3211 n.
674 3143 720 3228 9).

16 3241 20 3248 ’
114 3257 147 3320 t⁰
159 3257 267 3324 Debet
282 3259 435 3342 repetitio
448 3259 581 3324 testium
596 3258 669 3324 deri
682 3263 756 3324 ente
770 3257 1010 3325 conclusionem
1019 3258 1055 3323 in
1070 3271 1176 3334 neusa.

19 3427 23 3438 .
75 3379 107 3437 et
122 3393 138 3438 ι
154 3371 279 3442 fortiori
297 3382 372 3440 unte
396 3375 601 3441 seutentiam.
622 3373 820 3462 (Pellegrini,
836 3371 931 3448 ibid..
948 3391 983 3438 n.
1005 3371 1072 3458 13.)

115 3491 146 3553 bt
158 3489 267 3557 Debet
285 3490 440 3574 repetitio
457 3489 548 3572 fieri,
574 3491 667 3575 prius
685 3505 787 3576 snper
808 3490 1067 3574 interrogatorio
1086 3509 1104 3555 ι
1121 3499 1181 3556 rec

76 3604 246 3686 propositis,
268 3611 304 3670 et
328 3611 442 3687 posteo
468 3614 571 3687 snper
582 3605 732 3670 examine
751 3603 818 3688 jam
842 3603 929 3670 neto
948 3599 991 3672 ad
1006 3603 1181 3692 intermen-

76 3711 286 3786 drmcurium.
306 3719 422 3807 (Idem,
437 3718 533 3798 ibid,
551 3740 585 3786 u.
608 3717 675 3804 10.)

116 3835 147 3898 6ο
161 3837 293 3906 Debent
308 3844 411 3904 testes
424 3837 470 3903 itu
487 3839 594 3921 repeti
614 3844 652 3902 ut
670 3835 830 3903 affirment
850 3855 925 3904 vern
948 3855 1019 3904 esse
1035 3855 1106 3924 qum
1122 3835 1181 3905 de-

79 3962 244 4033 posuerunt
258 3956 293 4020 in
307 3954 407 4038 priori
414 3953 576 4037 examine}
595 3953 622 4018 si
634 3953 783 4020 dicerent
798 3951 973 4019 dumtaxat
993 3973 1028 4019 se
1048 3973 1113 4021 non
1127 3973 1182 4021 re-

81 4068 194 4136 corun
206 4081 336 4138 unvero
351 4071 415 4137 sint
430 4072 570 4155 primum
590 4069 750 4155 deposito,
764 4070 887 4136 nullum
903 4071 968 4137 vim
985 4069 1123 4137 baberet
1138 4067 1180 4136 nd

82 4185 270 4262 probandum
289 4194 403 4254 contro
421 4207 515 4254 reum
526 4205 641 4254 eornm
661 4185 839 4272 depositio.
859 4187 975 4275 (Idem,
992 4186 1087 4271 ibid.)

120 4306 149 4366 7⁰
165 4305 272 4372 Debet
283 4305 504 4391 unusquisqne
516 4305 608 4370 testis
622 4305 729 4389 repeti
742 4323 803 4389 per
818 4313 1005 4388 extensum;
1021 4322 1084 4370 uec
1097 4301 1180 4368 suffi-

85 4411 122 4476 cit
133 4434 202 4484 enm
217 4439 290 4488 sose
304 4421 435 4494 peteme
445 4420 490 4490 ud
503 4419 638 4492 donn
650 4422 930 4511 percussorium
949 4420 1010 4492 sed
1021 4418 1127 4486 esbus
1137 4418 1179 4491 ud
