<?xml version="1.0" encoding="UTF-8"?>
<!DOCTYPE html PUBLIC "-//W3C//DTD XHTML 1.0 Transitional//EN"
    "http://www.w3.org/TR/xhtml1/DTD/xhtml1-transitional.dtd">
<html xmlns="http://www.w3.org/1999/xhtml" xml:lang="en" lang="en">
 <head>
  <title>
</title>
<meta http-equiv="Content-Type" content="text/html;charset=utf-8" />
  <meta name='ocr-system' content='tesseract 3.04.00' />
  <meta name='ocr-capabilities' content='ocr_page ocr_carea ocr_par ocr_line ocrx_word'/>
</head>
<body>
  <div class='ocr_page' id='page_1' title='image "./tractatusdejudi01bouigoog_0060.png"; bbox 0 0 2948 5126; ppageno 0'>
   <div class='ocr_carea' id='block_1_1' title="bbox 494 357 1179 421">
    <p class='ocr_par' dir='ltr' id='par_1_1' title="bbox 494 357 1179 421">
     <span class='ocr_line' id='line_1_1' title="bbox 494 357 1179 421; baseline -0.001 -9"><span class='ocrx_word' id='word_1_1' title='bbox 494 365 572 413; x_wconf 68' lang='lat' dir='ltr'>PARS</span> <span class='ocrx_word' id='word_1_2' title='bbox 594 363 753 413; x_wconf 75' lang='lat' dir='ltr'>SECUNDA.</span> <span class='ocrx_word' id='word_1_3' title='bbox 1136 357 1179 421; x_wconf 75' lang='grc'>49</span> 
     </span>
    </p>
   </div>
   <div class='ocr_carea' id='block_1_2' title="bbox 50 467 1202 1257">
    <p class='ocr_par' dir='ltr' id='par_1_2' title="bbox 50 467 1202 1257">
     <span class='ocr_line' id='line_1_2' title="bbox 142 467 1184 578; baseline 0.012 -26"><span class='ocrx_word' id='word_1_4' title='bbox 142 489 170 552; x_wconf 85' lang='grc'>6·</span> <span class='ocrx_word' id='word_1_5' title='bbox 181 467 358 574; x_wconf 78' lang='lat' dir='ltr'>Requiritur</span> <span class='ocrx_word' id='word_1_6' title='bbox 371 490 507 572; x_wconf 89' lang='lat' dir='ltr'>insuper</span> <span class='ocrx_word' id='word_1_7' title='bbox 520 497 559 555; x_wconf 92' lang='lat' dir='ltr'>ut</span> <span class='ocrx_word' id='word_1_8' title='bbox 577 489 786 555; x_wconf 87' lang='lat' dir='ltr'>denuntiator</span> <span class='ocrx_word' id='word_1_9' title='bbox 806 487 993 557; x_wconf 91' lang='lat' dir='ltr'>denominet</span> <span class='ocrx_word' id='word_1_10' title='bbox 1010 499 1129 578; x_wconf 91' lang='lat' dir='ltr'>testes;</span> <span class='ocrx_word' id='word_1_11' title='bbox 1150 507 1184 564; x_wconf 89' lang='lat' dir='ltr'>et</span> 
     </span>
     <span class='ocr_line' id='line_1_3' title="bbox 50 599 1180 696; baseline 0.009 -31"><span class='ocrx_word' id='word_1_12' title='bbox 50 673 53 684; x_wconf 54' lang='grc'><strong>,</strong></span> <span class='ocrx_word' id='word_1_13' title='bbox 104 599 184 683; x_wconf 85' lang='lat' dir='ltr'>judici</span> <span class='ocrx_word' id='word_1_14' title='bbox 203 612 347 688; x_wconf 80' lang='lat' dir='ltr'><strong>suggerat</strong></span> <span class='ocrx_word' id='word_1_15' title='bbox 367 603 586 688; x_wconf 73' lang='lat' dir='ltr'>probationes,</span> <span class='ocrx_word' id='word_1_16' title='bbox 605 603 711 669; x_wconf 89' lang='lat' dir='ltr'>media</span> <span class='ocrx_word' id='word_1_17' title='bbox 726 623 763 669; x_wconf 91' lang='lat' dir='ltr'>ac</span> <span class='ocrx_word' id='word_1_18' title='bbox 777 603 991 672; x_wconf 87' lang='lat' dir='ltr'>instrumenta</span> <span class='ocrx_word' id='word_1_19' title='bbox 1010 626 1082 692; x_wconf 86' lang='lat' dir='ltr'>quae</span> <span class='ocrx_word' id='word_1_20' title='bbox 1109 611 1180 696; x_wconf 83' lang='lat' dir='ltr'>scit,</span> 
     </span>
     <span class='ocr_line' id='line_1_4' title="bbox 105 715 1202 808; baseline 0.012 -29"><span class='ocrx_word' id='word_1_21' title='bbox 105 715 147 780; x_wconf 83' lang='lat' dir='ltr'>rel</span> <span class='ocrx_word' id='word_1_22' title='bbox 164 715 257 784; x_wconf 88' lang='lat' dir='ltr'>habet.</span> <span class='ocrx_word' id='word_1_23' title='bbox 272 718 312 785; x_wconf 91' lang='lat' dir='ltr'>ld</span> <span class='ocrx_word' id='word_1_24' title='bbox 328 738 445 803; x_wconf 87' lang='lat' dir='ltr'>nempe</span> <span class='ocrx_word' id='word_1_25' title='bbox 469 721 685 785; x_wconf 87' lang='lat' dir='ltr'>necessarium</span> <span class='ocrx_word' id='word_1_26' title='bbox 714 729 782 798; x_wconf 87' lang='lat' dir='ltr'>est,</span> <span class='ocrx_word' id='word_1_27' title='bbox 804 727 842 784; x_wconf 93' lang='lat' dir='ltr'>ut</span> <span class='ocrx_word' id='word_1_28' title='bbox 861 719 963 806; x_wconf 84' lang='lat' dir='ltr'>judex</span> <span class='ocrx_word' id='word_1_29' title='bbox 989 742 1182 808; x_wconf 82' lang='lat' dir='ltr'>cognoscere</span> <span class='ocrx_word' id='word_1_30' title='bbox 1199 799 1202 807; x_wconf 62' lang='grc'>,</span> 
     </span>
     <span class='ocr_line' id='line_1_5' title="bbox 105 834 1185 935; baseline 0.012 -40"><span class='ocrx_word' id='word_1_31' title='bbox 105 841 190 914; x_wconf 85' lang='lat' dir='ltr'>queat,</span> <span class='ocrx_word' id='word_1_32' title='bbox 205 853 241 899; x_wconf 91' lang='lat' dir='ltr'>an</span> <span class='ocrx_word' id='word_1_33' title='bbox 257 834 412 901; x_wconf 90' lang='lat' dir='ltr'>delictum</span> <span class='ocrx_word' id='word_1_34' title='bbox 428 835 625 902; x_wconf 88' lang='lat' dir='ltr'>sufficienter</span> <span class='ocrx_word' id='word_1_35' title='bbox 633 836 763 935; x_wconf 81' lang='lat' dir='ltr'>probari</span> <span class='ocrx_word' id='word_1_36' title='bbox 773 839 883 921; x_wconf 87' lang='lat' dir='ltr'><strong>possit,</strong></span> <span class='ocrx_word' id='word_1_37' title='bbox 899 847 932 903; x_wconf 92' lang='lat' dir='ltr'>ct</span> <span class='ocrx_word' id='word_1_38' title='bbox 945 851 1185 925; x_wconf 78' lang='lat' dir='ltr'>consequentur</span> 
     </span>
     <span class='ocr_line' id='line_1_6' title="bbox 104 945 1185 1038; baseline 0.012 -28"><span class='ocrx_word' id='word_1_39' title='bbox 104 945 252 1014; x_wconf 88' lang='lat' dir='ltr'>andeheat</span> <span class='ocrx_word' id='word_1_40' title='bbox 272 949 473 1017; x_wconf 81' lang='lat' dir='ltr'>denuntiatio</span> <span class='ocrx_word' id='word_1_41' title='bbox 488 951 589 1035; x_wconf 82' lang='lat' dir='ltr'>recipi</span> <span class='ocrx_word' id='word_1_42' title='bbox 608 953 661 1017; x_wconf 90' lang='lat' dir='ltr'>vel</span> <span class='ocrx_word' id='word_1_43' title='bbox 679 949 781 1037; x_wconf 81' lang='lat' dir='ltr'>rejici.</span> <span class='ocrx_word' id='word_1_44' title='bbox 810 952 915 1038; x_wconf 76' lang='lat' dir='ltr'>Atque</span> <span class='ocrx_word' id='word_1_45' title='bbox 940 953 973 1018; x_wconf 94' lang='lat' dir='ltr'>in</span> <span class='ocrx_word' id='word_1_46' title='bbox 994 953 1055 1020; x_wconf 91' lang='lat' dir='ltr'>hoc</span> <span class='ocrx_word' id='word_1_47' title='bbox 1077 955 1185 1023; x_wconf 84' lang='lat' dir='ltr'>differt</span> 
     </span>
     <span class='ocr_line' id='line_1_7' title="bbox 104 1060 1181 1157; baseline 0.013 -31"><span class='ocrx_word' id='word_1_48' title='bbox 104 1060 274 1133; x_wconf 76' lang='lat' dir='ltr'>denuntiatio</span> <span class='ocrx_word' id='word_1_49' title='bbox 299 1067 340 1133; x_wconf 87' lang='lat' dir='ltr'>ab</span> <span class='ocrx_word' id='word_1_50' title='bbox 366 1069 569 1134; x_wconf 80' lang='lat' dir='ltr'>accusatione</span> <span class='ocrx_word' id='word_1_51' title='bbox 588 1089 595 1134; x_wconf 92' lang='lat'><strong>:</strong></span> <span class='ocrx_word' id='word_1_52' title='bbox 613 1087 687 1132; x_wconf 91' lang='lat' dir='ltr'>nam</span> <span class='ocrx_word' id='word_1_53' title='bbox 710 1075 878 1137; x_wconf 87' lang='lat' dir='ltr'>accusator</span> <span class='ocrx_word' id='word_1_54' title='bbox 905 1078 1014 1154; x_wconf 91' lang='lat' dir='ltr'>potest</span> <span class='ocrx_word' id='word_1_55' title='bbox 1032 1072 1181 1157; x_wconf 81' lang='lat' dir='ltr'>quidem.</span> 
     </span>
     <span class='ocr_line' id='line_1_8' title="bbox 103 1177 1188 1257; baseline 0.015 -16"><span class='ocrx_word' id='word_1_56' title='bbox 103 1177 222 1248; x_wconf 87' lang='lat' dir='ltr'>sednon</span> <span class='ocrx_word' id='word_1_57' title='bbox 245 1189 381 1248; x_wconf 89' lang='lat' dir='ltr'>tenetur</span> <span class='ocrx_word' id='word_1_58' title='bbox 398 1188 501 1251; x_wconf 89' lang='lat' dir='ltr'>testes</span> <span class='ocrx_word' id='word_1_59' title='bbox 518 1185 628 1249; x_wconf 89' lang='lat' dir='ltr'>statim</span> <span class='ocrx_word' id='word_1_60' title='bbox 648 1181 689 1248; x_wconf 88' lang='lat' dir='ltr'>ab</span> <span class='ocrx_word' id='word_1_61' title='bbox 711 1184 803 1249; x_wconf 90' lang='lat' dir='ltr'>initio</span> <span class='ocrx_word' id='word_1_62' title='bbox 825 1183 1045 1254; x_wconf 89' lang='lat' dir='ltr'>denominare.</span> <span class='ocrx_word' id='word_1_63' title='bbox 1075 1190 1131 1256; x_wconf 86' lang='lat' dir='ltr'>Est</span> <span class='ocrx_word' id='word_1_64' title='bbox 1151 1198 1188 1257; x_wconf 92' lang='lat' dir='ltr'>et</span> 
     </span>
    </p>
   </div>
   <div class='ocr_carea' id='block_1_3' title="bbox 101 1294 1189 1602">
    <p class='ocr_par' dir='ltr' id='par_1_3' title="bbox 101 1294 1189 1602">
     <span class='ocr_line' id='line_1_9' title="bbox 103 1294 1189 1383; baseline 0.011 -25"><span class='ocrx_word' id='word_1_65' title='bbox 103 1294 172 1361; x_wconf 84' lang='lat' dir='ltr'>aiud</span> <span class='ocrx_word' id='word_1_66' title='bbox 183 1297 350 1365; x_wconf 88' lang='lat' dir='ltr'>discrimen</span> <span class='ocrx_word' id='word_1_67' title='bbox 366 1301 452 1365; x_wconf 87' lang='lat' dir='ltr'>circa</span> <span class='ocrx_word' id='word_1_68' title='bbox 463 1306 565 1366; x_wconf 87' lang='lat' dir='ltr'>testea</span> <span class='ocrx_word' id='word_1_69' title='bbox 584 1322 591 1365; x_wconf 91' lang='lat'><strong>:</strong></span> <span class='ocrx_word' id='word_1_70' title='bbox 610 1319 685 1366; x_wconf 90' lang='lat' dir='ltr'>nam</span> <span class='ocrx_word' id='word_1_71' title='bbox 704 1299 737 1364; x_wconf 93' lang='lat' dir='ltr'>in</span> <span class='ocrx_word' id='word_1_72' title='bbox 752 1319 906 1383; x_wconf 90' lang='lat' dir='ltr'>processu</span> <span class='ocrx_word' id='word_1_73' title='bbox 921 1306 1132 1380; x_wconf 87' lang='lat' dir='ltr'>accusatorio,</span> <span class='ocrx_word' id='word_1_74' title='bbox 1150 1309 1189 1370; x_wconf 81' lang='lat' dir='ltr'>ub</span> 
     </span>
     <span class='ocr_line' id='line_1_10' title="bbox 101 1406 1189 1498; baseline 0.01 -31"><span class='ocrx_word' id='word_1_75' title='bbox 101 1413 241 1470; x_wconf 73' lang='lat' dir='ltr'>motatore</span> <span class='ocrx_word' id='word_1_76' title='bbox 249 1411 475 1498; x_wconf 57' lang='lat' dir='ltr'>producentem</span> <span class='ocrx_word' id='word_1_77' title='bbox 488 1409 522 1472; x_wconf 94' lang='lat' dir='ltr'>iu</span> <span class='ocrx_word' id='word_1_78' title='bbox 539 1406 779 1473; x_wconf 91' lang='lat' dir='ltr'>denuntiatorio</span> <span class='ocrx_word' id='word_1_79' title='bbox 795 1427 887 1487; x_wconf 84' lang='lat' dir='ltr'>vero,</span> <span class='ocrx_word' id='word_1_80' title='bbox 904 1410 982 1474; x_wconf 87' lang='lat' dir='ltr'>licet</span> <span class='ocrx_word' id='word_1_81' title='bbox 996 1429 1052 1476; x_wconf 92' lang='lat' dir='ltr'>eos</span> <span class='ocrx_word' id='word_1_82' title='bbox 1072 1411 1189 1478; x_wconf 90' lang='lat' dir='ltr'>indica·</span> 
     </span>
     <span class='ocr_line' id='line_1_11' title="bbox 102 1509 1189 1602; baseline 0.012 -31"><span class='ocrx_word' id='word_1_83' title='bbox 102 1509 168 1574; x_wconf 80' lang='lat' dir='ltr'>uerit</span> <span class='ocrx_word' id='word_1_84' title='bbox 181 1510 397 1590; x_wconf 89' lang='lat' dir='ltr'>denuntiator,</span> <span class='ocrx_word' id='word_1_85' title='bbox 414 1523 609 1578; x_wconf 81' lang='lat' dir='ltr'>assumuntur</span> <span class='ocrx_word' id='word_1_86' title='bbox 629 1533 648 1579; x_wconf 94' lang='lat' dir='ltr'>a</span> <span class='ocrx_word' id='word_1_87' title='bbox 670 1510 780 1598; x_wconf 88' lang='lat' dir='ltr'>judice</span> <span class='ocrx_word' id='word_1_88' title='bbox 802 1533 842 1579; x_wconf 84' lang='lat' dir='ltr'>er</span> <span class='ocrx_word' id='word_1_89' title='bbox 860 1513 972 1594; x_wconf 89' lang='lat' dir='ltr'>officie,</span> <span class='ocrx_word' id='word_1_90' title='bbox 995 1529 1189 1602; x_wconf 81' lang='lat' dir='ltr'>suggerente</span> 
     </span>
    </p>
   </div>
   <div class='ocr_carea' id='block_1_4' title="bbox 101 1619 316 1694">
    <p class='ocr_par' dir='ltr' id='par_1_4' title="bbox 101 1619 316 1694">
     <span class='ocr_line' id='line_1_12' title="bbox 101 1619 316 1694; baseline 0.028 -8"><span class='ocrx_word' id='word_1_91' title='bbox 101 1619 316 1694; x_wconf 87' lang='lat' dir='ltr'>denuntiatore.</span> 
     </span>
    </p>
   </div>
   <div class='ocr_carea' id='block_1_5' title="bbox 584 1879 676 1956">
    <p class='ocr_par' dir='ltr' id='par_1_5' title="bbox 584 1879 676 1956">
     <span class='ocr_line' id='line_1_13' title="bbox 584 1879 676 1956; baseline 0 -14"><span class='ocrx_word' id='word_1_92' title='bbox 584 1885 602 1956; x_wconf 69' lang='lat'>5</span> <span class='ocrx_word' id='word_1_93' title='bbox 625 1879 676 1942; x_wconf 83' lang='lat' dir='ltr'>vt.</span> 
     </span>
    </p>
   </div>
   <div class='ocr_carea' id='block_1_6' title="bbox 164 2134 1119 2293">
    <p class='ocr_par' dir='ltr' id='par_1_6' title="bbox 164 2134 1119 2293">
     <span class='ocr_line' id='line_1_14' title="bbox 164 2134 1119 2199; baseline 0.014 -15"><span class='ocrx_word' id='word_1_94' title='bbox 164 2137 196 2185; x_wconf 78' lang='lat' dir='ltr'>in</span> <span class='ocrx_word' id='word_1_95' title='bbox 206 2149 302 2188; x_wconf 79' lang='lat' dir='ltr'>uacasse</span> <span class='ocrx_word' id='word_1_96' title='bbox 317 2136 348 2186; x_wconf 84' lang='lat' dir='ltr'>sit</span> <span class='ocrx_word' id='word_1_97' title='bbox 358 2134 464 2196; x_wconf 74' lang='lat' dir='ltr'>judiciali</span> <span class='ocrx_word' id='word_1_98' title='bbox 481 2135 648 2186; x_wconf 77' lang='lat' dir='ltr'>denuntiationi</span> <span class='ocrx_word' id='word_1_99' title='bbox 660 2139 769 2199; x_wconf 73' lang='lat' dir='ltr'>promitti</span> <span class='ocrx_word' id='word_1_100' title='bbox 791 2140 940 2190; x_wconf 84' lang='lat' dir='ltr'>monitionem</span> <span class='ocrx_word' id='word_1_101' title='bbox 960 2144 1119 2197; x_wconf 73' lang='lat' dir='ltr'>standarum</span> 
     </span>
     <span class='ocr_line' id='line_1_15' title="bbox 526 2232 744 2293; baseline 0 -13"><span class='ocrx_word' id='word_1_102' title='bbox 526 2243 567 2280; x_wconf 81' lang='lat' dir='ltr'>scu</span> <span class='ocrx_word' id='word_1_103' title='bbox 579 2232 744 2293; x_wconf 74' lang='lat' dir='ltr'>evangelicam.</span> 
     </span>
    </p>
   </div>
   <div class='ocr_carea' id='block_1_7' title="bbox 98 2486 1196 3038">
    <p class='ocr_par' dir='ltr' id='par_1_7' title="bbox 98 2486 1196 3038">
     <span class='ocr_line' id='line_1_16' title="bbox 137 2486 1190 2578; baseline 0.012 -26"><span class='ocrx_word' id='word_1_104' title='bbox 137 2493 161 2553; x_wconf 91' lang='lat' dir='ltr'>l.</span> <span class='ocrx_word' id='word_1_105' title='bbox 185 2487 291 2576; x_wconf 69' lang='lat' dir='ltr'>Aliqui</span> <span class='ocrx_word' id='word_1_106' title='bbox 312 2486 482 2565; x_wconf 91' lang='lat' dir='ltr'>doctores,</span> <span class='ocrx_word' id='word_1_107' title='bbox 503 2487 592 2554; x_wconf 88' lang='lat' dir='ltr'>inter</span> <span class='ocrx_word' id='word_1_108' title='bbox 611 2505 693 2572; x_wconf 86' lang='lat' dir='ltr'>quos</span> <span class='ocrx_word' id='word_1_109' title='bbox 716 2487 851 2556; x_wconf 82' lang='lat' dir='ltr'>Azorius</span> <span class='ocrx_word' id='word_1_110' title='bbox 874 2491 978 2578; x_wconf 88' lang='lat' dir='ltr'>(parte</span> <span class='ocrx_word' id='word_1_111' title='bbox 1000 2497 1031 2574; x_wconf 88' lang='grc'>3,</span> <span class='ocrx_word' id='word_1_112' title='bbox 1050 2496 1108 2562; x_wconf 91' lang='lat' dir='ltr'>lib.</span> <span class='ocrx_word' id='word_1_113' title='bbox 1140 2500 1190 2576; x_wconf 85' lang='lat'>13,</span> 
     </span>
     <span class='ocr_line' id='line_1_17' title="bbox 99 2602 1192 2698; baseline 0.009 -29"><span class='ocrx_word' id='word_1_114' title='bbox 99 2621 155 2688; x_wconf 85' lang='lat' dir='ltr'>cap.</span> <span class='ocrx_word' id='word_1_115' title='bbox 177 2609 229 2688; x_wconf 78' lang='lat'>21,</span> <span class='ocrx_word' id='word_1_116' title='bbox 242 2605 322 2672; x_wconf 92' lang='lat' dir='ltr'>dub.</span> <span class='ocrx_word' id='word_1_117' title='bbox 340 2602 385 2690; x_wconf 81' lang='grc'>5),</span> <span class='ocrx_word' id='word_1_118' title='bbox 404 2613 439 2672; x_wconf 91' lang='lat' dir='ltr'>et</span> <span class='ocrx_word' id='word_1_119' title='bbox 451 2603 602 2688; x_wconf 79' lang='lat' dir='ltr'>Pirrhing</span> <span class='ocrx_word' id='word_1_120' title='bbox 618 2603 662 2690; x_wconf 89' lang='lat' dir='ltr'>(in</span> <span class='ocrx_word' id='word_1_121' title='bbox 678 2605 730 2670; x_wconf 86' lang='lat' dir='ltr'>tit.</span> <span class='ocrx_word' id='word_1_122' title='bbox 755 2609 783 2683; x_wconf 64' lang='lat' dir='ltr'>i&#39;,</span> <span class='ocrx_word' id='word_1_123' title='bbox 807 2605 884 2672; x_wconf 76' lang='lat' dir='ltr'>iibri</span> <span class='ocrx_word' id='word_1_124' title='bbox 899 2609 917 2671; x_wconf 89' lang='lat'><strong>5</strong></span> <span class='ocrx_word' id='word_1_125' title='bbox 934 2607 1075 2691; x_wconf 77' lang='lat' dir='ltr'>decret..</span> <span class='ocrx_word' id='word_1_126' title='bbox 1093 2631 1127 2678; x_wconf 90' lang='lat' dir='ltr'>n.</span> <span class='ocrx_word' id='word_1_127' title='bbox 1146 2613 1192 2698; x_wconf 82' lang='lat'>9),</span> 
     </span>
     <span class='ocr_line' id='line_1_18' title="bbox 98 2719 1196 2811; baseline 0.01 -29"><span class='ocrx_word' id='word_1_128' title='bbox 98 2724 305 2792; x_wconf 87' lang='lat' dir='ltr'>sustinuerunt</span> <span class='ocrx_word' id='word_1_129' title='bbox 318 2724 353 2788; x_wconf 88' lang='lat' dir='ltr'>in</span> <span class='ocrx_word' id='word_1_130' title='bbox 369 2720 442 2786; x_wconf 86' lang='lat' dir='ltr'>iuro</span> <span class='ocrx_word' id='word_1_131' title='bbox 459 2719 595 2806; x_wconf 90' lang='lat' dir='ltr'>quidem</span> <span class='ocrx_word' id='word_1_132' title='bbox 612 2719 759 2786; x_wconf 85' lang='lat' dir='ltr'>saeculuri</span> <span class='ocrx_word' id='word_1_133' title='bbox 779 2720 901 2807; x_wconf 86' lang='lat' dir='ltr'>absque</span> <span class='ocrx_word' id='word_1_134' title='bbox 920 2725 1039 2806; x_wconf 75' lang='lat' dir='ltr'>previa</span> <span class='ocrx_word' id='word_1_135' title='bbox 1058 2745 1196 2811; x_wconf 77' lang='lat' dir='ltr'>evange·</span> 
     </span>
     <span class='ocr_line' id='line_1_19' title="bbox 100 2833 1195 2922; baseline 0.011 -24"><span class='ocrx_word' id='word_1_136' title='bbox 100 2834 150 2904; x_wconf 89' lang='lat' dir='ltr'>lica</span> <span class='ocrx_word' id='word_1_137' title='bbox 164 2839 337 2906; x_wconf 89' lang='lat' dir='ltr'>monitione</span> <span class='ocrx_word' id='word_1_138' title='bbox 354 2854 448 2922; x_wconf 90' lang='lat' dir='ltr'>posse</span> <span class='ocrx_word' id='word_1_139' title='bbox 467 2835 540 2900; x_wconf 86' lang='lat' dir='ltr'>fieri</span> <span class='ocrx_word' id='word_1_140' title='bbox 559 2833 838 2902; x_wconf 84' lang='lat' dir='ltr'>denuntiationem</span> <span class='ocrx_word' id='word_1_141' title='bbox 850 2835 1037 2921; x_wconf 84' lang='lat' dir='ltr'>judicialem</span> <span class='ocrx_word' id='word_1_142' title='bbox 1052 2863 1060 2908; x_wconf 77' lang='grc' dir='ltr'>ε</span> <span class='ocrx_word' id='word_1_143' title='bbox 1074 2842 1107 2906; x_wconf 93' lang='lat' dir='ltr'>in</span> <span class='ocrx_word' id='word_1_144' title='bbox 1122 2842 1195 2910; x_wconf 90' lang='lat' dir='ltr'>foro</span> 
     </span>
     <span class='ocr_line' id='line_1_20' title="bbox 100 2951 1196 3038; baseline 0.007 -22"><span class='ocrx_word' id='word_1_145' title='bbox 100 2962 195 3021; x_wconf 90' lang='lat' dir='ltr'>autem</span> <span class='ocrx_word' id='word_1_146' title='bbox 209 2954 425 3022; x_wconf 90' lang='lat' dir='ltr'>ecclesiastico</span> <span class='ocrx_word' id='word_1_147' title='bbox 447 2951 482 3018; x_wconf 91' lang='lat' dir='ltr'>id</span> <span class='ocrx_word' id='word_1_148' title='bbox 499 2970 702 3037; x_wconf 89' lang='lat' dir='ltr'>nequaquam</span> <span class='ocrx_word' id='word_1_149' title='bbox 716 2952 828 3030; x_wconf 82' lang='lat' dir='ltr'>licere,</span> <span class='ocrx_word' id='word_1_150' title='bbox 843 2951 902 3018; x_wconf 90' lang='lat' dir='ltr'>sed</span> <span class='ocrx_word' id='word_1_151' title='bbox 913 2952 1060 3038; x_wconf 88' lang='lat' dir='ltr'>judiciali</span> <span class='ocrx_word' id='word_1_152' title='bbox 1073 2955 1196 3023; x_wconf 78' lang='lat' dir='ltr'>denun-</span> 
     </span>
    </p>
   </div>
   <div class='ocr_carea' id='block_1_8' title="bbox 98 3067 1194 3251">
    <p class='ocr_par' dir='ltr' id='par_1_8' title="bbox 98 3067 1194 3251">
     <span class='ocr_line' id='line_1_21' title="bbox 99 3067 1194 3156; baseline 0.007 -24"><span class='ocrx_word' id='word_1_153' title='bbox 99 3069 206 3138; x_wconf 89' lang='lat' dir='ltr'>tiationi</span> <span class='ocrx_word' id='word_1_154' title='bbox 231 3067 494 3156; x_wconf 85' lang='lat' dir='ltr'>praemittendam</span> <span class='ocrx_word' id='word_1_155' title='bbox 519 3068 648 3136; x_wconf 86' lang='lat' dir='ltr'>omnino</span> <span class='ocrx_word' id='word_1_156' title='bbox 674 3087 744 3134; x_wconf 88' lang='lat' dir='ltr'>esse</span> <span class='ocrx_word' id='word_1_157' title='bbox 770 3067 992 3136; x_wconf 79' lang='lat' dir='ltr'>charitativam</span> <span class='ocrx_word' id='word_1_158' title='bbox 1017 3075 1194 3140; x_wconf 86' lang='lat' dir='ltr'>correctio-</span> 
     </span>
     <span class='ocr_line' id='line_1_22' title="bbox 98 3203 170 3251; baseline 0.056 -4"><span class='ocrx_word' id='word_1_159' title='bbox 98 3203 170 3251; x_wconf 89' lang='lat' dir='ltr'>nem.</span> 
     </span>
    </p>
   </div>
   <div class='ocr_carea' id='block_1_9' title="bbox 99 3299 1190 3742">
    <p class='ocr_par' dir='ltr' id='par_1_9' title="bbox 99 3299 1190 3742">
     <span class='ocr_line' id='line_1_23' title="bbox 134 3299 1190 3387; baseline 0.005 -21"><span class='ocrx_word' id='word_1_160' title='bbox 134 3305 161 3368; x_wconf 79' lang='lat'>2.</span> <span class='ocrx_word' id='word_1_161' title='bbox 178 3303 382 3371; x_wconf 86' lang='lat' dir='ltr'>Communior</span> <span class='ocrx_word' id='word_1_162' title='bbox 399 3310 508 3368; x_wconf 89' lang='lat' dir='ltr'>tamen</span> <span class='ocrx_word' id='word_1_163' title='bbox 522 3305 574 3368; x_wconf 89' lang='lat' dir='ltr'>est</span> <span class='ocrx_word' id='word_1_164' title='bbox 588 3300 750 3367; x_wconf 84' lang='lat' dir='ltr'>contraria</span> <span class='ocrx_word' id='word_1_165' title='bbox 764 3299 942 3379; x_wconf 88' lang='lat' dir='ltr'>sententia,</span> <span class='ocrx_word' id='word_1_166' title='bbox 961 3319 1058 3387; x_wconf 86' lang='lat' dir='ltr'>quom</span> <span class='ocrx_word' id='word_1_167' title='bbox 1074 3302 1190 3370; x_wconf 87' lang='lat' dir='ltr'>deien-</span> 
     </span>
     <span class='ocr_line' id='line_1_24' title="bbox 99 3401 1190 3507; baseline 0.006 -25"><span class='ocrx_word' id='word_1_168' title='bbox 99 3401 331 3507; x_wconf 77' lang='lat' dir='ltr'>duntLayman,</span> <span class='ocrx_word' id='word_1_169' title='bbox 351 3419 487 3498; x_wconf 74' lang='lat' dir='ltr'>Loesius,</span> <span class='ocrx_word' id='word_1_170' title='bbox 506 3417 618 3484; x_wconf 87' lang='lat' dir='ltr'>Gastm</span> <span class='ocrx_word' id='word_1_171' title='bbox 633 3416 731 3483; x_wconf 89' lang='lat' dir='ltr'>Palao</span> <span class='ocrx_word' id='word_1_172' title='bbox 742 3423 775 3482; x_wconf 91' lang='lat' dir='ltr'>et</span> <span class='ocrx_word' id='word_1_173' title='bbox 789 3417 1092 3501; x_wconf 86' lang='lat' dir='ltr'>aliiquamplurimi.</span> <span class='ocrx_word' id='word_1_174' title='bbox 1110 3423 1190 3488; x_wconf 86' lang='lat' dir='ltr'>Rem</span> 
     </span>
     <span class='ocr_line' id='line_1_25' title="bbox 99 3532 1186 3624; baseline 0.005 -25"><span class='ocrx_word' id='word_1_175' title='bbox 99 3539 284 3624; x_wconf 84' lang='lat' dir='ltr'>exproiesso</span> <span class='ocrx_word' id='word_1_176' title='bbox 303 3535 436 3603; x_wconf 84' lang='lat' dir='ltr'>discutit</span> <span class='ocrx_word' id='word_1_177' title='bbox 463 3534 672 3602; x_wconf 82' lang='lat' dir='ltr'>Bciffenstuel</span> <span class='ocrx_word' id='word_1_178' title='bbox 692 3533 736 3621; x_wconf 85' lang='lat' dir='ltr'>(in</span> <span class='ocrx_word' id='word_1_179' title='bbox 763 3533 814 3598; x_wconf 87' lang='lat' dir='ltr'>tit.</span> <span class='ocrx_word' id='word_1_180' title='bbox 846 3537 874 3612; x_wconf 86' lang='lat' dir='ltr'>i,</span> <span class='ocrx_word' id='word_1_181' title='bbox 899 3532 1014 3600; x_wconf 77' lang='lat' dir='ltr'>utris</span> <span class='ocrx_word' id='word_1_182' title='bbox 1045 3535 1186 3619; x_wconf 82' lang='lat' dir='ltr'>decret,</span> 
     </span>
     <span class='ocr_line' id='line_1_26' title="bbox 100 3649 1186 3742; baseline 0.005 -28"><span class='ocrx_word' id='word_1_183' title='bbox 100 3669 124 3716; x_wconf 91' lang='lat' dir='ltr'>n.</span> <span class='ocrx_word' id='word_1_184' title='bbox 143 3654 202 3742; x_wconf 84' lang='grc'>98),</span> <span class='ocrx_word' id='word_1_185' title='bbox 217 3654 312 3741; x_wconf 84' lang='lat' dir='ltr'>cujus</span> <span class='ocrx_word' id='word_1_186' title='bbox 338 3652 495 3720; x_wconf 84' lang='lat' dir='ltr'>doctrinae</span> <span class='ocrx_word' id='word_1_187' title='bbox 520 3649 589 3716; x_wconf 83' lang='lat' dir='ltr'>haec</span> <span class='ocrx_word' id='word_1_188' title='bbox 607 3668 731 3716; x_wconf 89' lang='lat' dir='ltr'>summa</span> <span class='ocrx_word' id='word_1_189' title='bbox 746 3657 796 3715; x_wconf 88' lang='lat' dir='ltr'>est</span> <span class='ocrx_word' id='word_1_190' title='bbox 815 3653 954 3731; x_wconf 57' lang='lat' dir='ltr'>:pacm</span> <span class='ocrx_word' id='word_1_191' title='bbox 972 3669 1033 3716; x_wconf 91' lang='lat' dir='ltr'>neo</span> <span class='ocrx_word' id='word_1_192' title='bbox 1056 3651 1186 3733; x_wconf 85' lang='lat' dir='ltr'>divino,</span> 
     </span>
    </p>
   </div>
   <div class='ocr_carea' id='block_1_10' title="bbox 96 3765 1190 3962">
    <p class='ocr_par' dir='ltr' id='par_1_10' title="bbox 96 3765 1190 3962">
     <span class='ocr_line' id='line_1_27' title="bbox 98 3765 1190 3854; baseline 0.007 -23"><span class='ocrx_word' id='word_1_193' title='bbox 98 3785 145 3835; x_wconf 92' lang='lat' dir='ltr'>nec</span> <span class='ocrx_word' id='word_1_194' title='bbox 171 3772 310 3837; x_wconf 90' lang='lat' dir='ltr'>humano</span> <span class='ocrx_word' id='word_1_195' title='bbox 322 3768 398 3854; x_wconf 86' lang='lat' dir='ltr'>jure</span> <span class='ocrx_word' id='word_1_196' title='bbox 422 3768 541 3853; x_wconf 85' lang='lat' dir='ltr'>praevia</span> <span class='ocrx_word' id='word_1_197' title='bbox 561 3765 615 3832; x_wconf 91' lang='lat' dir='ltr'>illa</span> <span class='ocrx_word' id='word_1_198' title='bbox 630 3765 821 3832; x_wconf 87' lang='lat' dir='ltr'>charitativa</span> <span class='ocrx_word' id='word_1_199' title='bbox 835 3765 970 3830; x_wconf 91' lang='lat' dir='ltr'>monitio</span> <span class='ocrx_word' id='word_1_200' title='bbox 988 3766 1031 3832; x_wconf 92' lang='lat' dir='ltr'>ud</span> <span class='ocrx_word' id='word_1_201' title='bbox 1046 3770 1190 3838; x_wconf 86' lang='lat' dir='ltr'>valorem</span> 
     </span>
     <span class='ocr_line' id='line_1_28' title="bbox 96 3872 1187 3962; baseline 0.01 -27"><span class='ocrx_word' id='word_1_202' title='bbox 96 3877 268 3962; x_wconf 86' lang='lat' dir='ltr'>requiritur.</span> <span class='ocrx_word' id='word_1_203' title='bbox 302 3877 456 3954; x_wconf 74' lang='lat' dir='ltr'>Secundo,</span> <span class='ocrx_word' id='word_1_204' title='bbox 480 3879 590 3938; x_wconf 82' lang='lat' dir='ltr'>textus</span> <span class='ocrx_word' id='word_1_205' title='bbox 618 3872 673 3956; x_wconf 94' lang='lat' dir='ltr'>qui</span> <span class='ocrx_word' id='word_1_206' title='bbox 701 3872 735 3936; x_wconf 92' lang='lat' dir='ltr'>in</span> <span class='ocrx_word' id='word_1_207' title='bbox 765 3873 966 3938; x_wconf 89' lang='lat' dir='ltr'>contrarium</span> <span class='ocrx_word' id='word_1_208' title='bbox 995 3873 1187 3961; x_wconf 81' lang='lat' dir='ltr'>afferuntur,</span> 
     </span>
    </p>
   </div>
   <div class='ocr_carea' id='block_1_11' title="bbox 97 3985 1193 4187">
    <p class='ocr_par' dir='ltr' id='par_1_11' title="bbox 97 3985 1193 4187">
     <span class='ocr_line' id='line_1_29' title="bbox 97 3985 1189 4076; baseline 0.007 -22"><span class='ocrx_word' id='word_1_209' title='bbox 97 4003 196 4076; x_wconf 88' lang='lat' dir='ltr'>nempe</span> <span class='ocrx_word' id='word_1_210' title='bbox 213 3991 320 4076; x_wconf 89' lang='lat' dir='ltr'>capita</span> <span class='ocrx_word' id='word_1_211' title='bbox 334 3994 353 4054; x_wconf 78' lang='lat'>2</span> <span class='ocrx_word' id='word_1_212' title='bbox 366 3997 400 4056; x_wconf 89' lang='lat' dir='ltr'>et</span> <span class='ocrx_word' id='word_1_213' title='bbox 419 3990 472 4068; x_wconf 79' lang='lat'>20,</span> <span class='ocrx_word' id='word_1_214' title='bbox 487 3988 575 4054; x_wconf 91' lang='lat' dir='ltr'>tituli</span> <span class='ocrx_word' id='word_1_215' title='bbox 589 3991 618 4066; x_wconf 92' lang='lat' dir='ltr'>l,</span> <span class='ocrx_word' id='word_1_216' title='bbox 634 3986 709 4054; x_wconf 88' lang='lat' dir='ltr'>libri</span> <span class='ocrx_word' id='word_1_217' title='bbox 721 3985 982 4066; x_wconf 84' lang='lat' dir='ltr'>5decretaiium,</span> <span class='ocrx_word' id='word_1_218' title='bbox 998 4009 1123 4060; x_wconf 83' lang='lat' dir='ltr'>necnon</span> <span class='ocrx_word' id='word_1_219' title='bbox 1135 4017 1189 4066; x_wconf 84' lang='lat' dir='ltr'>ca-</span> 
     </span>
     <span class='ocr_line' id='line_1_30' title="bbox 97 4093 1193 4187; baseline -0.003 -27"><span class='ocrx_word' id='word_1_220' title='bbox 97 4103 146 4178; x_wconf 89' lang='lat' dir='ltr'>put</span> <span class='ocrx_word' id='word_1_221' title='bbox 156 4105 242 4164; x_wconf 75' lang='lat' dir='ltr'>Novit</span> <span class='ocrx_word' id='word_1_222' title='bbox 255 4094 463 4187; x_wconf 74' lang='lat' dir='ltr'>(octauum),</span> <span class='ocrx_word' id='word_1_223' title='bbox 477 4113 543 4160; x_wconf 91' lang='lat' dir='ltr'>non</span> <span class='ocrx_word' id='word_1_224' title='bbox 557 4093 706 4178; x_wconf 87' lang='lat' dir='ltr'>probant.</span> <span class='ocrx_word' id='word_1_225' title='bbox 726 4099 836 4175; x_wconf 79' lang='lat' dir='ltr'>Tertio,</span> <span class='ocrx_word' id='word_1_226' title='bbox 853 4113 926 4162; x_wconf 86' lang='lat' dir='ltr'>cuna</span> <span class='ocrx_word' id='word_1_227' title='bbox 939 4095 1193 4170; x_wconf 87' lang='lat' dir='ltr'>finisdenuntia..</span> 
     </span>
    </p>
   </div>
   <div class='ocr_carea' id='block_1_12' title="bbox 96 4207 1196 4617">
    <p class='ocr_par' dir='ltr' id='par_1_12' title="bbox 96 4207 1193 4294">
     <span class='ocr_line' id='line_1_31' title="bbox 96 4207 1193 4294; baseline 0.01 -22"><span class='ocrx_word' id='word_1_228' title='bbox 96 4210 179 4278; x_wconf 86' lang='lat' dir='ltr'>tionis</span> <span class='ocrx_word' id='word_1_229' title='bbox 191 4235 253 4281; x_wconf 95' lang='lat' dir='ltr'>non</span> <span class='ocrx_word' id='word_1_230' title='bbox 271 4216 313 4280; x_wconf 90' lang='lat' dir='ltr'>sit</span> <span class='ocrx_word' id='word_1_231' title='bbox 327 4212 450 4278; x_wconf 90' lang='lat' dir='ltr'>bonum</span> <span class='ocrx_word' id='word_1_232' title='bbox 460 4229 520 4276; x_wconf 89' lang='lat' dir='ltr'>seu</span> <span class='ocrx_word' id='word_1_233' title='bbox 533 4208 717 4276; x_wconf 87' lang='lat' dir='ltr'>emendatio</span> <span class='ocrx_word' id='word_1_234' title='bbox 731 4207 959 4294; x_wconf 87' lang='lat' dir='ltr'>delinquentis,</span> <span class='ocrx_word' id='word_1_235' title='bbox 974 4211 1033 4278; x_wconf 91' lang='lat' dir='ltr'>sed</span> <span class='ocrx_word' id='word_1_236' title='bbox 1050 4215 1193 4284; x_wconf 88' lang='lat' dir='ltr'>vindicta</span> 
     </span>
    </p>

    <p class='ocr_par' dir='ltr' id='par_1_13' title="bbox 100 4324 1194 4412">
     <span class='ocr_line' id='line_1_32' title="bbox 100 4324 1194 4412; baseline 0.006 -23"><span class='ocrx_word' id='word_1_237' title='bbox 100 4325 215 4407; x_wconf 86' lang='lat' dir='ltr'>publica</span> <span class='ocrx_word' id='word_1_238' title='bbox 228 4327 270 4396; x_wconf 88' lang='lat' dir='ltr'>ad</span> <span class='ocrx_word' id='word_1_239' title='bbox 280 4325 469 4412; x_wconf 84' lang='lat' dir='ltr'>exemplum</span> <span class='ocrx_word' id='word_1_240' title='bbox 483 4331 518 4392; x_wconf 90' lang='lat' dir='ltr'>et</span> <span class='ocrx_word' id='word_1_241' title='bbox 532 4332 694 4392; x_wconf 90' lang='lat' dir='ltr'>terrorem</span> <span class='ocrx_word' id='word_1_242' title='bbox 708 4324 855 4404; x_wconf 86' lang='lat' dir='ltr'>aliorum,</span> <span class='ocrx_word' id='word_1_243' title='bbox 866 4325 989 4392; x_wconf 89' lang='lat' dir='ltr'>inutilis</span> <span class='ocrx_word' id='word_1_244' title='bbox 1002 4335 1052 4392; x_wconf 90' lang='lat' dir='ltr'>est</span> <span class='ocrx_word' id='word_1_245' title='bbox 1064 4337 1194 4397; x_wconf 84' lang='lat' dir='ltr'>secreta</span> 
     </span>
    </p>

    <p class='ocr_par' dir='ltr' id='par_1_14' title="bbox 100 4440 1196 4617">
     <span class='ocr_line' id='line_1_33' title="bbox 100 4440 1196 4530; baseline 0.011 -27"><span class='ocrx_word' id='word_1_246' title='bbox 100 4443 217 4510; x_wconf 86' lang='lat' dir='ltr'>monitio</span> <span class='ocrx_word' id='word_1_247' title='bbox 229 4443 433 4530; x_wconf 89' lang='lat' dir='ltr'>delinquenti</span> <span class='ocrx_word' id='word_1_248' title='bbox 445 4440 548 4527; x_wconf 85' lang='lat' dir='ltr'>iacta;</span> <span class='ocrx_word' id='word_1_249' title='bbox 561 4441 635 4526; x_wconf 87' lang='lat' dir='ltr'>quia</span> <span class='ocrx_word' id='word_1_250' title='bbox 646 4440 794 4508; x_wconf 86' lang='lat' dir='ltr'>etiamsic</span> <span class='ocrx_word' id='word_1_251' title='bbox 807 4441 996 4525; x_wconf 75' lang='lat' dir='ltr'>premonita</span> <span class='ocrx_word' id='word_1_252' title='bbox 1003 4441 1066 4506; x_wconf 88' lang='lat' dir='ltr'>isto</span> <span class='ocrx_word' id='word_1_253' title='bbox 1076 4449 1112 4512; x_wconf 89' lang='lat' dir='ltr'>et</span> <span class='ocrx_word' id='word_1_254' title='bbox 1123 4460 1196 4514; x_wconf 75' lang='lat' dir='ltr'>sese</span> 
     </span>
     <span class='ocr_line' id='line_1_34' title="bbox 196 4555 1095 4617; baseline 0.003 -3"><span class='ocrx_word' id='word_1_255' title='bbox 196 4555 228 4615; x_wconf 90' lang='lat' dir='ltr'>ii.</span> <span class='ocrx_word' id='word_1_256' title='bbox 1075 4557 1095 4617; x_wconf 75' lang='lat' dir='ltr'>t</span> 
     </span>
    </p>
   </div>
   <div class='ocr_carea' id='block_1_13' title="bbox 0 0 1478 5126">
    <p class='ocr_par' dir='ltr' id='par_1_15' title="bbox 0 0 1478 5126">
     <span class='ocr_line' id='line_1_35' title="bbox 0 0 1478 5126; baseline 0 2"><span class='ocrx_word' id='word_1_257' title='bbox 0 0 1478 5126; x_wconf 95' lang='lat' dir='ltr'> </span> 
     </span>
    </p>
   </div>
  </div>
 </body>
</html>
