2848 5118
516 380 596 429 PARS
618 379 776 430 sacuam.

548 461 566 492 t

540 637 673 720 cleur
697 640 751 704 Vl.

243 932 246 936 ,
311 881 377 930 ‚DE
400 877 512 928 DANDO
535 875 683 926 resumo
706 878 949 934 nurursmuutl·
1043 933 1046 936 ,

138 1135 169 1197 1.
189 1131 268 1196 Post
281 1128 482 1214 publicatum
493 1145 682 1213 processum
690 1125 890 1204 offensivum
903 1134 936 1191 et
944 1144 1130 1192 concessam
1144 1147 1205 1195 reo

98 1245 231 1332 ejusdcm
246 1243 385 1329 copiam,
403 1262 488 1322 cum,
505 1250 563 1308 aut
577 1243 645 1308 sine
665 1240 850 1307 nominibus
864 1242 1010 1320 testium,
1026 1248 1064 1307 ut
1079 1241 1205 1308 dictum

98 1370 155 1440 est,
175 1361 276 1427 debet
289 1359 393 1445 judex
413 1379 471 1426 reo
485 1359 593 1446 (etiam
609 1378 673 1423 nou
692 1353 828 1442 petenti)
855 1358 1102 1424 convenientem
1129 1360 1205 1424 assi-

96 1495 185 1560 gnare
200 1475 376 1540 terminum
391 1472 434 1540 ad
458 1471 624 1538 faciendas
641 1470 847 1538 defensiones
867 1492 952 1550 suas,
970 1471 1058 1538 idest
1071 1472 1113 1539 ad
1130 1481 1205 1558 por-⁸

95 1590 237 1675 rigendos
250 1590 404 1657 articulos
419 1608 493 1655 suos
504 1586 722 1666 defensorios,
743 1608 803 1654 nec
831 1609 895 1654 non
915 1587 957 1654 ad
974 1587 1205 1672 producendos

96 1713 188 1772 testes
202 1714 235 1772 et
248 1707 467 1773 instrumenta
484 1705 520 1768 in
534 1703 652 1770 horum
675 1702 888 1769 articulorum
919 1704 1155 1787 probationem.
1173 1703 1205 1770 si

96 1823 205 1888 arctior
218 1822 261 1886 sit
278 1821 457 1903 assignatus
474 1819 642 1897 terminus,
660 1819 921 1901 prorogationem
933 1838 1010 1884 reus
1021 1826 1136 1903 petere
1149 1838 1206 1903 p0³

96 1939 175 2016 terit,
192 1946 226 2004 ct
242 1937 420 2021 appellare,
438 1936 465 1999 si
478 1935 597 2022 injuste
612 1931 806 2018 denegetur.
916 2025 918 2032 Ι

134 2057 163 2118 2.
176 2053 236 2118 Hic
249 2059 360 2119 autem
375 2049 532 2116 solvenda
547 2050 639 2116 venit
659 2052 804 2137 quaestio,
821 2070 862 2118 an
876 2051 1035 2117 terminus
1054 2050 1206 2119 defenso·

96 2169 154 2234 rius
172 2169 219 2234 illi
235 2169 333 2234 etiam
352 2165 479 2232 dandus
498 2166 550 2244 sit,
569 2163 625 2250 qui
649 2172 826 2247 spontance
853 2164 1011 2232 delictum
1040 2187 1134 2234 suum
1155 2173 1204 2234 est

96 2285 263 2351 confessus.
282 2285 386 2367 Quam
402 2282 612 2368 quaestionem
635 2279 833 2348 sufficienter
856 2281 980 2348 dirimit
1001 2282 1205 2370 Pelle'grinus

98 2400 192 2484 (parte
207 2402 240 2479 l',
263 2407 345 2466 sect.
368 2402 419 2478 10,
440 2419 473 2464 11.
493 2395 560 2482 21).
581 2397 647 2462 Hoc
663 2396 786 2463 modo:
810 2397 1029 2462 «Communis
1054 2406 1088 2464 et
1114 2405 1204 2466 certa

100 2516 290 2582 «conclusio
314 2515 456 2580 omnium
480 2501 653 2580 doctorum
672 2513 811 2601 (nemine
835 2533 969 2600 prorsus
987 2513 1202 2599 discrepante)

101 2641 184 2710 «est,
206 2631 297 2720 quod
312 2650 425 2708 nemo,
441 2627 722 2716 qualitercumque
736 2630 916 2708 confessus,
933 2631 968 2694 in
985 2629 1205 2697 criminalibus
1253 2643 1254 2646 ’

101 2775 112 2801 ι
128 2747 335 2815 condemnari
348 2753 467 2831 potest,
484 2745 545 2810 nisi
558 2746 648 2830 prius
662 2747 844 2830 assignetur
862 2745 910 2811 illi
923 2744 1081 2812 terminus
1100 2745 1142 2812 ad
1157 2745 1204 2812 fa·

100 2893 111 2917 «
130 2865 278 2932 ciendum
293 2842 367 2930 suus
383 2861 636 2928 defensiones...
651 2863 692 2928 Et
708 2840 789 2930 ratio
804 2869 865 2942 est,
884 2862 959 2950 quia
978 2865 1076 2930 etiam
1091 2872 1204 2931 contra

99 2984 284 3068 «propriam
301 2981 535 3048 confessionem
558 2959 668 3065 potest
690 3001 766 3046 reus
786 2982 889 3046 multa
905 2979 1071 3050 deducere
1096 2981 1138 3048 ad
1154 2983 1205 3050 sui

100 3094 356 3161 «defensionem.
377 3125 390 3148 ι»
411 3096 452 3160 Et
469 3093 516 3160 ibi
524 3102 694 3160 enumerat
708 3093 794 3159 idem
808 3095 1011 3180 Pellegrinus
1029 3095 1144 3163 decem
1155 3115 1205 3162 ca·

96 3210 167 3292 pita,
180 3227 225 3276 ¹ex
239 3210 368 3296 quibus,
384 3211 481 3275 etiam
504 3217 577 3295 post
595 3211 761 3294 propriam
775 3205 920 3276 delictit
938 3230 972 3277 se
994 3213 1115 3297 patrati
1128 3231 1204 3280 cun·

97 3324 271 3406 sessionem,
288 3346 358 3393 sese
374 3332 484 3411 potest
498 3345 575 3392 reus
587 3323 781 3396 defendere·
1093 3333 1096 3338 '

134 3445 164 3506 3.
184 3442 300 3526 Elapso
313 3423 423 3508 autem
438 3441 665 3508 defensionum
677 3441 830 3520 terminu,
853 3441 880 3508 si
891 3460 971 3507 reus
983 3443 1038 3528 qui
1054 3427 1123 3509 sese
1145 3442 1205 3510 de-

95 3554 158 3622 licti
169 3566 346 3636 auctorem,
365 3565 542 3642 spontanee
558 3557 725 3623 confessus
741 3564 802 3636 est,
822 3556 1068 3624 defensionibus
1084 3579 1204 3626 renun-

97 3669 174 3750 tiet,
203 3679 311 3757 potest
335 3672 439 3758 judex
465 3674 575 3738 statim
604 3671 647 3739 ad
679 3675 874 3740 sententiam
907 3669 1203 3748 condemnatoriam

98 3787 279 3868 procedere.
308 3789 402 3876 (Vide
422 3789 591 3855 laudatum
615 3789 852 3874 Pellcgrinum,
877 3790 949 3857 loco
971 3791 1041 3870 cit,
1074 3812 1107 3857 n.
1136 3789 1201 3880 18.)

98 3900 224 3989 Propria
246 3905 332 3970 enim
358 3905 418 3972 Rei
439 3907 598 3973 confessio
618 3914 669 3976 est
695 3903 923 3990 probationum
938 3907 1074 3992 optima,
1093 3909 1138 3976 ita
1165 3890 1204 3976 dt

104 4018 194 4085 etiam
207 4028 309 4104 reptem
325 4021 554 4107 probationum
574 4021 810 4108 apragmalicis
827 4023 940 4089 vocari
954 4023 1066 4091 soleat.
