2838 5114
229 305 294 368 390
413 309 415 314 ·
580 301 1004 369 numerusnumerous.

228 443 337 530 quoad
348 443 525 521 secularis,
542 443 672 508 omnino
684 450 810 509 certum
826 453 893 510 est..
903 446 972 510 Imo
983 446 1135 512 vitiosum
1147 447 1181 510 in
1195 465 1228 512 se
1245 447 1331 513 fnisse

139 648 160 656 η
229 569 264 628 et
279 562 396 625 merito
411 557 568 643 rejectum
585 558 671 624 hunc
687 558 951 625 administrandae
964 560 1096 644 justitie
1112 559 1257 639 modum,
1277 562 1334 626 inii·

230 677 294 743 cias
310 695 375 741 nou
391 676 486 740 imus.
505 674 627 740 bivero
641 675 744 756 posita
759 677 903 758 generali
920 676 1034 762 (prout
1049 674 1140 760 erat)
1155 677 1334 760 populorum

229 792 446 876 persuasione,
466 789 509 856 de
522 790 715 856 necessitate
729 784 924 856 adhibendae
943 793 978 856 in
1000 794 1104 857 causis
1129 793 1335 858 criminalibus

230 912 377 982 torturae,
396 905 575 986 vituperari
587 905 700 986 nequit
709 904 851 970 Ecclesia
865 905 955 988 quod
971 923 1041 970 sese
1057 905 1134 969 huic
1150 909 1336 988 persuasioni

231 1019 537 1088 accommodaverit.
555 1021 769 1100 Quantumvis
784 1022 869 1085 enim
892 1022 1106 1104 imperfectus
1122 1020 1228 1086 fuerit
1244 1021 1335 1086 dictus

231 1156 320 1214 usus,
341 1141 527 1202 nontamen
541 1136 620 1200 inse
637 1136 880 1217 peccaminosus
889 1167 890 1170 ¹
900 1142 935 1202 et
948 1137 1124 1203 intrinsece
1141 1137 1279 1222 injustus
1293 1159 1336 1202 un·

232 1271 329 1340 quam
344 1252 547 1338 probabitur.
567 1251 647 1316 Cum
669 1269 746 1334 ergo
765 1251 920 1329 Ecclesia,
938 1251 964 1316 si
987 1253 1029 1318 ab
1053 1273 1092 1316 eo
1117 1253 1277 1319 recedere
1292 1273 1336 1318 vo·

231 1371 356 1446 luisset,
384 1365 793 1452 scandalumingessisset,
826 1375 861 1431 et
893 1367 1013 1434 favoris
1044 1388 1123 1452 erge
1156 1371 1338 1441 facinorosos

232 1485 415 1551 insimulata
432 1485 557 1562 fuisset,
576 1481 757 1566 prudenter
773 1488 808 1546 et
823 1483 910 1548 licite
927 1485 993 1548 suis
1012 1487 1113 1551 etiem
1134 1487 1338 1552 tribunalibus

234 1620 306 1666 eam
321 1601 458 1664 formam
471 1599 606 1682 aptavit.
626 1598 788 1664 correctis
810 1607 919 1664 autem
934 1597 1030 1666 dictis
1041 1600 1239 1680 populorum
1257 1601 1339 1664 mori-

235 1717 308 1796 bus,
325 1737 389 1782 non
398 1724 525 1782 tautum
539 1715 655 1780 lubens
665 1715 806 1782 Ecclesia
821 1723 982 1780 torturam
999 1713 1187 1799 dereliquit,
1202 1715 1261 1780 sed
1274 1715 1338 1798 quin

236 1833 370 1919 posthac
396 1851 524 1916 semper
548 1830 711 1914 rejectura
734 1833 775 1896 sit
796 1829 934 1902 dubium
955 1849 1020 1896 non
1044 1838 1105 1896 est.
1131 1833 1209 1896 Haec
1233 1832 1259 1895 si
1281 1832 1339 1915 quis

237 1952 318 2018 velit
339 1951 498 2034 tantisper
514 1967 605 2033 aeque
628 1948 720 2012 lance
744 1947 968 2031 perpendere,
997 1947 1093 2012 facile
1114 1949 1283 2013 concludet
1298 1956 1339 2012 tot

133 2066 137 2072 ’
239 2074 388 2138 contorte
402 2066 435 2128 in
454 2064 672 2150 inquisitionis
684 2065 920 2130 institutionem
936 2065 1002 2130 tela
1017 2066 1096 2130 nihil
1115 2066 1205 2131 aliud
1217 2085 1338 2149 arguere

239 2202 336 2268 quem
351 2183 513 2248 infensum
531 2183 564 2246 in
578 2181 755 2246 Ecclesiam
776 2179 963 2246 catholicam
984 2180 1145 2265 ejusmodi
1160 2183 1339 2265 scriptorum

176 2343 179 2348 ,
240 2301 401 2383 enimum;
421 2318 527 2383 neque
553 2317 608 2364 eos
631 2296 817 2381 hujusmodi
841 2295 1050 2366 institutionis
1067 2296 1271 2381 injustitiam,
1291 2294 1339 2360 sed

241 2436 331 2482 sunm
346 2417 533 2482 luculenter
548 2413 700 2497 prodere.

286 2535 342 2598 VI.
364 2537 424 2598 Nec
442 2538 600 2615 injustitie
617 2533 889 2616 insimninridebet
905 2533 1078 2610 Inquisitio,
1098 2530 1134 2590 ob
1150 2535 1254 2590 necetis
1265 2536 1340 2608 utque

242 2658 334 2716 etiem
348 2656 429 2732 ionis
444 2669 561 2732 penem
580 2651 727 2712 hereticis
746 2649 905 2725 inflictam.
931 2683 976 2694 -
1001 2647 1049 2710 De
1067 2645 1230 2727 stupendo
1254 2645 1341 2709 bere·

244 2768 381 2834 ticorum
402 2784 550 2841 numero,
573 2783 653 2848 qnos
680 2763 728 2850 (ut
753 2763 936 2830 declamant
959 2759 1139 2844 acatholici)
1164 2763 1238 2845 igne
1265 2762 1341 2824 vivos

242 2883 406 2968 inquisitio
428 2881 645 2963 consumpsit,
667 2879 793 2946 fabulas
810 2879 1114 2961 praetermittimus;
1134 2877 1340 2960 lectoremque
1399 2943 1400 2948 ,

246 2997 418 3075 monendo,
438 3005 477 3062 ut
494 2997 553 3062 hae
571 2998 605 3062 in
622 3009 659 3062 re
674 2996 803 3062 nonnisi
822 2995 919 3060 certis
934 3001 1032 3078 atque
1052 2993 1248 3059 authenticis
1257 2992 1341 3058 docu-

120 3151 122 3156 ·
247 3115 365 3186 mentis
388 3113 489 3180 iidem
511 3111 681 3191 adhibeat,
708 3111 750 3177 ad
777 3110 1026 3194 expendendam
1053 3113 1253 3194 propositam
1276 3109 1340 3194 jurts

248 3214 457 3316 questionem
474 3228 671 3312 accedimus3
687 3247 766 3294 num
785 3228 906 3294 scilicet
919 3245 1020 3310 preve
1034 3227 1223 3292 aestimanda
1248 3228 1285 3291 sit
1305 3226 1340 3286 in·

249 3347 427 3434 quisitionis
451 3347 608 3431 delegate
627 3347 797 3423 institutio,
819 3348 862 3412 ob
879 3365 1008 3430 poenam
1023 3346 1116 3429 ignis,
1142 3344 1339 3428 pertinacibus

251 3469 410 3535 hoereticis
426 3467 589 3531 inflictam.

300 3590 329 3650 l.
354 3590 447 3650 Peene
461 3590 567 3648 mortis
582 3590 615 3646 in
629 3584 793 3661 hereticos,
813 3603 873 3648 non
891 3587 929 3646 cb
947 3587 1077 3648 Ecclesia
1092 3589 1237 3665 print-itm,
1254 3588 1338 3644 etcum
1399 3619 1400 3670 1

251 3707 456 3784 inquisitionis
470 3703 614 3781 delepntee
627 3705 827 3777 institutione,
850 3703 901 3764 sect
922 3705 1006 3782 tmeqe
1023 3680 1125 3781 antee,
1144 3709 1174 3762 et
1190 3721 1209 3763 α
1228 3698 1338 3762 secutori
1399 3673 1400 3693 ¹

247 3825 396 3900 potestate
413 3820 538 3882 indocto
550 3819 624 3898 snit.
646 3817 768 3898 -Qui
789 3817 1026 3884 iustiniancum
1046 3815 1098 3901 jus
1120 3816 1246 3894 adierit,
1265 3827 1338 3892 repc-

252 3935 316 3999 riet
328 3934 413 3998 ineo
427 3932 628 4016 dispositum,
646 3941 683 3997 ut
699 3934 821 3998 crimen
837 3933 998 3998 haereseos
1009 3934 1096 3997 inter
1103 3936 1226 4014 penitet
1237 3931 1337 3993 crinin

253 4055 455 4118 numeretur.
477 4047 572 4134 (Vide
585 4049 618 4114 in
637 4047 769 4126 Codice,
788 4049 873 4114 libro
890 4051 919 4126 1,
935 4050 986 4114 tit.
1010 4052 1040 4126 5,
1058 4050 1166 4132 alege
1185 4053 1195 4112 l
1216 4045 1254 4111 ad
1268 4049 1284 4111 9
1296 4058 1336 4104 et·
1399 4087 1400 4094 .

252 4167 385 4245 clusive,
404 4173 470 4230 eta
487 4166 559 4249 lege
578 4168 611 4230 11
637 4165 680 4230 ad
699 4169 741 4230 22
761 4164 946 4250 inclusive.)
969 4167 1123 4249 Reperiet
1145 4174 1180 4230 et
1199 4164 1335 4229 decretam

253 4283 288 4346 in
308 4281 478 4349 hereucos
490 4282 604 4346 mortis
622 4301 751 4366 poenam
770 4303 777 4348 :
797 4284 971 4363 Mantrboeo,
991 4289 1025 4346 in
1038 4285 1099 4346 ioco
1119 4301 1237 4346 romono
1255 4279 1335 4356 decet

256 4399 444 4477 deprehenso,
459 4405 547 4478 capnt
558 4405 729 4480 amputator
744 4398 825 4482 (loco
841 4399 950 4474 citato,
966 4399 1037 4481 lege
1056 4402 1067 4465 1
1081 4395 1108 4479 1)
1121 4417 1127 4459 :
1146 4395 1285 4460 tloniclei
1293 4406 1333 4450 ee·
