2948 5126
512 429 591 477 rans
613 427 771 476 sucunns.
1162 411 1203 474 37

104 548 196 616 minus
218 530 344 616 certum
358 557 419 630 est,
448 551 586 619 eandem
602 551 788 638 generalem
802 550 948 635 regulam
972 549 1120 634 plurimis
1136 569 1206 617 esse

103 666 259 732 obnoxiam
272 669 529 752 exceptionibus,
548 689 618 756 qun
630 687 716 735 nunc
726 665 939 757 subjicienda
952 675 1038 732 sunt.

42 829 43 836 κ
139 787 329 867 deceptiones
342 789 384 852 ad
392 791 608 870 precedentem
618 789 764 870 requiam.
778 821 823 834 -
835 785 948 852 omitti
962 790 1071 870 potest
1082 787 1205 869 praevia

101 901 231 979 monitio,
250 903 282 966 1⁰
298 902 325 967 si
339 903 461 1000 crimen
480 923 545 970 non
565 903 606 968 sit
620 902 795 979 occultum,
807 899 868 967 sed
882 901 1099 980 manifestum,
1118 910 1208 969 noto·

101 1018 189 1097 num,
206 1009 260 1084 rel
274 1018 360 1084 fama
375 1019 505 1104 publica
517 1019 700 1104 vulgatum;
715 1017 749 1083 2⁰
760 1017 787 1083 si
795 1025 910 1102 vergat
924 1017 957 1082 in
972 1015 1125 1082 damnum
1137 1019 1208 1084 Bei-

100 1131 238 1216 publicae,
258 1135 315 1200 vel
331 1135 439 1220 tenti3
457 1139 492 1201 3⁰
507 1136 534 1201 si
542 1135 664 1219 praevio
677 1134 839 1200 correctio
851 1133 930 1198 nibil
939 1133 1112 1217 protutura
1122 1153 1206 1219 prae-

101 1247 259 1334 videatur;
281 1251 317 1315 4⁰
333 1249 360 1314 si
376 1250 509 1316 monitio
525 1251 644 1334 praevia
653 1249 799 1315 monenti
813 1248 967 1315 damnosa
981 1249 1094 1315 futura
1107 1255 1204 1335 esset;
1309 1283 1313 1291 ·

102 1367 129 1429 5⁰
135 1368 160 1431 si
170 1366 202 1430 in
215 1367 326 1453 aliquo
336 1369 489 1452 religioso
500 1367 626 1447 ordine,
635 1387 676 1433 ex
688 1369 848 1445 instituto,
861 1365 985 1450 possint
993 1372 1050 1432 aut
1065 1365 1207 1433 debeant

99 1478 202 1547 delicta
226 1484 296 1548 sine
315 1483 382 1548 ulla
399 1483 520 1568 praevia
544 1483 718 1550 monitione
746 1482 969 1567 superioribus
994 1479 1202 1549 manifestari.

97 1597 147 1662 Cui
164 1599 283 1664 ultimae
302 1600 485 1684 exceptioni
504 1598 696 1686 objecerunt
721 1599 879 1678 nonnulli,
897 1596 1056 1684 ejusmodi
1076 1598 1206 1664 institu-

96 1717 191 1779 torum
207 1715 433 1800 religiosorum
442 1715 685 1802 dispositionem
699 1716 903 1782 irritamesse
917 1723 951 1784 et
962 1733 1114 1800 pravam;
1131 1733 1205 1781 cum

95 1827 150 1914 juri
163 1827 271 1897 divino
287 1830 446 1916 derogare
460 1841 601 1918 nequeat
612 1831 665 1918 jus
680 1832 858 1898 humanum
877 1853 883 1898 :
902 1831 961 1898 sed
989 1849 1122 1915 prorsus
1144 1831 1204 1896 im·
1240 1886 1244 1894 .

97 1945 315 2012 moritolium
338 1945 498 2033 ejusmodi
515 1946 647 2014 ordines
666 1945 895 2032 ingrediendo,
926 1947 1064 2033 quilibet
1084 1965 1204 2014 renunu

96 2061 244 2129 tiatlamae
261 2083 341 2144 suae,
364 2071 399 2131 et
411 2065 477 2151 juri
494 2067 634 2131 naturali
664 2064 752 2152 quod
777 2063 974 2130 haberetne
997 2083 1055 2130 sua
1075 2065 1203 2131 occulta

96 2175 201 2245 delicta
213 2181 338 2268 absque
354 2181 474 2266 praevia
488 2183 664 2248 monitione
678 2179 915 2266 panderentur.
933 2181 1037 2264 Quam
1048 2188 1201 2246 reouottc

98 2302 204 2377 ttooom,
223 2317 295 2365 esse
310 2298 430 2364 bonam
440 2305 475 2364 et
485 2298 619 2377 licitam,
637 2299 680 2365 ob
693 2297 849 2384 majorem
869 2316 987 2383 nempe
1003 2299 1203 2382 spiritualem

96 2412 276 2496 proiectum,
290 2413 545 2494 submissionem,
563 2413 788 2493 humilitatem,
804 2415 1015 2481 securitatem
1028 2435 1046 2480 a
1057 2416 1200 2499 relapsu,

96 2537 125 2596 et
139 2533 375 2599 communitatis
391 2533 622 2617 integritatem,
643 2533 784 2616 probant
811 2551 886 2598 cnm
907 2539 1017 2599 sancto
1032 2533 1153 2598 Tboma
1169 2539 1205 2598 et

97 2641 229 2715 Suaresio
242 2648 397 2716 doctores
406 2651 633 2717 communiter.
641 2650 735 2734 (Vide
747 2649 1048 2735 Sebmalzgrueber‚
1059 2650 1153 2715 intit.
1170 2651 1199 2728 l,

96 2759 115 2826 l.
137 2767 145 2827 l
165 2764 272 2845 decr,
304 2786 338 2832 n.
354 2765 443 2852 139.)
460 2767 501 2833 Et
520 2775 610 2833 certe
627 2775 736 2851 potest
758 2767 831 2852 quis
848 2764 1068 2845 laudabiliter,
1096 2765 1202 2831 bumi-

96 2878 181 2946 litatis
195 2902 306 2961 causa,
324 2883 471 2949 occultos
486 2901 562 2948 suos
585 2881 735 2949 detectus
758 2883 919 2967 superiori
940 2899 999 2948 sno
1017 2883 1085 2966 ipse
1102 2884 1202 2950 mani-

95 2993 201 3064 festare
223 3018 309 3065 :cur
339 3019 417 3084 ergo
447 3001 628 3066 consentire
655 3001 807 3086 nequiret
836 3007 873 3065 ut
898 2999 949 3067 alii
980 3001 1038 3086 qui
1069 2997 1200 3065 eosdem

97 3113 224 3181 occultos
236 3113 388 3182 defectus
401 3117 563 3197 noverint,
584 3116 674 3183 idem
690 3117 833 3184 faciant?
847 3117 918 3184 Non
934 3135 1012 3200 ergo
1023 3114 1099 3182 inde
1115 3115 1201 3181 ritu·

97 3231 262 3312 perandum
282 3235 569 3300 Franciscanorum
588 3243 622 3300 et
639 3236 835 3302 Jesuitarum
853 3235 1052 3315 institutum,
1081 3255 1099 3300 a
1114 3233 1199 3301 Sede

97 3343 263 3427 Apostolica
280 3371 345 3417 non
364 3351 466 3416 semel
484 3351 699 3436 approbatum
713 3358 748 3416 et
764 3347 953 3435 laudatum3
975 3350 1043 3417 sed·
1056 3352 1116 3417 hac
1128 3351 1199 3436 ipsa
1298 3378 1305 3386 ·

97 3463 192 3542 potius
210 3463 251 3533 de
268 3485 364 3532 causa
388 3467 492 3551 pluris
511 3465 706 3546 faciendum,
725 3467 818 3533 etad
843 3466 1028 3534 evehendos
1041 3467 1136 3532 altius
1155 3465 1199 3534 ad

98 3573 191 3646 diuina
207 3583 402 3649 charismata
415 3584 562 3649 alumnos
579 3583 679 3668 magis
693 3583 847 3650 idoneum
865 3583 1100 3650 aestimandum.
1117 3585 1199 3650 Hinc

98 3695 200 3763 merito
214 3706 345 3764 sanetus
358 3699 505 3784 ligorius
521 3699 563 3766 de
577 3699 727 3767 doctrina
740 3719 836 3786 quam
850 3700 1057 3767 defendimus
1071 3722 1078 3766 ε
1098 3701 1199 3768 «οω-

100 3811 192 3878 «rino
203 3823 241 3880 ut
250 3835 330 3881 vera
340 3816 483 3882 tenenda
504 3815 746 3883 mihividetur:
766 3818 860 3896 ratio,
881 3835 953 3902 quae
970 3816 1048 3882 mihi
1069 3815 1195 3896 sufficit,

100 3948 112 3984 o
126 3937 170 3996 est
182 3931 255 4014 quia
269 3933 303 3998 in
316 3933 477 4000 Societate
489 3937 507 4001 J
509 3955 566 4000 esu
577 3932 670 4000 adest
680 3935 866 4001 constitutio
882 3911 1068 4020 hujusmodi
1078 3953 1199 4001 renun-

100 4065 112 4100 o
128 4047 268 4130 tationis,
291 4057 326 4116 et
340 4051 408 4135 ipsa
424 4051 488 4116 fuit
503 4041 682 4134 approbata
696 4072 714 4116 a
732 4051 835 4115 Paulo
849 4051 897 4117 III
910 4059 945 4116 et
959 4051 1044 4117 lulio
1059 4052 1123 4136 III;
1141 4051 1197 4136 qui

22 4151 23 4156 ’
100 4181 112 4216 o
127 4163 340 4248 approbarunt
356 4175 389 4233 et
404 4167 637 4234 confirmarunt
652 4171 847 4246 institutum,
862 4175 895 4234 et
914 4187 1027 4234 omnes
1042 4168 1196 4234 constitu-

100 4297 113 4333 «
125 4277 222 4347 tiones
240 4282 381 4366 praefatae
396 4283 572 4360 SocietatiS,
592 4291 626 4350 et
639 4287 802 4368 praecipue
821 4303 875 4348 eas
886 4303 956 4370 qnae
973 4281 1198 4349 contradictio·

101 4413 114 4448 o
127 4411 178 4459 nes
205 4399 437 4482 patiebantur:
461 4401 526 4465 imo
545 4401 721 4484 Gregorius
745 4401 831 4478 lllll,
854 4401 889 4465 in
906 4399 996 4465 bulla
1015 4399 1197 4464 Asccodeotc

22 4585 23 4594 ἶ
101 4513 255 4596 «Duotoo,
289 4513 419 4586 addidit
436 4517 798 4586 excommunicationem
820 4523 932 4586 contra
946 4515 1027 4585 talos
1043 4512 1204 4585 constitu·
