2848 5118
230 358 293 422 2⁴4
578 376 764 446 nucerinus
786 379 830 426 nu
854 377 1001 426 runrcrrs.

226 498 429 567 estimationi
439 498 701 585 relinquendum.
721 500 815 588 (Vide
832 501 1045 580 Leurenium,
1064 501 1121 586 qui
1136 499 1208 567 fuse
1224 500 1263 568 de
1277 519 1323 568 cr·
1408 567 1409 570 ,

225 617 333 700 pensis
344 622 466 684 tractat
478 617 512 681 in
525 636 584 682 sno
596 621 675 682 Foro
688 620 895 697 ecclesiastico,
912 618 946 681 in
958 617 1010 682 tir.
1028 620 1081 695 27,
1100 617 1178 684 libri
1193 619 1212 682 2
1225 603 1329 684 decre

224 734 350 812 talium,
369 751 401 818 q.
420 735 482 800 994
501 741 537 799 et
551 730 788 818 aequantibus.)

268 850 419 929 Qumsmo
435 851 542 916 8
497 851 707 929 —Quomodo
723 849 793 926 liert
806 867 826 911 o
833 850 939 941 judice
957 855 1052 930 possit
1073 855 1128 913 ont
1149 851 1250 912 deleat
1271 867 1328 912 coro

224 967 424 1030 domnoiorio
438 980 600 1045 crepemus,
615 969 666 1026 et
655 983 696 1026 oro
706 965 744 1026 ab
755 983 790 1026 eo
804 966 892 1026 detor
907 965 1168 1051 appollott0?-
1189 967 1222 1029 1⁰
1232 963 1288 1028 Pot
1275 971 1330 1029 test

221 1075 324 1163 judex
339 1079 422 1144 hanc
438 1078 742 1145 condemnationem
759 1079 973 1162 pronuntiare
989 1088 1064 1146 ante
1080 1081 1272 1146 sententiam
1285 1077 1331 1144 de

225 1193 398 1273 finitivam,
417 1214 475 1260 seu
497 1214 559 1278 per
581 1195 776 1261 sententiam
793 1195 1101 1262 interlocutoriam.
1120 1205 1155 1262 et
1171 1205 1250 1262 tunc
1271 1213 1332 1260 eam

225 1317 333 1394 potest
345 1310 448 1396 judex
463 1311 625 1394 corrigere
643 1316 699 1376 aut
714 1329 884 1389 revocare,
905 1331 967 1378 nec
981 1312 1080 1377 datur
1093 1313 1287 1396 regulariter
1299 1310 1331 1376 ab

232 1445 271 1490 ea
287 1426 474 1510 appellatio

271 1545 306 1606 2⁰
334 1542 367 1608 Si
396 1561 476 1608 vero
506 1543 732 1608 condemnatio
760 1543 829 1608 lraec
857 1541 916 1609 fiat
941 1542 1039 1608 simul
1075 1563 1149 1608 cnm
1181 1541 1336 1608 definitiva

226 1657 404 1735 sententia,
423 1676 498 1740 pars
525 1658 612 1722 illius
637 1665 804 1741 censetur3
833 1677 871 1722 ac
899 1657 1035 1742 proinde
1060 1657 1217 1742 appellari
1242 1657 1279 1723 alr
1301 1677 1334 1722 aa

226 1774 350 1857 poterit
365 1782 538 1858 antequam
554 1771 722 1839 definitivo
738 1773 921 1839 sententia
912 1793 945 1838 ru
962 1793 1032 1840 rem
1050 1773 1227 1857 judicatam
1243 1782 1334 1840 trans

226 1887 313 1954 ierit.

1409 999 1411 1148 l

1410 1201 1411 1282 ι

1408 1393 1411 1520 l

1408 1579 1411 1686 l

1409 1783 1411 1858 l

236 2063 238 2068 s
272 2007 307 2070 3⁰
326 2003 435 2068 Debet
455 2005 588 2086 insuper
599 2002 700 2088 juder
719 2023 882 2088 expensas
898 2023 953 2070 eas
972 2012 1101 2082 texere,
1120 2023 1192 2089 quae
1216 2025 1255 2070 ex
1270 2025 1335 2070 con·
1408 1971 1411 2086 l

227 2119 412 2214 stitutione,
425 2120 481 2184 vel.
496 2119 581 2203 stylo
598 2121 705 2198 curiae,
725 2127 843 2184 taxatae
862 2141 927 2186 non
942 2120 1064 2186 forent.

272 2234 354 2301 4οΑ
379 2241 534 2299 locotione
558 2254 620 2319 per
642 2234 787 2319 judicem
810 2234 912 2312 facta,
932 2255 997 2301 non
1030 2235 1130 2301 datur
1156 2237 1335 2321 appellarim

228 2351 303 2438 quia
326 2351 449 2416 taxatio
474 2357 628 2417 censetur
653 2369 729 2434 pars
750 2358 954 2432 ooeootoooos;
969 2352 1011 2416 ab
1029 2353 1224 2418 executione
1241 2359 1337 2419 autom

228 2487 294 2534 non
318 2467 512 2552 appellatur.
540 2467 639 2554 (Vide
665 2469 774 2553 quoad
799 2469 867 2532 haec
893 2467 1108 2544 Leureuium,
1137 2468 1212 2535 loco
1236 2469 1335 2545 citato,

229 2602 261 2668 q.
283 2586 347 2649 100
366 2592 400 2650 at
418 2583 661 2670 sequentibus.)

752 2839 766 2912 S
792 2835 834 2898 ll.

233 3062 267 3110 llo
287 3059 421 3110 executore
435 3056 561 3116 sententiae,
577 3056 601 3104 in
615 3056 645 3103 iis
666 3053 811 3115 regionibus,
826 3052 850 3101 in
873 3052 960 3114 quibus
978 3050 1049 3112 luder
1071 3035 1343 3104 ecclesiasticus'lrmclrii

595 3149 714 3198 saecularis
735 3148 822 3198 anxilio
844 3145 989 3196 destituitur.

279 3383 346 3449 Etsi
370 3382 404 3444 in
429 3380 468 3444 iis
489 3376 679 3460 regionibus
699 3375 899 3440 coactionem
922 3379 1093 3439 externam
1116 3370 1273 3438 adhibere
1293 3385 1343 3434 ue

234 3507 334 3587 queat
354 3494 455 3581 judex
473 3493 723 3568 ecclesiasticae,
741 3473 990 3556 existimandum
1012 3489 1078 3552 non
1098 3496 1149 3554 est
1171 3485 1249 3552 inde
1269 3501 1344 3569 prae-

234 3613 353 3698 pediri,
378 3615 476 3694 atque
491 3625 625 3690 prorsus
637 3607 785 3670 inermen
802 3621 973 3670 remanere
985 3603 1188 3687 judiciariam
1203 3600 1345 3667 Ecclesiae

233 3733 441 3812 potestatem.
465 3724 545 3788 Nam

285 3843 312 3907 I.
330 3843 445 3906 Potest
457 3840 555 3904 etiam
567 3843 648 3902 tunc
660 3833 762 3920 judex
779 3835 1016 3900 ecclesiasticus
1031 3853 1086 3898 eas
1102 3835 1279 3900 sententias
1289 3832 1346 3898 ler-

236 3980 285 4040 re,
303 3977 374 4043 quaa
402 3956 627 4022 executionem
646 3969 758 4018 secum
780 3950 925 4015 trahunt.
942 3950 1121 4016 ‘Sententioe
1147 3951 1270 4016 scilicet
1294 3968 1345 4014 ex·

238 4070 543 4144 communicationis,
558 4065 774 4150 suspensionis
786 4071 821 4130 et
836 4063 1015 4142 interdicti,
1030 4065 1153 4149 absque
1168 4066 1236 4132 ullo
1251 4081 1347 4128 saecu-

235 4191 313 4257 laris
328 4186 453 4255 brachii
468 4183 599 4259 anxilio,
619 4181 726 4246 ullave
742 4185 877 4245 externa
893 4180 1067 4254 coactione,
1087 4179 1242 4246 effectum
1257 4195 1345 4245 suurn

210 4289 215 4299 ²
235 4311 431 4390 operantum
447 4317 545 4383 quem
559 4296 646 4363 nullu
656 4293 825 4361 'mundana
839 4299 983 4376 potestas
996 4293 1158 4376 impedire
1172 4296 1269 4362 valet.

283 4421 326 4484 ΙΙ.
345 4418 428 4483 Item
443 4411 653 4494 depositionis
672 4409 714 4477 ab
737 4407 839 4510 officio
859 4410 1018 4474 sententia
1044 4409 1077 4472 in
1097 4411 1255 4476 clericum
1275 4427 1347 4492 pro·
