2836 5118
237 326 301 390 306
588 339 774 392 macrinus
798 341 841 386 mu
864 340 1013 386 tunsurus.

231 467 363 549 micis,
386 471 513 533 nonest
527 463 679 532 omittere
693 482 807 535 omues
821 461 1101 550 ordiunriljudiaii
1115 465 1335 540 solemnitates,

235 577 295 652 sed
325 577 447 666 aliquas
473 586 612 648 tontum.
637 578 676 648 Id
700 598 852 664 expresse
878 579 1012 658 delinit,
1036 578 1136 646 modo
1160 579 1340 664 transcripto

235 696 424 764 constitutio
442 700 526 782 seps
545 696 719 762 Clementis
738 694 778 759 V.
793 694 976 780 Siquidem,
999 695 1077 764 dum
1098 696 1145 762 ibi
1167 695 1341 762 declaratur

238 832 304 900 quo
320 832 416 881 sensu
431 812 570 878 formula
589 812 657 881 hare
674 811 886 898 intelligenda
902 814 960 892 sit,
976 833 1129 898 expresse
1141 811 1342 880 deliniturus

236 944 305 994 esse
321 922 583 1008 intelligendam,
603 931 640 992 ut
651 924 800 1011 quaedam
819 925 974 992 ordinarii
982 924 1097 1010 judieii
1111 926 1225 992 iormae
1237 943 1343 992 senso

235 1041 420 1108 lemnitntes
443 1042 548 1109 omitti
560 1041 701 1124 possint,
722 1061 787 1106 non
802 1049 914 1110 autem
927 1040 1078 1126 quaedam
1094 1042 1176 1108 nliae.

281 1161 313 1225 3.
336 1158 407 1222 Non
423 1161 534 1222 tomen
555 1158 667 1223 stricte
685 1155 881 1224 definiretur
896 1156 1056 1242 judicium
1080 1158 1288 1224 summarium
1304 1155 1344 1222 di-

236 1274 358 1352 cendo,
372 1270 456 1339 illud
468 1292 537 1338 esse
556 1274 590 1338 in
606 1292 688 1360 quo,
711 1274 841 1357 nliquae,
857 1293 921 1340 non
935 1294 1063 1353 omues,
1077 1275 1235 1342 ordinarii
1246 1275 1344 1362 judicii

236 1391 457 1458 solemnitates
472 1392 577 1458 omitti
601 1399 746 1474 possunt.
770 1393 850 1458 Num
874 1389 909 1457 id
924 1392 1022 1458 etiam
1034 1390 1166 1475 judiciis
1181 1413 1222 1460 ee
1242 1400 1344 1458 notorio

236 1509 405 1587 convenit,
431 1516 587 1592 utsupra
615 1495 825 1592 vidinns3'et
848 1515 958 1576 tomen
973 1509 1061 1575 uliud
1086 1529 1147 1593 per
1170 1529 1345 1594 processum

237 1631 424 1704 uenatorio,
449 1623 550 1692 uliud·
564 1643 624 1710 per
642 1643 833 1708 processum
853 1633 1067 1707 seoncurtem,
1096 1626 1236 1710 intelligi
1255 1627 1343 1708 sclet;

237 1743 311 1830 quin
327 1761 445 1828 nempe
468 1743 535 1809 alim
554 1749 631 1808 sunt
646 1742 868 1810 solemnitates
883 1762 954 1827 quae
971 1742 1140 1828 injudicio
1166 1744 1342 1818 summario,

238 1865 272 1924 et
287 1858 356 1922 nliae
372 1877 442 1946 quae
458 1860 492 1924 iu
504 1877 657 1942 processu
670 1878 711 1924 ex
723 1859 852 1924 notorio
871 1860 977 1924 omitti
990 1863 1137 1942 possunt.
1409 1929 1410 1946 ἶ

282 1977 314 2040 4.
336 1977 438 2042 Recte
457 1981 567 2042 cutem
584 1973 715 2040 definiri
736 1981 843 2060 potest
856 1973 1017 2060 judicium
1032 1977 1263 2054 summarium,
1279 1978 1346 2040 illud
1409 1947 1410 1962 ἵ

238 2100 271 2158 ln
284 2113 341 2174 quo
356 2099 456 2156 omitti
468 2101 605 2176 possunt,
629 2101 659 2156 et
671 2095 710 2158 cle
724 2096 804 2174 sueto
817 2099 1014 2172 omittuntur,
1033 2095 1076 2158 ud
1093 2098 1185 2156 cilius
1201 2095 1351 2176 cupediae*

239 2213 310 2274 dem
320 2229 451 2288 causum,
467 2216 555 2274 certe
570 2212 720 2292 quendam,
739 2229 758 2272 a
769 2213 842 2290 jure
857 2212 1075 2289 determinatae,
1093 2212 1348 2292 crdistcrlljadiell

240 2329 454 2392 solemnitates.

286 2445 430 2513 Dicimus
447 2447 488 2510 acl
509 2450 599 2510 cilius
628 2447 845 2526 exponendam
868 2464 1009 2524 cccttsuet,¹
1033 2462 1097 2528 quo
1117 2445 1244 2514 ratione
1269 2444 1347 2512 onit-

238 2560 412 2627 tendernm
433 2561 672 2633 solemnitatum
691 2559 803 2630 differt
823 2579 996 2644 processus
1016 2561 1214 2632 summarios
1239 2581 1257 2628 n
1282 2580 1345 2645 pro

240 2699 333 2746 cessu
361 2697 402 2744 ex
432 2678 582 2745 notorio:
611 2698 685 2743 num
711 2679 745 2743 in
774 2678 836 2744 hoc
870 2681 1069 2763 posteriore,
1105 2678 1182 2745 ideo
1202 2679 1344 2745 omittun-

240 2805 296 2862 tur
312 2801 409 2860 certae
424 2795 663 2873 solemnitates,
680 2795 756 2880 quia
769 2793 921 2860 inutiles:
937 2796 971 2862 in
983 2797 1086 2880 priori
1100 2814 1198 2874 vero,
1212 2815 1253 2862 ne
1265 2811 1345 2860 causa
1408 2799 1409 2810 ¹

242 2912 374 2978 ninnium
389 2912 611 2996 protrahetur.

287 3027 432 3093 Dicimus
448 3035 478 3090 et
493 3030 530 3092 de
548 3030 628 3108 sacto
644 3033 826 3091 omittuntur
840 3047 850 3089 :
873 3029 900 3091 si
917 3027 1005 3093 enim
1028 3029 1091 3093 etsi
1113 3029 1221 3094 omitti
1237 3025 1344 3112 possint
1406 3037 1407 3040 ’

243 3141 339 3210 dictus
359 3143 598 3220 solemnitates,
622 3149 730 3208 tamen
749 3142 981 3220 adhibeantur,
1008 3161 1197 3226 processum
1220 3137 1344 3209 eundem

247 3258 458 3335 ordinarium,
477 3266 512 3323 ct
527 3275 567 3323 ex
585 3260 656 3342 ipso
669 3259 761 3344 sequi
773 3258 878 3324 omnin
894 3258 1050 3323 ordinarii
1063 3275 1239 3342 processus
1252 3274 1345 3323 conse·

243 3378 357 3452 cloria,
377 3376 538 3441 sustinent
553 3377 699 3442 nonnulli
716 3377 904 3452 canonistas,
925 3385 963 3442 ut
976 3377 1062 3441 infru
1080 3376 1267 3442 adnotetur.

290 3497 322 3558 5.
339 3495 492 3561 Jnmvero
506 3500 598 3576 putet
614 3493 786 3557 summarie
797 3489 918 3576 judicia
931 3512 949 3557 a
964 3493 1133 3560 sententiis
1148 3513 1189 3556 ex
1200 3495 1345 3573 insouruto

242 3617 420 3675 conscicntia
439 3610 568 3674 omnino
584 3607 729 3674 differre.
753 3610 830 3673 Num
849 3608 883 3672 in
902 3605 1086 3692 hujusmodi
1101 3608 1279 3684 sententiis,
1293 3621 1345 3670 non
1407 3671 1408 3706 ἒ

242 3729 372 3812 uliquae,
390 3724 448 3794 scd
470 3743 582 3792 omnes
606 3724 764 3792 ordinarii
786 3723 902 3810 judieii
917 3725 1139 3790 solemnitates
1166 3723 1271 3790 omitti
1286 3737 1345 3807 pos·
1407 3717 1408 3764 l

242 3850 332 3926 sunt;
355 3841 443 3908 unde
468 3842 597 3908 omniuo
618 3844 881 3923 extro-judiciales
899 3859 969 3906 esse
989 3848 1143 3928 possunt,
1164 3839 1271 3917 idest,
1286 3834 1343 3902 uht-
1407 3821 1408 3844 ¹

220 3957 222 3960 ’
243 3976 307 4042 que
321 3957 387 4022 ullo
406 3956 527 4022 forensi
539 3954 663 4040 judicio
677 3957 831 4040 proferri.
863 4029 866 4034 Δ

260 4076 321 4140 ’6.
350 4075 407 4138 Est
433 4081 544 4138 autern
572 4070 745 4138 discrimen
767 4072 848 4138 illud
878 4072 973 4141 valde
1006 4072 1262 4156 attendendum
1292 4086 1339 4142 nes

243 4192 322 4261 duum
338 4192 371 4257 in
386 4189 461 4276 jure
486 4188 677 4256 decernitur
691 4208 785 4274 posse
805 4191 838 4254 in
857 4191 962 4276 aliqua
984 4192 1119 4258 materis
1132 4189 1265 4275 procedi
1278 4203 1341 4252 suas·

172 4291 174 4295 ¹
241 4315 352 4386 morie,
376 4324 550 4392 perperam
568 4305 728 4390 intelligat
751 4304 854 4391 judex
879 4305 1119 4375 ecclesiasticus
1148 4307 1211 4396 sibi
1237 4305 1339 4372 licitum

217 4431 221 4438 '
242 4420 423 4506 procedere
440 4439 479 4481 ea
498 4422 662 4500 insorrnole
686 4427 876 4486 conscientie.
900 4421 1036 4489 Omnino
1065 4423 1153 4488 enim
1173 4412 1337 4492 emeremni
1406 4419 1407 4498 ζ
