2848 5118
264 395 326 459 196
600 406 787 457 memus
808 410 853 457 os
875 369 1037 457 romeus

259 537 447 614 litiqorctiem
467 533 661 612 idpostulet.
681 529 823 596 -Vide
847 529 881 595 id
903 530 1078 614 probatum
1101 527 1191 612 apud
1214 528 1356 593 Scbmalz·

259 644 402 734 grueber
426 647 472 735 (in
500 647 551 711 tit.
573 653 603 724 7,
621 646 699 712 libri
726 650 754 712 2²
770 646 911 724 decret,
928 667 961 712 n.
982 642 1357 730 opprobrantium

251 765 403 850 exponit,
429 760 684 847 quomodotunc
698 763 800 846 possit
823 743 926 848 juder
949 769 1079 846 partem
1108 766 1308 826 recusantem
1324 755 1359 823 ad

257 880 382 948 dictum
394 879 614 966 juramentum
632 878 853 963 prestandum
870 899 1008 964 cogere;
1027 881 1106 944 item
1120 874 1283 963 quomodo
1293 880 1359 939 tunc

258 999 395 1065 vitietur
412 1014 582 1082 processus
600 1015 641 1060 ex
653 994 833 1080 juramenti
847 995 1030 1061 omissione.

299 1116 342 1179 II.
373 1119 408 1179 St
436 1121 545 1176 ceretro
567 1132 643 1194 pars
671 1114 860 1194 litiporatium
888 1115 1002 1176 dictum
1018 1117 1227 1194 juramentum
1255 1115 1355 1192 exipot,

257 1235 359 1294 omitti
366 1236 475 1311 potest,
492 1234 565 1310 quic
584 1233 709 1292 vitietur
719 1247 887 1310 processus.
904 1227 1093 1292 -Constat
1111 1246 1152 1291 ex
1168 1225 1318 1291 decretali
1332 1229 1360 1290 st

256 1347 294 1408 dc
308 1347 460 1407 columnia
472 1343 516 1429 (l,
535 1343 588 1408 tit.
608 1343 640 1420 4,
661 1342 781 1421 libris,
795 1343 828 1407 in
838 1340 883 1426 6),
901 1342 935 1407 in
953 1360 1016 1426 qua
1036 1341 1081 1406 sio
1106 1341 1222 1406 statuit
1247 1339 1360 1406 Bonifa-

257 1461 326 1524 eius
341 1459 417 1524 VIII
435 1479 441 1524 :
463 1463 592 1541 Propter
611 1465 751 1522 omissum
766 1479 878 1540 quoque
890 1464 980 1522 tacite
991 1465 1023 1522 ic
1036 1464 1098 1521 toto
1113 1477 1203 1520 causa
1218 1461 1359 1519 calumnie

157 1597 160 1603 ·
247 1581 468 1658 juramentum,
492 1575 653 1658 judicialis
670 1593 835 1660 processus,
863 1577 942 1637 ulios
964 1578 1063 1656 factos
1087 1577 1229 1655 lepttime,
1251 1592 1307 1636 coc
1324 1577 1360 1634 est

254 1693 358 1756 uultus
374 1697 533 1755 ceretium
561 1693 778 1755 occultandus.
800 1692 837 1755 In
859 1709 922 1776 qua
942 1689 1104 1756 decretali
1128 1689 1266 1755 verbum
1289 1683 1360 1753 illud

256 1804 346 1862 tacete
369 1797 585 1862 communiter
604 1817 622 1862 a
648 1795 839 1862 doctoribus
861 1798 1102 1882 interpretatur
1125 1795 1168 1862 de
1194 1818 1278 1874 casa,
1305 1813 1359 1880 quo

255 1920 373 1980 neutra
388 1931 464 1996 pars
481 1911 702 1997 juramentum
718 1911 805 1977 Istud
822 1914 969 1996 praestari
982 1915 1137 1996 postulat.
1157 1915 1229 1979 Non
1243 1916 1360 1996 possent

256 2033 367 2092 tamen
385 2036 496 2111 partes
510 2045 570 2111 per
589 2036 720 2112 pactum
737 2048 909 2110 expressum
926 2031 1113 2096 renuntiare
1127 2028 1314 2095 formalituti
1326 2023 1360 2089 de

255 2142 441 2228 juramento
468 2144 647 2223 calumnis,
667 2153 766 2229 prout
794 2147 1051 2212 communissime
1070 2153 1186 2212 tenent
1207 2144 1358 2212 doctores.

258 2259 353 2346 (Vide
370 2260 671 2345 Schmalzgrueber‚
693 2263 726 2328 in
741 2263 793 2327 tit.
811 2269 841 2339 7,
858 2261 966 2328 1111111
984 2261 1125 2340 decret,
1143 2283 1176 2327 n.
1194 2261 1240 2347 5.)

300 2377 360 2442 III.
379 2381 447 2443 Noc
462 2385 507 2440 est
528 2396 642 2442 necesse
663 2380 776 2441 dictam
784 2383 992 2460 juramentum
1011 2385 1157 2460 prestari
1176 2385 1279 2443 stetim
1301 2385 1361 2460 post

256 2499 451 2556 contestatam
467 2495 561 2571 litem,
578 2495 673 2555 sedet
688 2499 950 2577 posteoproestara'
973 2500 1081 2575 potest.
1110 2529 1157 2543 -
1180 2493 1307 2558 Constat
1327 2510 1360 2556 ex
1415 2487 1416 2490 '

258 2605 357 2674 modo
376 2608 476 2672 citata
489 2604 659 2683 decretali,
672 2608 705 2671 in
719 2626 782 2692 qua
796 2605 831 2672 id
847 2625 1000 2692 expresse
1013 2611 1168 2674 statuitur
1176 2609 1225 2674 his
1241 2607 1357 2674 verbis:
1414 2635 1415 2639 ¹

258 2729 294 2793 st
315 2728 353 2790 de
371 2727 534 2804 calamato,
557 2745 608 2787 seu
630 2726 667 2788 de
688 2730 817 2788 veritate
834 2726 973 2805 dicendo,
1001 2731 1033 2789 ic
1045 2731 1146 2807 primo
1171 2728 1236 2790 tetis
1250 2726 1360 2788 exordio

259 2823 319 2906 coc
337 2847 461 2923 juretur
492 2840 537 2926 (ct
556 2837 666 2923 debet),
685 2846 797 2922 poterit
806 2843 997 2923 postmodum
1016 2848 1049 2905 ira
1061 2843 1194 2923 quolibet
1202 2849 1292 2924 parte
1308 2843 1360 2903 litis

253 2963 360 3042 jurare·
374 2967 384 3020 .'·
400 2955 644 3038 combajusmodi
653 2961 828 3038 juramenta
837 2962 983 3038 prestari
995 2959 1141 3037 obtritio,
1160 2960 1198 3021 de
1208 2959 1359 3021 substantio
1412 2947 1413 2988 3

261 3075 378 3138 ardicis
381 3074 542 3155 judicialis
556 3091 616 3134 coc
627 3078 753 3137 existet.
1411 3105 1412 3159 p

305 3189 361 3253 IV.
378 3191 586 3252 loramentum
597 3189 756 3251 calumniae
765 3191 974 3270 prestandum
989 3196 1034 3252 cst
1049 3195 1141 3252 ettam
1156 3195 1189 3253 ic
1202 3196 1298 3254 causis
1309 3190 1359 3270 spi·
1410 3220 1411 3313 p

264 3306 437 3368 eructibus.
454 3340 499 3352 -
517 3301 556 3368 ld
575 3303 661 3368 enim
685 3301 834 3368 decrevit
857 3303 1040 3370 Bouilacius
1056 3305 1133 3370 Vlll
1156 3305 1206 3370 his
1234 3304 1356 3370 verbis:
1409 3369 1410 3376 χ

267 3443 281 3478 ι
299 3417 453 3499 Quamvis
466 3419 500 3483 in
516 3419 619 3482 causis
631 3417 850 3500 spiritualibus
867 3418 910 3504 (in
935 3414 1052 3503 quibus
1066 3417 1168 3486 debet
1182 3419 1224 3486 de
1239 3422 1359 3487 veritate
1409 3379 1410 3466 i

268 3531 441 3600 «dicenda
453 3530 565 3618 jurari)
585 3551 724 3598 canones
745 3552 810 3598 nou
831 3531 974 3598 indicant
999 3533 1094 3598 alicui
1109 3536 1274 3601 calumnie
1287 3535 1359 3621 jura·
1408 3529 1409 3617 l

270 3673 286 3712 a
303 3657 461 3726 mentum,
478 3666 537 3714 nos
552 3655 663 3712 tamen
681 3647 765 3734 (quia
778 3647 971 3732 frequenter
986 3650 1176 3716 calumniari
1188 3647 1361 3716 videmusin

269 3787 286 3826 a
300 3761 387 3848 Ipsis)
403 3763 483 3830 utile
498 3770 698 3845 reputamus,
718 3761 807 3848 quod
818 3763 914 3828 simul
926 3763 1020 3851 (sicut
1031 3764 1179 3850 plerique
1194 3761 1360 3844 observant]
1406 3827 1407 3836 ,

271 3887 372 3944 «tam
383 3876 424 3942 de
439 3879 579 3944 veritate
599 3875 748 3955 dIcenda‚
770 3877 920 3963 quamde
939 3881 1099 3945 calumnia
1117 3882 1166 3968 (ut
1179 3884 1231 3948 via
1247 3879 1362 3967 praclu-

272 3993 399 4059 udatur
412 3991 603 4079 calumniis),
618 3992 722 4078 jurari
735 3992 856 4061 debeat
867 3995 900 4059 in
915 3993 1041 4064 iisdem.
1058 4019 1074 4058 a
1093 3997 1211 4083 (Caput
1230 4001 1259 4077 1,
1276 3999 1319 4062 tit.
1334 3991 1359 4067 l·
1405 3983 1406 4076 i

266 4110 342 4176 libri
358 4111 390 4185 2,
404 4109 438 4172 in
451 4106 499 4192 6.)

311 4227 352 4292 V.
370 4227 408 4290 In
422 4243 513 4288 causo
526 4229 617 4287 ettam
626 4227 838 4307 appellationis
849 4233 992 4309 prestari
1016 4231 1101 4293 debet
1113 4236 1361 4311 juramentume-

270 4347 401 4419 tumcioe‚
425 4360 537 4404 mcccc
552 4345 759 4422 jurameutum
786 4347 936 4407 veritatis.
957 4381 1003 4394 -
1020 4343 1059 4409 Id
1086 4345 1209 4428 pariter
1234 4338 1361 4410 decrevit

270 4456 452 4525 Bonifacius
462 4455 538 4519 vlll
554 4454 636 4540 (cap.
650 4457 681 4533 2,
696 4456 749 4522 tit.
767 4458 799 4535 4,
816 4457 873 4522 lib.
886 4461 917 4536 2,
928 4459 959 4523 in
974 4457 1006 4544 6)
1024 4459 1072 4524 his
1085 4460 1213 4526 verbis:
1235 4485 1251 4522 a
1266 4460 1299 4524 ln
1314 4472 1359 4536 ap·
