2838 5114
264 237 291 268 Α

519 339 599 418 runs
621 336 779 418 sueonum
1141 351 1206 418 425

90 494 155 562 dus
166 503 218 562 est
233 515 241 578 3
261 502 360 578 prout
371 509 488 579 nempe
505 495 680 578 allegatum
694 491 963 584 impedimentum
982 499 1130 557 motorium
1144 497 1205 568 est,

90 612 146 677 vel
165 630 244 675 non.

135 727 162 791 Ι.
180 730 276 790 Coeus
289 747 346 808 quo
364 729 607 808 impedimentum
620 735 664 790 est
679 733 840 790 notorium.
856 727 1005 790 -Tunc
1023 721 1209 790 audiendus

88 861 156 908 non
171 848 221 905 est
235 841 335 905 ‘litias
352 841 590 908 restitutionem
603 849 719 925 petens
738 863 745 907 :
761 840 821 907 sed
833 839 936 926 judex
956 838 1205 915 ecclesiasticus

89 957 226 1020 Bertam
243 956 367 1020 interea
383 953 626 1040 relinquendoa
647 957 762 1022 marito
774 965 966 1042 separatam,
985 953 1087 1021 debet
1101 955 1210 1020 statim

90 1070 134 1136 ad
144 1090 275 1137 causam
292 1071 446 1138 nullitatis
459 1072 713 1158 cognoscendam
731 1071 768 1139 el
784 1072 998 1139 dirimendam
1014 1069 1207 1155 procedere.

89 1187 141 1253 An
156 1195 268 1252 autem
284 1187 334 1273 (ex
349 1208 388 1254 eo
403 1189 491 1273 quod
509 1188 780 1272 impedimentum
797 1191 838 1254 sit
853 1196 1014 1268 notorium,
1044 1207 1085 1252 ex
1111 1187 1211 1272 hypo

89 1300 190 1386 thesi)
208 1303 306 1385 possit
325 1312 404 1369 tunc
423 1303 526 1389 judex
542 1305 778 1369 ecclesiasticus
799 1323 926 1369 causam
944 1303 1033 1369 illam
1057 1301 1210 1367 dirimere

89 1425 396 1504 extro-judicialiter,
411 1423 464 1488 vel
482 1423 635 1487 informa
652 1429 810 1486 summarii
817 1426 942 1506 judieii,
956 1431 990 1486 et
1008 1442 1073 1488 non
1085 1425 1214 1485 servata

90 1555 208 1601 norma
235 1556 254 1602 a
281 1535 459 1603 Benedicto
478 1538 552 1602 xlv
580 1539 777 1621 praescripta,
807 1537 982 1602 discutitur
1003 1535 1105 1612 infra,
1133 1539 1148 1612 S
1177 1537 1210 1599 3.

90 1655 190 1718 Ratio
206 1672 283 1717 vero
302 1672 362 1718 cur
376 1654 410 1718 iu
423 1654 483 1719 hoc
496 1672 572 1719 casu
587 1653 765 1738 rejicienda
783 1654 824 1718 sit
848 1655 932 1718 actio
951 1653 1025 1718 litii
1039 1653 1071 1716 in
1086 1669 1213 1735 posses·
1236 1657 1241 1662 ’

91 1768 194 1845 sorio,
220 1768 410 1852 estquiaob
429 1766 653 1851 impedimenti
669 1774 876 1832 notorietatem
899 1767 966 1852 jaim
984 1768 1061 1832 satis
1088 1772 1215 1832 constat

88 1882 196 1968 judici
221 1881 264 1948 de
285 1883 479 1949 matrimonii
495 1883 657 1961 nullitate,
676 1883 773 1948 etiam
798 1891 874 1948 ante
891 1883 1075 1947 institutum
1094 1881 1135 1947 de
1155 1879 1214 1946 hac

90 2000 247 2065 nullitate
271 2018 467 2082 processum.
493 1998 601 2065 Juden
622 2006 730 2065 autem
750 2003 806 2084 qui
824 2008 915 2066 certo
930 2001 1005 2076 scit,
1023 2007 1058 2064 et
1083 1996 1215 2083 quidem

90 2115 232 2181 scientia
242 2115 371 2198 publica
390 2135 451 2199 per
464 2099 695 2181 notorietatem
708 2118 875 2201 acquisita,
887 2116 1127 2181 matrimonium
1144 2133 1215 2179 esse

90 2233 234 2308 nullum,
252 2250 316 2296 non
331 2239 474 2309 tenetur,
498 2235 562 2297 imo
581 2251 643 2297 neo
658 2233 746 2298 licite
762 2240 872 2316 potest
890 2233 1023 2297 Bertam
1043 2249 1160 2314 cogere
1173 2226 1215 2293 ad

92 2346 369 2413 cohabitationem
386 2347 449 2412 tori
467 2365 540 2411 curn
554 2348 652 2430 Titi03
679 2347 830 2432 quiahoc
850 2354 936 2412 esset
951 2365 1022 2411 eam
1037 2364 1154 2430 cogere
1173 2343 1216 2410 ad

90 2462 353 2528 fornicationem.
384 2463 424 2526 lit
448 2481 553 2548 neque
581 2469 690 2545 potest
717 2482 788 2527 eam
824 2480 941 2546 eogere
967 2461 1008 2526 ad
1034 2461 1215 2543 simplicem

92 2577 368 2644 cohabitationem
388 2577 509 2662 absque
529 2579 591 2642 tori
615 2581 796 2655 consortio,
819 2579 892 2663 quia
913 2576 955 2642 ad
974 2575 1008 2642 id
1021 2575 1073 2663 jus
1089 2576 1215 2642 nullum

91 2692 195 2757 habet
207 2693 318 2771 litius,
337 2694 441 2776 posita
457 2692 615 2758 nullitatis
627 2695 837 2760 notorietate.

138 2811 184 2874 11.
207 2813 302 2873 Cusus
328 2812 534 2891 impedimenti
561 2817 758 2874 aaa-notorii.
776 2809 977 2892 -Quando
1003 2807 1216 2893 impedimen-

90 2931 166 2990 tum
179 2923 353 3007 allegatum
369 2943 433 2988 non
452 2933 501 2990 est
516 2925 690 3003 notorium,
710 2925 828 2990 iterum
849 2924 972 3009 duplex
986 2943 1078 2990 casus
1103 2922 1218 2989 distin-

92 3039 248 3125 guendus
266 3041 355 3105 venit
376 3062 384 3105 ε
402 3040 456 3105 vel
469 3040 555 3104 enim
571 3039 729 3127 ejusmodi
744 3041 1014 3125 impedimentum
1030 3049 1080 3106 est
1093 3043 1216 3104 dubium

94 3155 279 3233 dumtaxat,
298 3157 352 3221 rel
369 3157 500 3221 omnino
511 3164 637 3221 certum.

143 3275 174 3336 1.
195 3274 277 3352 Quid
287 3279 315 3334 si
328 3274 571 3354 impedimentum
589 3279 630 3336 sit
650 3276 797 3336 dubium?
816 3309 862 3321 —·
875 3275 976 3350 Tunc,
994 3275 1039 3339 ait
1057 3273 1217 3338 Schmulz·

94 3387 243 3471 grneber
259 3387 363 3474 (iniit.
388 3391 440 3465 13,
453 3388 529 3454 libri
548 3391 567 3452 2
586 3389 727 3467 decret,
744 3411 776 3454 n.
796 3387 864 3475 62),
893 3414 908 3449 ι
927 3392 1083 3474 possessio
1097 3390 1217 3456 valoris

98 3525 115 3562 ιι
132 3511 185 3568 est
199 3521 300 3586 penes
316 3505 571 3588 matrimonium5
591 3512 624 3569 et
636 3503 711 3569 hinc
728 3524 801 3570 cum
816 3507 849 3569 in
863 3504 964 3571 dubio
978 3525 1074 3571 nemo
1094 3506 1216 3588 privari

100 3641 116 3676 ιι
134 3616 257 3683 debeat
272 3620 469 3701 possessione
482 3617 564 3703 juris
582 3619 641 3695 sui,
668 3619 799 3685 restitui
819 3619 921 3684 debet
946 3618 1065 3704 conjux
1089 3618 1217 3703 conjugi

100 3759 116 3794 ιι
135 3732 246 3820 quoad
266 3731 498 3799 habitationem
519 3738 553 3798 et
580 3734 641 3797 alia
665 3733 818 3819 obsequia
842 3733 1034 3820 conjugalia.
1059 3733 1108 3800 Ad
1122 3753 1216 3799 usum

100 3873 117 3910 ιι
132 3866 217 3914 vero
229 3846 426 3912 matrimonii
440 3846 511 3931 (etsi
528 3847 565 3921 is,
585 3866 661 3911 casu
680 3867 745 3932 quo
757 3847 842 3913 bona
856 3847 922 3914 fide
939 3856 1144 3914 contractum
1167 3856 1217 3915 est

100 3961 383 4036 «matrimonium,
401 3981 462 4026 nec
474 3963 595 4026 veritas
609 3968 683 4044 post
695 3961 887 4045 diligentem
897 3964 1140 4050 inquisitionem
1158 3964 1217 4030 de-

99 4105 116 4143 «
131 4075 295 4165 prehendi
310 4079 420 4160 possit,
435 4077 543 4142 licitns
554 4075 619 4161 sit),
638 4098 722 4142 unus
740 4086 849 4144 tamen
872 4080 1012 4145 alterum
1028 4101 1092 4146 non
1109 4088 1217 4165 potest

98 4210 264 4278 «cogere,
286 4192 466 4274 praesertim
480 4193 531 4256 uir
545 4191 722 4270 ioeminam,
742 4191 898 4277 quamdiu
919 4195 959 4259 lis
981 4193 1103 4278 pendet
1118 4213 1218 4277 super

100 4337 116 4372 ιι
135 4309 250 4390 valore
267 4307 471 4372 matrimonii.
489 4307 719 4391 Exponeretur
736 4309 822 4373 enim
835 4308 931 4375 valde
947 4311 1038 4394 gravi
1054 4311 1212 4395 periculo,

100 4451 117 4488 ιι
133 4427 161 4492 si
172 4431 286 4510 postea
299 4428 411 4510 contra
423 4424 615 4517 matrimonii
626 4424 769 4488 valorem
785 4425 987 4514 pronuntiari
996 4427 1211 4510 contingeret,
