2838 5114
279 337 343 400 388
621 351 810 398 rnuerurus
834 354 876 398 ne
899 352 1046 398 runicus.

278 475 365 540 omni
377 472 501 558 judicio
518 473 730 557 requiruntur
745 496 753 556 ;
769 493 830 539 nec
849 473 925 541 ideo
938 479 1136 538 summarium
1150 472 1282 553 dicitur,
1300 475 1372 559 quod

279 589 378 672 possit
395 587 499 673 judex
523 607 585 672 pro
612 587 709 654 libitu
738 588 935 671 procedere,
958 587 1016 655 sed
1042 596 1170 655 tantum
1195 589 1270 674 quia
1286 591 1373 654 omitti

250 709 258 718 “
277 713 411 786 possunt
426 722 472 770 eae
490 703 645 770 ordinarii
655 703 772 788 judicii
787 706 1017 782 solemnitates,
1037 723 1108 789 quae
1127 704 1203 789 jure
1223 704 1373 770 dumtaxat

275 821 416 905 positivo
442 821 709 904 praescribuntur,
731 841 793 888 neo
811 821 853 887 ad
877 821 1001 905 justum
1017 827 1051 886 et
1078 827 1206 886 rectum
1232 818 1372 905 judicium

193 1027 195 1030 Ι
273 937 455 1002 necessario
470 935 660 1002 adhibendae
673 943 761 1001 sunt.
780 936 875 1022 (Vide
893 956 964 1021 quae
979 936 1119 1001 diximus
1135 955 1235 1020 supra
1249 935 1290 1000 de
1301 934 1372 1019 judi-

224 1063 227 1071 “
273 1051 322 1116 cio
334 1049 532 1134 summario.)
545 1053 630 1135 Ergo
645 1052 771 1116 nullum
785 1051 945 1136 judicium
960 1050 1115 1135 injustum
1129 1049 1196 1115 dici
1216 1059 1329 1133 potest,
1341 1069 1371 1114 er

270 1185 310 1230 eo
328 1169 458 1249 praecise
474 1168 592 1250 capite,
610 1166 699 1253 quod
710 1168 920 1233 summarium
932 1168 1044 1232 fuerit.

312 1285 354 1348 II.
382 1289 442 1348 Nee
459 1289 604 1366 injustum
621 1286 683 1347 dict
698 1291 809 1365 potest,
830 1287 908 1365 qued
922 1290 955 1346 ic
971 1291 1058 1348 testes
1077 1286 1281 1348 adhibeantur
1300 1285 1369 1346 iatu-

267 1403 340 1464 de'Ier
363 1408 392 1462 et
413 1406 504 1463 etium
529 1406 752 1480 consecratori.
770 1437 816 1448 -
832 1401 912 1464 Nam
929 1397 971 1466 de
991 1399 1065 1483 jure
1081 1400 1221 1466 naturali
1241 1398 1276 1463 id
1294 1397 1370 1464 dum·

264 1524 354 1582 taxat
371 1515 478 1602 quoad
507 1522 608 1581 testes
633 1517 823 1599 requiritur,
853 1523 891 1580 ut
916 1516 1090 1600 unicuique
1112 1516 1297 1580 testimonio
1314 1533 1366 1578 non

263 1634 336 1718 plus
352 1632 505 1716 ponderis
519 1632 561 1698 ad
576 1632 780 1715 probandum
791 1632 969 1708 tribuatur,
988 1651 1083 1715 quam
1099 1652 1141 1697 ex
1155 1633 1262 1715 seipso
1280 1651 1365 1696 mere

262 1757 328 1814 tur.
358 1747 454 1829 Quod
481 1756 591 1813 autem
614 1756 713 1812 certae
732 1766 878 1830 personae
898 1746 1055 1811 inhabiles
1078 1746 1122 1811 ad
1140 1746 1364 1812 testificandum

262 1863 437 1931 declaratae
454 1864 527 1928 sint.
547 1862 582 1927 id
602 1862 733 1946 positivi
749 1862 829 1946 juris
847 1861 1013 1944 dispositio
1033 1871 1094 1928 est.
1118 1863 1279 1927 Caeterum
1296 1864 1365 1945 ipse
1408 1863 1409 1874 *

262 1989 328 2044 met
341 1988 433 2045 actus
447 1978 601 2046 audiendi
616 1979 779 2062 quoslihet
793 1984 908 2055 testea,
921 1978 1020 2044 etiam
1035 1997 1131 2062 quam
1142 1979 1280 2044 maxime
1288 1977 1364 2041 inha-

260 2097 351 2172 biles,
372 2115 430 2178 per
446 2115 480 2160 se
500 2095 621 2158 nuliam
635 2095 773 2161 involvit
788 2092 990 2178 injustitiam,
1012 2101 1046 2157 et
1059 2112 1208 2176 persaepe
1224 2093 1266 2159 ad
1287 2092 1363 2158 dete·

260 2208 397 2293 gendam
412 2211 583 2276 veritatem
603 2210 691 2274 utilis
707 2228 776 2274 esse
798 2214 917 2291 potest.
939 2207 1055 2288 Quoad
1073 2208 1252 2274 tribunalia
1270 2217 1361 2273 autem

260 2326 484 2410 inquisitionis,
506 2327 582 2390 licet
609 2324 809 2390 decernatur
830 2322 960 2388 admitti
982 2342 1076 2406 posse
1102 2331 1217 2402 testes,
1244 2325 1313 2388 alias
1328 2323 1360 2386 de

259 2441 333 2525 jure
352 2441 516 2506 communi
528 2439 685 2504 inhabiles
701 2438 746 2524 (et
769 2439 867 2504 etiam
883 2436 987 2502 tilium
1012 2446 1126 2502 contra
1145 2446 1281 2521 patrem,
1296 2458 1360 2502 uxo

261 2576 331 2622 rem
354 2565 468 2622 contra
491 2555 659 2630 maritum,
682 2555 759 2636 etc.)
781 2573 845 2618 non
867 2561 976 2618 tamen
991 2555 1147 2618 statuitur
1173 2555 1314 2620 sufficere
1327 2552 1358 2618 ad

261 2672 465 2756 probandum
485 2670 644 2756 ejusmodi
662 2669 859 2746 testimonia,
877 2678 911 2736 et
935 2689 976 2734 ex
1002 2671 1048 2735 eis
1076 2688 1171 2753 posse
1186 2691 1279 2736 reum
1301 2690 1359 2736 oon-

261 2787 427 2870 demnari;
459 2786 517 2852 sed
545 2785 587 2852 ad
610 2786 803 2850 sententiam
830 2782 1129 2850 condemnatoriam
1155 2787 1356 2868 requiruntur,

262 2905 345 2968 sicut
359 2903 392 2966 in
408 2902 556 2968 omnibus
572 2901 641 2964 aliis
653 2898 794 2983 judiciis,
812 2906 914 2964 testes
924 2900 1011 2963 omni
1020 2901 1214 2982 exceptione
1227 2900 1354 2984 majores.
1407 2969 1408 2974 ἵ

262 3016 356 3082 Unde
384 3036 502 3082 revera
530 3034 704 3099 perperam
735 3033 776 3078 er
798 3015 859 3078 isto
882 3014 996 3097 capite.
1014 3011 1176 3097 injustitia
1206 3013 1357 3082 conclude
1407 3039 1408 3074 i

262 3137 368 3196 retur.

307 3247 365 3310 111.
385 3248 444 3308 Nee
462 3247 638 3306 tndeortter
652 3245 893 3324 injustittheod
910 3247 1030 3304 testium
1045 3248 1168 3306 ammira
1184 3264 1234 3306 ree
1249 3260 1355 3306 nonme

263 3367 454 3444 atsesteatur.
469 3398 514 3410 -
527 3361 681 3442 Quamvis
697 3361 781 3425 enirn
795 3363 976 3442 repulertter
993 3360 1100 3444 exigat
1115 3361 1270 3426 naturalis
1283 3358 1355 3442 aequi·

263 3488 324 3557 tas,
344 3498 402 3543 reo
424 3483 501 3542 nota
521 3477 593 3542 fieri
614 3477 741 3540 nomina
761 3478 903 3552 testium,
925 3483 962 3540 ut
984 3483 1097 3541 contra
1117 3477 1205 3560 ipses
1225 3477 1353 3566 excipere

265 3597 384 3670 valeat,
406 3594 475 3676 ipsa
490 3599 601 3658 tamen
615 3600 707 3656 recta
729 3592 813 3656 ratic
829 3590 941 3670 dictat,
960 3591 1002 3656 ab
1023 3591 1082 3656 hac
1101 3594 1247 3676 generali
1265 3590 1353 3673 regula

264 3707 487 3776 recedendum
499 3726 569 3772 esse
581 3708 617 3771 in
629 3726 715 3784 casu,
729 3725 793 3791 quo
809 3705 897 3771 dicta
910 3705 1088 3772 formalitas
1099 3706 1351 3790 periculosissime

264 3825 400 3910 alicujus
419 3825 587 3889 criminum
603 3825 724 3906 speciei
743 3824 973 3888 coercitionem
993 3822 1179 3905 impediret.
1196 3825 1291 3888 Porro
1308 3818 1350 3884 de

264 3949 376 4008 cucrat
399 3941 612 4024 experientia,
630 3938 665 4002 id
695 3941 883 4021 contingere
914 3938 1021 4023 quoad
1051 3941 1176 4004 crimen
1205 3941 1345 4006 hereseos.

264 4057 498 4141 Quamplurimi
525 4073 642 4138 nempe
674 4074 692 4117 a
721 4055 907 4120 testimonio
941 4055 1081 4120 ferendo
1108 4055 1342 4122 deterrebantur.

264 4182 447 4242 metuentes
464 4191 506 4236 ne
525 4172 558 4234 in
575 4172 661 4254 ipsos
681 4189 758 4234 reus
776 4170 888 4254 ejusve
915 4174 1145 4254 consanguinei
1168 4169 1343 4238 vindictnset

263 4291 374 4376 gravia
393 4288 509 4354 damna
531 4287 734 4370 molirentur.
761 4287 843 4350 Hinc
864 4307 905 4352 ne
926 4288 1058 4370 impune
1080 4288 1256 4354 hereticale
1277 4286 1342 4348 virus

263 4412 423 4488 serperet,
441 4410 475 4468 ct
491 4403 565 4486 quia
579 4401 614 4464 in
631 4401 757 4466 casibus
773 4403 925 4468 extremis
941 4403 1118 4486 prevalere
1142 4402 1239 4471 debet
1255 4397 1339 4464 certis·
1406 4459 1407 4494 ,
