2836 5118
587 355 773 428 rotcausus
797 358 840 404 uu
862 358 1011 406 tuorcns.

404 1041 460 1112 De
489 1040 670 1114 Processu
697 1040 872 1114 criminali
903 1041 1198 1116 extraordinario.

744 1359 874 1374 m

293 1617 359 1698 Per
382 1617 660 1680 mtroordtoorium
680 1616 877 1682 criminalem
901 1635 1106 1700 processum,
1128 1618 1220 1684 illum
1241 1617 1343 1684 iutelli-

249 1731 371 1816 gimus,
390 1732 424 1794 in
446 1750 511 1816 quo
531 1748 663 1796 necesse
679 1751 743 1797 nou
764 1740 813 1798 est
835 1751 946 1798 omnes
963 1733 1124 1816 superiori
1140 1735 1278 1823 sectione
1299 1733 1344 1800 de

251 1850 387 1932 scriptas
413 1848 632 1914 solemnitates
659 1848 858 1932 observare;
888 1825 1112 1932 permittente
1133 1850 1256 1917 sufficet
1285 1849 1344 1934 jure

251 1966 420 2041 canonico,
446 1971 484 2029 ut
506 1965 655 2030 incertis
678 1982 847 2030 causarum
871 1960 1082 2030 criminalium
1108 1966 1289 2052 speciebus,
1313 1963 1344 2030 ab

252 2079 414 2172 ordinaria
429 2079 533 2145 forma
546 2078 659 2145 recedi
679 2080 790 2164 possit,
810 2088 845 2145 et
860 2079 1004 2146 breviori
1017 2081 1237 2166 peculiarique
1252 2099 1345 2148 norma

253 2195 405 2286 procedi.¹

248 2364 251 2368 .
298 2315 401 2378 Porro
414 2311 600 2398 hujusmodi
617 2330 787 2396 processus
802 2312 975 2378 criminalis
989 2319 1229 2380 extraordinarii
1244 2314 1346 2400 species

147 2443 148 2446 ’
254 2438 395 2518 quatuor
412 2429 671 2513 distinguuntur,
692 2428 829 2494 totidem
848 2430 1106 2496 subsectiouibus
1133 2452 1219 2498 nunc
1246 2449 1347 2515 expen-

255 2546 388 2623 dendae,
410 2547 558 2612 seilicet:
580 2543 611 2610 1ο
626 2564 795 2629 processus
822 2547 993 2612 criminalis
1014 2569 1054 2610 erc
1074 2555 1213 2630 notetu-
1236 2553 1269 2614 2⁰
1287 2567 1347 2633 pro

257 2657 365 2731 cessus
392 2665 602 2748 summarius3
631 2667 665 2730 3⁰
688 2665 855 2728 sententiae
883 2684 924 2731 ex
951 2664 1124 2731 informata
1149 2664 1346 2746 conscientia,

257 2779 293 2848 4⁰
307 2798 477 2865 processus
492 2779 711 2864 inquisitorius
726 2787 838 2844 contra
851 2778 1035 2845 haereticam
1055 2783 1259 2865 pravitatem.

301 2901 424 2964 Horum
442 2905 552 2962 autem
568 2913 780 2979 processuum
802 2895 1012 2961 criminalium
1035 2916 1183 2982 quaenam
1205 2899 1245 2964 sit
1267 2914 1349 2982 pecu·

256 3015 344 3080 liaris
361 3017 489 3091 norma,
515 3019 550 3077 et
568 3010 696 3096 quando
715 3009 863 3076 adhiberi
880 3013 980 3094 possit
999 3019 1056 3077 aut
1073 3012 1208 3092 debeat,
1227 3014 1281 3078 nisi
1293 3009 1350 3095 qu'u

259 3130 404 3215 apprime
425 3130 629 3213 exploratum
651 3125 796 3204 babeat,
810 3128 843 3192 iu
868 3146 904 3194 re
929 3127 1052 3193 forensi
1076 3130 1287 3198 ecclesiastica
1308 3131 1352 3218 aut

259 3249 355 3331 plane
370 3246 532 3323 caecutiet,
551 3252 609 3311 aut
623 3245 726 3342 altero
742 3244 855 3310 saltem
872 3245 966 3310 oculo
979 3245 1140 3330 caligabit.

612 3681 958 3780 SUBSECTIO
998 3687 1030 3780 Ι.

516 3939 711 4014 Processus
742 3963 787 4012 ex
815 3941 954 4013 notorio
984 3965 1120 4014 norma.

303 4203 361 4268 llic
385 4198 638 4285 expendendum
659 4199 800 4265 occurrit
825 4204 856 4264 1ο
872 4199 950 4286 quid
975 4201 1017 4266 sit
1035 4204 1216 4286 notorium;
1242 4205 1275 4266 2⁰
1298 4197 1355 4284 quis

257 4317 461 4401 particularis
478 4316 679 4400 procedendi
693 4315 809 4381 modus
825 4317 990 4400 legitimus
1003 4315 1061 4383 fiat
1074 4318 1108 4382 in
1127 4337 1221 4386 casua
1235 4313 1354 4394 notori;

256 4437 290 4498 3⁰
305 4435 400 4520 quale
413 4432 532 4500 debeat
546 4450 617 4498 esse
636 4432 808 4511 notorium,
829 4439 868 4498 ut
883 4430 985 4517 judex
1001 4440 1074 4500 tuto
1094 4435 1193 4517 possit
1211 4431 1355 4520 perviam
