2948 5126
549 397 628 445 raus
650 395 809 444 secunus.
1188 380 1231 445 25

116 541 188 607 gem
206 522 349 608 aliquam
368 539 438 586 esse
455 519 620 606 injustam,
642 519 732 587 aliud
748 538 819 587 eam
834 539 902 588 non
915 539 984 589 csse
1001 521 1144 588 omnium
1157 537 1234 607 per·

116 636 335 704 tectissimum.
348 634 426 702 Esto
437 635 622 720 perfectum
636 635 670 701 in
682 635 742 702 hac
755 638 891 704 materia
908 635 961 725 jus
978 637 1156 706 Romanum
1166 655 1233 704 nou

116 753 216 820 inerit
230 773 239 837 ;
255 760 292 817 at
305 750 462 837 injustum
475 749 540 816 dici
553 769 619 816 non
635 749 758 817 debere
778 754 983 819 sustinemus.

158 867 380 935 Confirmatur
399 875 509 933 autem
528 865 675 932 doctrina
694 866 764 932 hac
788 888 829 933 ex
849 867 968 934 invicta
989 867 1092 935 divini
1110 866 1230 934 oraculi

114 985 325 1052 authoritate.
343 983 421 1048 Nam
435 980 511 1048 ideo
522 981 685 1065 praecipue
698 981 849 1068 injustam
864 981 978 1049 dicunt
987 981 1114 1050 talionis
1123 983 1231 1068 legem

113 1101 331 1184 iiscriptores
355 1116 436 1182 quos
459 1097 683 1177 confutamus,
707 1098 801 1184 quia,
822 1119 936 1163 curum
958 1106 1107 1165 tcatomeu
1128 1103 1232 1165 delicti

115 1215 222 1303 (verbi
233 1215 349 1298 gratia,
364 1211 550 1297 homicidii),
569 1219 669 1277 minus
675 1215 868 1297 plcctccdum
884 1222 940 1295 cst,
960 1235 1049 1298 pacm
1060 1219 1140 1280 mon
1154 1217 1231 1279 dcii-

111 1338 192 1395 ctam
206 1333 246 1394 dc
259 1333 340 1412 sacto
352 1335 531 1411 patratum·
546 1347 588 1393 cn
602 1347 668 1414 quo
686 1329 846 1415 principio
864 1329 908 1395 sic
922 1335 1062 1415 arguunt
1081 1351 1089 1396 :
1110 1328 1231 1396 calum-

111 1449 220 1514 niator
229 1447 287 1532 qui
297 1447 436 1533 aliquem
444 1447 695 1513 falsoaccusavit
704 1446 855 1514 facinoris
864 1455 968 1514 morte
980 1447 1079 1532 digni,
1091 1447 1231 1515 tentavit

111 1563 246 1651 quidem
260 1566 467 1630 innocentem
479 1561 642 1643 occidere,
657 1563 715 1630 sed
731 1563 774 1630 de
790 1563 878 1630 facto
892 1583 958 1629 non
975 1563 1094 1632 occidit
1111 1585 1118 1632 :
1136 1581 1226 1650 crgo,

110 1680 245 1748 detecta
259 1681 427 1760 calumnia,
441 1700 508 1746 non
522 1679 624 1746 debet
641 1687 745 1748 morte
763 1681 873 1764 plecti,
890 1678 978 1766 quod
991 1688 1102 1747 tamen
1113 1680 1169 1747 lex
1181 1685 1228 1746 ta·

107 1798 201 1866 lionis
212 1796 378 1881 exigebat.
391 1797 573 1864 decutiunt
584 1798 724 1876 omniuo,
735 1796 815 1863 dum
830 1797 1053 1863 inconcussum
1069 1804 1227 1881 reputant

109 1915 309 2001 principium
334 1914 410 1992 boc,
433 1918 577 1998 injustum
604 1922 659 1992 est,
688 1934 802 1978 mecum
831 1921 980 1979 tcutomcu
1002 1915 1106 1978 delicti
1124 1915 1227 1977 codem
1332 1889 1338 1905 ⁸

108 2036 199 2116 plecti
207 2051 313 2115 poeno,
332 2051 367 2094 oc
378 2033 458 2094 idcm
471 2032 613 2094 celuim
624 2032 662 2093 dc
674 2033 755 2112 sacto
767 2037 923 2112 patratum
936 2050 948 2093 .·
962 2026 1086 2096 nedum
1099 2036 1226 2096 certum

78 2151 81 2156 “
109 2149 149 2214 sit
159 2144 348 2213 istiusmodi
356 2145 561 2230 principium,
577 2144 693 2210 falsum
709 2145 841 2211 omnino
854 2143 1096 2211 demonstmtur
1106 2145 1227 2230 exipsa

108 2263 180 2348 lege
200 2261 314 2329 diuina
331 2283 338 2327 :
354 2263 388 2326 in
400 2259 510 2328 Exodo
526 2261 612 2326 enim
627 2259 707 2348 (cap.
721 2261 776 2338 at,
791 2279 823 2326 v.
836 2257 890 2344 23)
906 2257 1226 2346 sicdivinuslegisla·

110 2388 162 2445 tor
185 2379 324 2444 sancivit
344 2399 351 2444 :
373 2383 434 2460 (coi
449 2384 629 2460 percusserit
650 2377 813 2453 bominem,
838 2380 939 2442 coleos
963 2380 1104 2457 occidere,
1131 2385 1225 2441 mmtc

7 2529 9 2536 ·
110 2501 270 2560 numium
293 2492 344 2561 lbi
358 2502 448 2560 certe
466 2498 633 2559 tentamen
655 2491 818 2560 homicidii
832 2492 946 2559 eadem
961 2513 1056 2578 poena
1072 2513 1109 2558 ac
1123 2491 1226 2558 bomi-

111 2609 231 2676 cidium
244 2599 352 2694 ipsum
363 2609 532 2694 plectitur.
557 2606 662 2686 Unde,
675 2609 729 2676 vel
742 2609 846 2674 Deum
858 2609 962 2692 ipsum
973 2605 1127 2694 injustum
1140 2607 1224 2674 blas-

111 2723 279 2810 phement,
295 2722 350 2788 vel
361 2719 556 2789 ratiunculas
566 2741 639 2788 suas
649 2740 709 2806 pro
723 2720 871 2787 inanibus
883 2721 993 2807 (prout
1005 2739 1122 2786 revera
1133 2718 1222 2805 sunt)
1297 2765 1302 2776 ·

109 2838 260 2906 habeant.
275 2839 379 2920 Quam
395 2835 708 2903 animadversionem
721 2835 756 2902 in
767 2855 823 2902 cos
837 2837 1018 2922 presertim
1028 2841 1224 2922 contorque-

109 2971 188 3034 mus,
210 2953 269 3040 qui
281 2973 352 3019 sese
370 2952 544 3020 catholicos
558 2950 768 3038 profitentur,
792 2959 826 3017 et
846 2951 1052 3017 nibilominus
1064 2949 1098 3015 in
1118 2951 1225 3036 legem

109 3071 245 3149 talionis,
271 3090 313 3136 en
331 3070 460 3136 incaute
475 3067 613 3135 admisso
627 3066 764 3153 prefato
777 3066 947 3150 principio,
965 3069 1176 3134 insectantur.

150 3195 281 3270 Quarto,
306 3185 480 3270 sapientior
496 3191 606 3250 tamen
626 3185 660 3249 in
678 3167 900 3249 recentiorum
926 3182 1123 3268 populorum
1145 3182 1224 3268 legi-

109 3304 167 3370 bus
181 3303 259 3369 huic
278 3301 405 3368 talionis
420 3320 523 3385 poenac
547 3298 713 3385 dispositio
731 3299 895 3366 successit.
922 3300 1085 3365 statutum
1105 3319 1223 3385 nempe

110 3419 306 3504 generaliter
321 3417 394 3496 suit,
412 3425 449 3483 ut
460 3417 564 3504 judea
578 3418 612 3482 in
625 3416 782 3503 qualibet
805 3423 940 3484 externa
954 3415 1086 3481 crimina
1104 3437 1145 3482 en
1160 3415 1224 3482 offi-

83 3624 85 3629 .
110 3536 156 3602 cio
181 3535 391 3621 inquireret:
409 3534 453 3599 ita
478 3533 617 3612 scilicet,
637 3541 675 3598 ut
690 3531 779 3598 nullo
803 3534 900 3599 etiam
917 3540 1105 3612 accusante,
1122 3534 1224 3616 possit

110 3660 142 3717 et
167 3652 291 3742 debeat
317 3651 522 3736 magistratus
544 3669 630 3729 eum,
651 3669 749 3735 quem
768 3649 887 3734 patrati
907 3648 1019 3716 delicti
1039 3654 1223 3733 suspectum

110 3771 243 3855 simplex
272 3767 410 3849 delatio,
434 3768 489 3833 rel
507 3767 611 3854 aliqua
634 3766 763 3846 indicia,
781 3768 836 3833 rel
849 3767 933 3832 fama
951 3765 1082 3851 publica
1098 3763 1223 3860 denun-

109 3887 198 3968 tiant,
209 3886 350 3974 juridico
364 3905 518 3970 processu
530 3884 705 3951 discutere.
723 3861 827 3952 Porro
851 3886 988 3951 illatam
1004 3883 1130 3949 utiliter
1139 3891 1222 3950 tam-

110 4022 170 4090 qne
185 4002 489 4087 sapienterinducta
506 4007 711 4084 inquisitionis
727 4023 766 4064 cc
779 4003 875 4083 officio
890 4007 952 4082 cic,
972 3999 1026 4086 jus
1042 4000 1222 4066 Romanum

111 4120 240 4189 carebat
251 4142 259 4206 ;
271 4138 346 4185 cum
359 4119 509 4186 Romanis
530 4119 769 4204 magistratibus
783 4137 848 4183 nou
862 4117 977 4184 liceret
991 4137 1032 4183 cx
1047 4135 1140 4182 mero
1155 4107 1222 4182 offiss

111 4236 159 4303 cio
185 4246 219 4302 ct
239 4237 307 4304 sinc
330 4245 519 4304 accusatore
539 4235 732 4320 procedere,
758 4235 818 4300 nisi
844 4235 877 4298 in
895 4254 933 4300 ea
955 4252 1058 4317 pauca
1073 4231 1221 4318 quadam

112 4349 314 4440 delictaque
329 4353 515 4438 generalem
526 4352 712 4437 reipublicae
719 4351 990 4438 tranquillitatem
1006 4351 1040 4415 in
1050 4345 1235 4414 discrimen

112 4457 326 4529 adducebant.
340 4461 440 4529 Unica
454 4479 515 4550 pro
532 4463 657 4530 caeteris
673 4458 861 4529 coercendis
879 4457 1006 4526 delictis
1021 4453 1155 4545 patebat
1170 4475 1221 4519 uc·
