2914 5122
236 359 297 422 136
586 373 773 420 reserares
795 372 839 420 nn
861 369 1009 420 runicus.

278 501 405 579 orurto.
426 498 494 564 Nec
509 496 801 582 dicatnrpraeiatca
823 493 1030 562 accusatorie
1050 492 1162 562 forme
1185 493 1346 570 defectae
1450 485 1451 496 ’

232 611 444 692 sufficientem
456 613 490 678 in
504 614 635 699 antiqua
654 612 802 680 Ecclesia
816 610 984 694 disciplina
998 609 1139 693 reperiri
1148 616 1351 694 temperatos

232 736 267 794 et
288 729 391 806 elisos,
415 735 514 813 prout
532 747 590 795 nos
609 729 669 812 ipsi
691 728 898 813 insuperiori
926 725 1011 795 thesi
1031 724 1257 794 ostendimus:
1277 743 1351 792 nam

231 844 284 911 hic
304 845 510 910 intrinsecam
532 846 702 930 utriusque
719 843 903 930 systematis
927 841 1106 910 bonitatem
1129 841 1350 908 conferimus:

232 958 345 1042 negari
363 965 473 1024 autem
487 959 600 1043 nequit
615 957 722 1024 dictos
740 957 892 1025 detectus
910 939 952 1024 ex
972 958 1175 1024 accusatoria
1194 957 1354 1035 formari

233 1075 299 1140 sola
316 1073 542 1158 perpendatur
566 1082 689 1141 nature
712 1073 860 1140 humane
876 1074 1073 1159 proclivitas,
1091 1081 1207 1159 sponte
1224 1074 1350 1158 tinere3

233 1209 369 1276 esseque
388 1189 524 1274 proinde
540 1190 602 1274 ipsi
625 1190 826 1258 intrinsecos.
845 1188 941 1272 Quod
965 1209 1045 1256 vero
1067 1190 1217 1258 Ecclesiae
1247 1188 1357 1257 media

233 1327 298 1373 non
311 1306 476 1373 defuerint
488 1325 543 1371 eos
555 1305 706 1372 defectus
716 1305 871 1384 elidendi,
888 1304 924 1370 id
936 1307 970 1370 in
981 1305 1114 1378 laudem
1126 1306 1279 1374 ecclesa
1290 1313 1353 1384 est,

237 1442 302 1489 non
316 1431 427 1489 autem
440 1423 625 1508 systematis
638 1423 672 1488 in
686 1422 793 1506 seipso
812 1421 1020 1488 considerati.
1380 1488 1382 1492 ,

277 1536 348 1600 lam
371 1533 413 1602 ad
437 1534 588 1600 defectus
614 1533 672 1620 qui
696 1535 899 1620 inquisitorio
921 1536 1087 1619 processui
1106 1535 1244 1606 vicissim
1260 1530 1361 1621 objici

238 1659 370 1738 possent
382 1649 519 1736 gradum
530 1650 700 1726 faciamus,

283 1771 315 1834 2.
346 1769 384 1834 In
409 1786 474 1852 quo
499 1785 634 1850 peccare
663 1766 743 1852 fingi
777 1767 879 1850 possit
902 1765 1142 1850 inquisitorium
1168 1773 1328 1851 systema.

286 1889 393 1948 Prima
407 1885 529 1968 objectio
543 1904 553 1945 :
566 1882 672 1950 Semel
683 1881 815 1948 inducta
828 1881 1040 1966 inquisitionis
1051 1880 1168 1959 ferma,
1187 1889 1300 1966 potest
1312 1880 1361 1968 ju·

247 2002 312 2069 dex
332 2021 372 2066 ex
391 2000 521 2064 minima
535 1999 727 2084 suspicione,
740 2017 780 2063 ex
796 1997 926 2062 minimo
940 2015 1084 2077 rumore,
1101 2017 1142 2064 ex
1156 1998 1287 2064 udnima
1306 2017 1363 2064 cu·
1453 2063 1454 2066 ,

240 2112 436 2204 'juscumque
462 2133 606 2198 personae
623 2114 785 2182 delatione
797 2114 867 2179 sive
883 2113 1140 2193 denuntiatione,
1158 2115 1192 2180 in
1222 2114 1364 2200 aliquem
1454 2163 1455 2185 ³

242 2233 431 2318 inquirere:
452 2230 552 2298 semel
568 2238 677 2298 nutem
694 2233 823 2314 incepta
839 2229 1055 2314 inquisitione,
1077 2231 1196 2298 vulnus
1218 2231 1365 2316 inquisiti
1454 2291 1455 2300 ,

245 2351 339 2416 fame
356 2346 725 2434 infligitur,quodplena
735 2346 836 2412 etiam
846 2344 1058 2412 absolutionis
1071 2347 1367 2434 sententianequa·
1454 2379 1455 2382 ¹

243 2487 342 2556 quam
356 2467 482 2550 integre
499 2471 601 2546 sanat,
619 2471 809 2545 remanente
828 2463 985 2529 invirum
1002 2477 1167 2548 nunquam
1192 2464 1289 2548 plene
1308 2464 1368 2532 de·

142 2611 145 2618 ·
247 2583 347 2676 lenda
358 2582 552 2668 suspicione,
569 2581 624 2647 vel
641 2601 682 2646 ex
695 2598 735 2646 eo
750 2580 820 2646 solo
832 2577 921 2664 qnod
940 2577 1155 2663 inquirendus
1171 2578 1283 2648 fucrit.
1315 2584 1368 2648 In·
1455 2617 1456 2644 ;

245 2709 340 2768 terea
355 2687 522 2766 innocenti
546 2698 716 2783 multiplex
736 2696 859 2764 inflicta
877 2704 1005 2763 tortura
1024 2718 1031 2761 :
1057 2703 1233 2782 torquetur
1247 2680 1368 2786 nempe

123 2797 125 2804 ⁵
246 2818 349 2904 ipsius
362 2835 532 2901 processus
545 2814 734 2898 ambagibus
753 2835 760 2880 :
777 2819 951 2899 torquetur
965 2831 1089 2896 pavore
1099 2811 1143 2880 de
1154 2833 1251 2880 cansa
1260 2816 1366 2894 exitu,

248 2955 289 3000 nc
304 2934 390 2999 forte
404 2934 505 3018 ipsius
514 2931 633 2998 inimici
650 2931 774 2996 artibus
786 2938 821 2995 et
836 2927 955 2996 fraude
974 2929 1173 3012 prevaleant
1194 2953 1201 2996 :
1226 2939 1366 3018 torque·

248 3061 305 3120 tur
321 3050 526 3132 detentione;
542 3056 577 3114 et
594 3046 788 3114 detentionis
801 3045 1046 3130 appendicibus,
1060 3047 1199 3114 cameris
1213 3049 1369 3134 squalore

249 3175 285 3236 et
298 3165 484 3232 solitudine.
499 3163 565 3229 Has
578 3169 614 3229 ct
630 3163 708 3228 alins
718 3161 899 3228 istiusmodi
915 3159 1179 3241 declamationes,
1195 3164 1253 3250 qui
1274 3168 1370 3234 volet

252 3281 434 3367 emphatico
457 3277 702 3346 mendaciorum
726 3277 844 3344 robore
865 3276 1046 3361 descriptas
1064 3279 1249 3363 perlegere,
1273 3281 1375 3350 adeat

252 3397 424 3482 Filangieri
448 3396 585 3483 (Scieoza
602 3398 683 3460 della
701 3396 907 3490 lopislcztoqe,
933 3402 1014 3460 tom.
1038 3398 1070 3473 3,
1099 3412 1173 3478 pag.
1200 3399 1257 3474 37,
1287 3397 1370 3465 edit.

253 3511 355 3592 Neap.
395 3505 492 3594 1791)
511 3529 519 3592 ;
539 3509 596 3594 qui
616 3515 743 3584 auctor,
766 3525 839 3572 meo
865 3505 999 3592 quidem
1017 3497 1154 3591 judicio,
1179 3527 1245 3576 non
1263 3511 1374 3578 minus

254 3627 376 3690 eminet
389 3624 533 3710 damnati
558 3643 578 3690 a
599 3624 695 3690 Sacra
713 3623 968 3707 Gongrcgatione
980 3622 1099 3692 Indicis
1111 3625 1221 3708 operis
1237 3628 1290 3694 sni
1303 3629 1373 3695 ina·

253 3743 368 3823 nitate,
385 3761 482 3828 quam
495 3741 672 3825 impietatis
693 3747 728 3805 et
741 3737 934 3825 jamdudum
957 3741 1115 3824 antiquati
1128 3742 1374 3814 volteriantsnt

253 3857 372 3923 foetore
382 3856 596 3942 putidissimo.
619 3855 921 3940 -llespondeturz
941 3856 1017 3922 llaec
1029 3857 1148 3935 omnia,
1166 3859 1196 3924 si
1211 3857 1254 3926 ds
1265 3861 1375 3946 inqui-

255 3952 366 4038 sitorio
380 3981 478 4056 prout
488 3973 521 4036 in
533 3973 678 4038 Ecclesia
690 3973 780 4056 viget
790 3990 942 4056 processu
955 3977 1081 4054 agatur,
1096 3971 1176 4040 lnlsn
1190 3991 1274 4042 esse.
1291 3977 1374 4042 Nam

253 4089 356 4175 judici
366 4091 583 4156 ecclesiastico
594 4109 660 4156 non
671 4087 748 4156 licet
763 4090 796 4154 in
810 4107 1005 4174 quemquam
1019 4089 1185 4174 inquirere
1210 4112 1253 4158 ex
1267 4095 1375 4178 suspi-

257 4211 349 4278 cione
366 4217 423 4276 aut
438 4210 505 4280 levi
519 4227 662 4288 rumore,
680 4210 734 4274 vel
757 4209 856 4276 etiam
875 4208 1136 4294 denuntiatione;
1158 4210 1219 4278 sed
1241 4214 1375 4280 omnino

256 4342 390 4390 necesse
414 4330 464 4388 est
486 4323 671 4406 inquisitum
696 4322 887 4388 infamatum
905 4322 1015 4399 suase,
1040 4321 1139 4401 idest,
1166 4330 1311 4408 sparsam
1340 4328 1374 4392 in

258 4439 425 4523 publicum
451 4437 549 4502 luisse
564 4437 605 4504 de
634 4444 794 4522 patratoa
813 4439 870 4504 tali
882 4456 1020 4522 persona
1034 4437 1156 4508 delicto
1179 4440 1310 4508 famam.
1334 4442 1375 4509 ld

241 4581 250 4618 l
