2836 5118
483 415 562 462 runs
584 413 741 462 securus.
1102 391 1165 454 329

116 545 145 607 3ο
155 539 199 606 rid
211 547 339 606 textum
354 545 464 604 autern
478 535 713 615 Tridentium,
732 537 766 602 in
780 554 845 621 quo
858 534 980 600 dicitur
993 551 1086 618 posse
1098 531 1170 614 Epi·

81 675 189 741 scopum
202 657 487 740 cotra-judicialiter
508 653 689 738 procedere
706 674 746 716 ea
760 671 940 736 quocumque
961 669 1062 728 causo,
1079 649 1170 712 ctiam

80 775 244 836 edomitum
257 777 369 834 crimen
382 769 451 858 (ubi
465 789 527 834 vox
547 776 639 833 ettam
658 776 772 852 aperte
792 767 945 852 supponit
959 765 994 831 id
1016 783 1073 830 eos
1091 783 1171 849 quo·

80 907 130 974 que
143 908 227 974 posse
247 886 379 974 quando
399 890 522 953 crimen
541 893 671 954 nonest
687 882 878 968 occultum),
897 882 1083 950 concedunt
1102 882 1171 967 qui-

79 1003 138 1070 dem
155 1024 203 1070 eas
217 1022 316 1069 voces
333 1003 560 1088 intelligendas
575 1022 660 1082 esse,
675 1022 740 1067 non
750 1007 877 1067 tantum
896 998 939 1065 de
953 998 1171 1083 prohibitione

78 1121 110 1185 ab
122 1140 245 1186 ascensu
259 1119 302 1185 ad
315 1119 456 1198 ordines,
474 1119 534 1185 scd
551 1121 647 1184 etiam
666 1117 708 1184 de
721 1119 929 1200 suspensione
948 1116 989 1181 ab
1004 1114 1173 1181 ordinibus

75 1235 127 1319 jam
139 1237 284 1321 receptis,
302 1255 428 1302 necnon
443 1255 462 1300 a
477 1233 691 1320 dignitatibus
707 1231 862 1318 gradibus
885 1241 919 1298 et
937 1231 1055 1309 officiis,
1074 1239 1172 1314 prout

76 1369 206 1433 expresse
223 1351 258 1417 id
275 1353 440 1416 multoties
459 1349 640 1417 declaravit
661 1353 757 1416 Sacra
780 1348 995 1433 congregatio
1011 1345 1143 1413 Concilii
1163 1368 1169 1410 :

76 1465 236 1533 seddicuut
248 1466 379 1532 easdem
398 1486 495 1533 voces
513 1487 583 1532 esse
593 1466 686 1551 juxta
701 1466 896 1550 exigentiam
916 1463 1058 1528 materie
1077 1460 1170 1525 intel-

73 1581 209 1665 ligendas,
238 1583 327 1648 Sicut
351 1603 468 1668 nempe
495 1580 607 1669 (aiunt)
628 1600 725 1648 voces
748 1602 787 1644 cx
810 1600 989 1662 quocumque
1011 1597 1112 1653 causo,
1144 1577 1170 1640 si

74 1707 170 1780 agatur
187 1699 230 1766 de
245 1701 448 1764 recusatione
464 1698 686 1776 ordinationis,
699 1694 918 1780 intelligendu
936 1703 1012 1760 sunt
1031 1692 1073 1758 de
1092 1710 1171 1776 qua·

73 1831 193 1900 cumque
210 1835 308 1883 eausa
319 1815 416 1900 justa,
434 1817 531 1881 etiam
546 1815 779 1880 uon-criminali
791 1834 799 1896 ;
813 1813 840 1879 si
858 1819 968 1876 autem
992 1817 1108 1894 agatur
1128 1806 1169 1876 de

72 1931 265 2012 suspensione
279 1931 450 2013 areoeptis
461 1930 640 2008 ordinibus,
657 1926 877 2011 intelligendae
901 1933 978 1990 sunt
1001 1923 1172 1989 dumtaxat

73 2041 223 2112 decausis
248 2046 472 2111 criminalibus
490 2069 497 2111 :
517 2048 564 2111 ita
587 2065 684 2111 voces
704 2052 795 2107 ettam
813 2047 849 2107 ab
866 2045 1013 2106 occultum
1034 2047 1166 2120 crimea,

70 2163 162 2260 quoad
180 2165 325 2248 priorem
342 2163 512 2229 materiam
533 2161 587 2248 (de
601 2160 823 2247 prohibitione
847 2159 888 2225 ab
906 2177 1041 2224 ascensu
1055 2156 1098 2224 od
1123 2175 1172 2221 or-

71 2273 159 2362 dines)
175 2280 321 2363 rigorose
337 2277 532 2361 accipieudae
551 2283 637 2356 sunt,
656 2286 691 2343 et
713 2277 977 2361 complectuntur
991 2276 1090 2339 etiam
1112 2272 1171 2337 cri·

69 2393 141 2458 mina
157 2397 281 2476 publico
296 2414 306 2456 .·
319 2394 426 2478 quoad
453 2395 672 2477 posteriorum
694 2401 804 2458 autem
831 2381 1000 2456 materiam
1030 2386 1171 2477 (quaudo

68 2523 172 2592 nempe
187 2509 297 2592 agitur
317 2507 359 2574 de
385 2507 593 2591 suspensione
613 2505 654 2570 ab
672 2505 843 2572 ordinibus
854 2506 920 2592 jam
939 2501 1104 2589 receptis),
1122 2505 1172 2568 iu·
1238 2557 1242 2564 .

67 2621 239 2706 telligeudoe
255 2630 331 2688 suut
346 2623 436 2707 quasi
452 2619 583 2686 deesset
595 2642 657 2687 vox
672 2630 775 2698 ettam,
790 2629 824 2688 et
840 2641 900 2706 pro
916 2639 996 2686 voce
1009 2622 1105 2685 etiam
1117 2616 1171 2683 ad-

67 2746 142 2804 esset
159 2759 223 2804 vox
241 2741 426 2818 duraturae·
441 2738 590 2820 exigente
610 2737 733 2802 scilicet
754 2735 1015 2821 extra-judicialis
1036 2751 1171 2816 suspeu-

66 2853 150 2919 sionis
163 2862 282 2921 natura
294 2862 331 2918 ut
347 2873 411 2919 uon
427 2852 484 2917 fiat
495 2853 555 2917 uisi
568 2851 610 2918 ob
629 2857 773 2916 occultum
791 2852 957 2918 delictum.

102 2971 163 3038 Sed
185 2969 407 3055 respondetur
425 2992 431 3033 :
449 2969 549 3052 gratis
579 2977 732 3054 tanquam
761 2977 889 3036 certum
923 2969 1060 3053 ponitur
1091 2965 1172 3032 illud

64 3085 271 3171 principium,
291 3104 356 3149 uon
383 3103 475 3168 posse
497 3084 661 3148 fulminari
681 3081 972 3169 extra-judicialem
990 3082 1172 3176 suspensio-

65 3215 132 3262 nem
146 3201 207 3265 nisi
218 3203 254 3266 iu
272 3198 429 3265 delictum
448 3201 609 3278 occultum·
624 3201 698 3285 quia
717 3200 777 3265 hoc
791 3207 841 3265 est
855 3199 1011 3282 ipsissima
1024 3199 1168 3283 quaestio.

64 3312 104 3378 Er
116 3316 277 3400 principio
294 3323 402 3380 autem
420 3315 547 3381 incerto
563 3315 762 3398 restringere
782 3317 963 3382 naturalem
984 3323 1019 3382 et
1036 3315 1172 3400 apertis·

65 3426 171 3528 simum
186 3436 299 3495 textus
310 3429 491 3496 Tridentini
508 3451 650 3510 sensum,
664 3433 742 3498 nihil
753 3432 842 3498 uliud
858 3442 908 3499 est
926 3454 1023 3520 quam
1039 3431 1173 3498 arbitra·

64 3545 136 3610 riam
147 3554 181 3613 et
200 3548 323 3612 nullius
334 3549 452 3613 valoris
463 3549 770 3633 interpretationem
788 3551 978 3618 obtrudere.

102 3662 171 3728 Non
185 3664 265 3728 alias
278 3682 349 3747 ego,
363 3672 483 3747 praeter
497 3668 686 3749 praemissas,
704 3670 845 3734 rationes
859 3667 1048 3752 dignoscere
1064 3670 1169 3752 potui,

64 3777 174 3858 quibus
190 3778 360 3845 adrasum
385 3781 502 3846 occulti
521 3783 661 3848 criminis
686 3787 835 3850 restricta
860 3784 1021 3869 probetur
1045 3783 1174 3868 Episco-

63 3909 174 3973 porum
190 3895 497 3981 extra-judicialiter
512 3901 740 3983 suspensiones
752 3900 880 3967 ferendi
897 3910 1053 3986 potestas.

102 4009 158 4075 111.
180 4015 334 4075 Probatur
347 4014 437 4075 tbests
450 4022 553 4076 uestro
561 4063 572 4093 ,
592 4018 736 4098 Episcopo
749 4037 851 4098 nempe
868 4025 1028 4099 competere
1041 4024 1174 4100 potesta·

64 4132 117 4188 tem
131 4131 422 4211 castro-judicialiter
437 4134 648 4212 suspendendi,
668 4139 701 4196 tc
716 4154 787 4196 casu
800 4140 890 4197 ettam
900 4137 1016 4218 publici
1024 4138 1170 4197 criminis.

62 4276 103 4290 —
124 4243 319 4311 Desumitor
348 4245 495 4328 probatio
526 4266 566 4311 ex
596 4247 666 4330 ipso
688 4247 876 4315 Tridentino
906 4255 1001 4314 textu
1025 4247 1114 4332 (cap.
1141 4251 1169 4322 1,

63 4374 136 4423 sess.
155 4359 209 4438 tt,
227 4363 265 4423 de
278 4359 371 4444 nep).
389 4361 470 4426 Nam
1129 4429 1131 4434 .

107 4477 138 4538 1ο
152 4475 287 4541 Certum
303 4484 368 4553 est,
386 4485 420 4542 et
437 4497 454 4542 a
475 4479 571 4545 Sacra
587 4479 841 4566 congregatione
855 4479 987 4545 Consilii
1002 4478 1125 4561 pluries
1139 4484 1172 4542 et
