2948 5126
781 583 849 658 RV.

261 812 385 872 Quomodo
396 813 501 866 iacienda
509 815 541 866 sit
546 812 665 877 iudicialis
678 811 831 874 denuntiatio,
842 824 884 862 scu
893 813 979 876 quibus
992 813 1177 864 solemnitatibus
1189 813 1272 864 vestiri
1281 813 1371 866 debeat.

305 1045 333 1110 Ι.
349 1048 418 1110 Non
442 1049 609 1124 requiritur
626 1045 835 1109 denuntiantis
857 1050 1025 1128 inscriptio,
1045 1063 1105 1127 qua
1118 1037 1193 1110 cans
1213 1052 1247 1110 in
1258 1049 1375 1130 judicia

234 1215 238 1222 .
256 1164 409 1244 motandi
419 1168 563 1240 assumat,
581 1179 664 1224 neca
678 1163 872 1243 fortiorique
887 1164 928 1225 ud
942 1181 1062 1243 punam
1077 1164 1201 1228 tationis
1213 1163 1276 1228 s'ese
1286 1183 1376 1248 capa-

259 1284 325 1342 nat.
347 1259 457 1342 -Ἰιιι
472 1284 586 1342 teuent
607 1275 759 1343 doctores
779 1277 1005 1357 communiter,
1022 1286 1057 1343 et
1077 1280 1226 1364 sequitur
1247 1300 1290 1347 ex
1307 1281 1375 1365 ipsa

260 1391 512 1460 denuntiationis
534 1391 734 1458 definitione.
754 1393 791 1458 In
803 1393 865 1482 boc
876 1393 963 1460 enim
978 1389 1021 1459 ab
1036 1395 1239 1462 accusatione
1253 1396 1372 1478 differt,

260 1508 349 1594 quod
368 1517 536 1576 accusator
552 1507 714 1593 probandi
725 1529 807 1575 onus
823 1509 883 1574 sibi
900 1518 1052 1589 assumat,
1074 1529 1138 1576 nou
1155 1531 1234 1579 uero
1250 1513 1375 1580 denun-

259 1626 369 1692 tiator.
385 1625 481 1707 Quod
496 1633 606 1691 tamen
626 1646 690 1692 non
711 1625 850 1710 impedit
866 1628 943 1712 quin
956 1635 1109 1694 tencatur
1123 1628 1320 1696 denuntians
1333 1630 1375 1697 ad

256 1721 499 1826 ¹suppeditanda
509 1740 612 1826 judici
627 1740 669 1807 ud
683 1741 889 1826 probandum
903 1742 1059 1810 delictum
1072 1745 1191 1823 media,
1209 1765 1279 1833 quae
1294 1746 1376 1813 suffl-

258 1843 374 1924 eieotia
395 1857 579 1942 prudenter
602 1849 753 1925 aestimuri
767 1860 890 1942 possint
907 1881 913 1926 :
933 1861 1076 1946 alioquin
1089 1861 1191 1928 debet
1205 1862 1321 1948 judex,
1339 1871 1376 1930 ιιι

252 1993 356 2058 supra
380 1975 541 2053 vidimus,
563 1975 840 2042 denuntiationem
857 1976 994 2062 rejicere
1015 1977 1099 2045 :sed
1113 1978 1202 2046 aliud
1220 1979 1375 2065 estquod

257 2082 470 2158 denuntiator
497 2100 649 2160 teneatur
672 2091 775 2178 judici
798 2093 1008 2177 probationes
1033 2094 1295 2184 iudicareque
1319 2098 1374 2164 ille

258 2206 454 2275 sufficientes
480 2210 660 2294 existimet3
677 2209 764 2276 aliud
788 2209 877 2296 quod
903 2219 1057 2280 teneatur
1078 2212 1111 2277 in
1127 2231 1281 2296 processu
1305 2215 1375 2299 ipso

258 2325 378 2390 actoris
392 2344 563 2408 personam
576 2305 703 2409 gerere,
719 2335 753 2392 et
769 2324 925 2392 delictum
937 2326 1163 2395 denuntiatum
1173 2327 1327 2412 probare.

304 2443 345 2506 Π.
363 2445 440 2506 Aliae
454 2463 553 2506 amnes
566 2446 767 2508 solemnitates
784 2449 818 2507 in
835 2450 1021 2510 accusatione
1041 2451 1202 2527 requisita,
1221 2448 1328 2511 debent
1345 2451 1375 2510 ct

259 2563 292 2622 c'n
308 2561 534 2624 denuntiatione
550 2563 713 2624 obseruari.
733 2598 779 2609 —
792 2559 831 2627 ld
851 2561 949 2627 etiam
964 2559 1117 2629 doctores
1131 2567 1288 2648 tanquam
1307 2581 1375 2629 cet·-

258 2681 329 2740 tum
344 2675 476 2755 habent,
493 2683 532 2740 ut
556 2675 662 2743 videri
683 2684 792 2760 potest
807 2678 840 2742 in
861 2696 973 2744 eorum
989 2679 1226 2744 commentariis
1246 2679 1280 2744 iu
1300 2680 1376 2745 titu-

257 2790 327 2858 lum
350 2796 381 2870 1,
401 2790 479 2858 libri
499 2795 519 2857 5
536 2790 772 2878 decretalium
793 2801 827 2860 et
854 2792 981 2860 addunt
1003 2800 1048 2858 tta
1074 2797 1227 2860 obsuanri
1249 2801 1283 2860 tn
1313 2803 1375 2859 tota

258 2912 383 2974 mundo.
402 2909 634 2996 (Reiffenstuel.
649 2909 682 2974 in
698 2895 830 2976 titutum
845 2913 991 2991 citatum,
1008 2931 1042 2976 n,
1058 2909 1126 2997 ot.)

301 3025 384 3090 Hinc
413 3029 444 3090 ι0
457 3025 637 3110 requiritur
649 3034 687 3091 ιιι
702 3025 903 3093 denuntiatio
924 3027 982 3094 fiat
1005 3026 1247 3117 perlibellum3
1261 3026 1371 3108 idest,

258 3149 296 3207 ut
309 3142 344 3208 in
355 3143 481 3226 scriptis
491 3142 658 3223 afferatur,
677 3145 731 3209 vel
744 3152 899 3212 oretenus
913 3165 932 3211 a
947 3144 1177 3213 denuntiatione
1193 3145 1370 3230 proposita,

257 3259 372 3328 saltem
385 3278 446 3343 per
463 3259 644 3325 actuarium
661 3257 715 3327 vel
729 3260 892 3328 notarium
906 3261 1075 3345 publicum
1095 3261 1269 3340 scribatur,
1287 3269 1323 3329 et
1340 3263 1372 3328 iu

258 3383 332 3444 acta
344 3375 524 3460 redigatur.

217 3553 224 3568 ,
304 3497 339 3560 2⁰
356 3495 401 3561 tit
421 3493 623 3577 exprimatur
648 3512 767 3560 nomen
787 3492 915 3579 judicis,
939 3493 1161 3562 denuntiantis
1184 3501 1220 3562 et
1246 3494 1373 3564 denun-

258 3613 340 3681 dau.

302 3734 337 3798 3⁰
351 3731 396 3796 Ut
405 3730 529 3815 pariter
545 3729 747 3812 exprimatur
763 3728 876 3796 delicti
890 3731 1029 3816 qualium
1043 3750 1101 3797 seu
1110 3803 1112 3807 ,
1121 3730 1258 3816 speeies.

302 3849 337 3912 4⁰
351 3849 435 3914 Item
450 3847 587 3929 exprimi
600 3845 701 3912 debet
717 3848 808 3912 locus
823 3847 855 3911 in
875 3866 941 3932 qua
957 3853 1122 3932 patratum
1136 3855 1197 3915 cst.

606 330 792 410 naimarus
815 331 858 380 oa
880 327 1029 380 auntcns.

1458 3619 1459 3658 t

1458 3709 1459 3750 t

129 4055 135 4068 .
213 4013 216 4018 <
256 3997 276 4006 ·-
303 3967 336 4030 5⁰
352 3966 417 4030 Nec
435 3983 500 4030 non
509 3970 650 4046 tempus,
667 3961 810 4030 indicato
823 3963 937 4030 saltem
954 3982 1038 4030 euno
1050 3971 1085 4030 et
1099 3983 1223 4032 meuse.

304 4107 318 4141 ι
337 4083 378 4146 Ει
395 4078 527 4166 quidem
544 4078 614 4143 haec
633 4080 739 4144 omnia
760 4087 845 4146 sunt
857 4080 899 4148 de
918 4081 1022 4148 formo
1045 4081 1370 4160 substantialitatis

258 4221 275 4262 a
292 4196 483 4273 necessaria,
498 4201 535 4259 ut
550 4194 577 4260 si
588 4193 711 4280 aliquid
725 4195 842 4262 horum
857 4198 1075 4276 omitteretur,
1097 4216 1271 4282 processus
1287 4204 1370 4271 esset

258 4313 405 4391 «nullus,
421 4317 539 4378 etreus
549 4308 777 4390 absolvendus,
791 4313 852 4377 etsi
863 4331 958 4399 nemo
969 4312 1135 4399 quidpiam
1147 4323 1364 4398 opponeret.»

258 4428 490 4520 (Reiffenstuel,
508 4427 541 4490 in
556 4425 608 4492 tit.
629 4428 658 4506 t,
675 4425 751 4492 libri
768 4429 786 4492 5
802 4426 943 4509 decret„
961 4450 995 4495 n.
1018 4427 1087 4515 at.)
