2848 5118
212 357 274 424 tao
562 363 749 418 moereres
773 367 816 416 nu
838 367 986 418 romeus.

207 470 340 574 siastici,
359 491 456 562 etiam
473 497 642 580 Episcopi,
660 503 759 580 atque
779 477 876 560 etiam
890 493 993 580 judex
1011 473 1137 577 primu,
1159 487 1321 566 secunda,

207 615 416 691 tertiae,etc.,
428 613 661 696 appellationis,
673 609 1323 700 arcaneasuspicionis·recusaripossant.

253 730 404 811 Qomsmo
420 731 464 793 2¹.
482 765 527 778 -
542 732 581 794 Iu
593 749 664 793 casu
676 749 733 810 pue
744 731 845 812 jucleu
866 731 1079 792 ecclesiasticus
1092 733 1244 790 recusetur
1261 731 1327 786 tou·

208 865 297 928 quom
312 854 473 928 suspectus,
494 847 636 927 quomodo
658 847 731 926 elipe·
753 847 879 908 debeant
894 847 1021 923 arbitri,
1041 849 1094 924 put
1109 861 1229 906 causum
1246 859 1328 903 recu·

209 966 336 1026 sationis
349 960 721 1041 dirimcutt-—Quaenam
732 961 782 1038 sit,
800 961 834 1025 in
849 979 925 1024 casu
940 959 1161 1036 recusationis
1178 957 1330 1022 canonica

209 1075 352 1168 tenenda
374 1095 496 1153 norma,
515 1078 661 1160 apprime
677 1077 797 1142 callere
814 1076 937 1142 debent
957 1075 1084 1160 judices
1100 1073 1328 1151 ecelesiastici,

210 1192 304 1256 icelle
319 1191 460 1274 alioquin
475 1191 509 1254 in
524 1190 635 1255 irritos
648 1197 745 1274 atque
761 1189 896 1274 injustos
908 1197 1000 1257 aetus
1013 1188 1146 1271 lapsuri.
1163 1187 1207 1252 Ut
1221 1195 1333 1253 autem

211 1325 249 1370 eu
269 1323 366 1370 saorae
386 1305 564 1388 disciplinae
587 1325 672 1388 pars,
697 1312 731 1370 ct
747 1305 865 1370 clarius
883 1312 1004 1388 pateat,
1027 1311 1060 1370 et
1076 1305 1260 1369 accuratius
1279 1303 1333 1368 fir-

211 1430 330 1499 metur,
347 1421 813 1504 transcribemusprimoleges
824 1422 1066 1498 ecclesiasticas,
1087 1420 1204 1504 quibus
1220 1419 1334 1484 deter-

211 1538 331 1604 minata
342 1537 509 1620 reperitur
521 1543 618 1621 atque
630 1539 751 1602 sancita
766 1559 773 1602 :
788 1544 858 1602 tum
871 1536 1001 1602 easdem
1014 1537 1105 1620 leges
1118 1533 1334 1618 expendendo

212 1659 246 1717 et
260 1651 462 1735 applicando,
480 1658 582 1718 totam
603 1655 636 1718 io
652 1671 690 1718 eo
705 1655 836 1736 negotio
852 1652 1076 1736 praescriptam
1099 1649 1219 1735 agendi
1235 1652 1334 1717 ratio

214 1786 291 1832 nem
311 1766 522 1832 deducemus.

257 1885 283 1948 Ι.
302 1889 507 1950 Promittitur
519 1892 620 1948 textus
638 1887 849 1962 decretalium,
866 1904 931 1966 puoe
948 1887 1104 1949 tenendum
1119 1891 1152 1948 iu
1165 1904 1237 1948 cusu
1252 1901 1336 1948 recu·

213 2005 339 2062 sotionis
353 2019 489 2062 normam
497 2003 710 2081 praescribunt.
720 2002 813 2065 -In
830 1999 1033 2066 decretalill
1044 2049 1051 2077 ,
1063 1999 1149 2064 tituli
1165 2003 1219 2077 28,
1232 1999 1336 2066 libriu

213 2113 447 2192 decretalium,
474 2116 611 2180 sancivit
632 2116 825 2182 Coelcstinus
848 2117 896 2181 ΙΙΙ
918 2116 977 2182 hoo
998 2113 1096 2181 modo
1118 2138 1125 2180 ε
1150 2140 1166 2178 a
1188 2117 1338 2183 Postulat

188 2265 190 2270 π
217 2229 399 2308 «edoceri,
418 2249 491 2295 cum
512 2230 627 2315 aliquis
645 2231 790 2315 judicem
816 2239 970 2316 tanquam
986 2240 1172 2314 suspectum
1188 2239 1335 2312 recusat,

186 2381 187 2384 =
217 2369 233 2408 c
248 2366 289 2410 an
301 2365 428 2412 causam
443 2347 633 2431 suspicionis
646 2347 768 2412 debeat
781 2348 934 2432 allegare,
950 2356 984 2414 et
996 2368 1078 2428 eam,
1094 2350 1153 2414 nisi
1165 2350 1338 2416 manifesta

218 2463 306 2538 usit,
333 2481 442 2527 coram
464 2459 584 2527 'eodem
608 2461 719 2548 judice
744 2464 883 2546 probare
909 2472 1073 2531 teneatur.
1101 2467 1337 2549 Utrumfetiam

128 2623 130 2626 ψ
219 2603 236 2640 c
247 2578 349 2664 judex
371 2580 472 2662 possit
494 2577 655 2646 lacedem
681 2579 804 2664 judicio
821 2589 855 2646 et
876 2585 1007 2665 negotio
1032 2582 1225 2667 procedere,
1241 2585 1271 2649 si
1286 2584 1338 2649 ille

218 2697 306 2780 aqui
319 2695 532 2778 suspicionem
552 2693 684 2779 objicit,
704 2715 832 2762 causam
850 2697 920 2781 ejus
934 2706 990 2762 aut
1005 2718 1069 2764 non
1085 2701 1182 2777 velit,
1200 2701 1256 2766 vel
1273 2721 1337 2766 non

220 2812 351 2895 «possit
373 2811 406 2873 in
430 2809 503 2894 jure
527 2809 680 2892 probare.
705 2847 751 2860 -
772 2813 1005 2878 consultationi
1029 2819 1093 2878 tnae
1118 2815 1339 2900 repondemus

221 2925 357 3010 equod,
383 2943 457 2990 oum
475 2923 588 3010 aliquis
603 2924 748 3009 jndicem
763 2929 918 3010 proponit
936 2947 970 2993 se
986 2926 1107 2994 habere
1124 2921 1336 3014 suspectum,

221 3039 441 3124 «suspicionis
470 3059 600 3105 causam
630 3057 739 3106 coram
767 3040 884 3107 eodem
914 3043 1056 3126 allegare
1086 3027 1220 3110 tenetur
1247 3069 1256 3112 ε
1282 3043 1339 3113 set

221 3162 379 3241 «partes,
400 3162 438 3218 ut
454 3155 488 3220 in
507 3154 631 3239 aliquos
655 3151 720 3221 nou
748 3155 842 3222 valde
872 3165 1023 3225 remotos
1045 3161 1260 3240 conveniant,
1281 3181 1341 3246 per

222 3271 403 3337 «eumdem
417 3269 561 3356 judicem
578 3271 702 3336 debent
718 3275 790 3356 cogi
809 3295 815 3338 :
835 3291 944 3338 coram
962 3275 1092 3358 quibus,
1116 3278 1144 3341 si
1158 3295 1254 3342 causa
1271 3297 1341 3343 sus·

223 3411 239 3452 u
255 3389 388 3472 pisionis
402 3386 489 3451 inira
507 3389 681 3452 terminum
700 3396 940 3472 competentem
965 3391 1102 3473 probata
1125 3413 1189 3459 non
1218 3393 1336 3473 fuerit,

225 3511 334 3570 «tunc
356 3502 490 3567 demum
514 3505 709 3578 auctoritate
731 3524 787 3569 sua
804 3491 907 3589 judex
930 3513 1054 3572 utetur.
1075 3506 1171 3588 Quod
1188 3510 1216 3575 si
1233 3531 1340 3576 coram

225 3639 242 3680 c
254 3618 331 3702 ipsis
344 3635 439 3681 caasa
450 3618 638 3700 suspicionis
648 3618 785 3701 probata
799 3619 910 3698 luerit,
925 3639 1028 3686 causae
1043 3625 1218 3706 cognitioni
1229 3645 1341 3710 super-

225 3732 373 3799 «sedere
392 3731 563 3798 tenebitur
583 3743 761 3800 recusatas.
780 3735 854 3820 Ipsa
871 3755 1010 3821 namque
1029 3739 1112 3806 ratio
1125 3739 1241 3820 dictat,
1254 3741 1341 3827 quod

227 3849 399 3934 «suspecti
413 3857 447 3914 et
461 3849 578 3914 inimici
595 3849 721 3935 judices
740 3871 811 3918 esse
828 3873 893 3919 non
912 3854 1045 3922 debent.
1064 3843 1076 3912 ἑ
1093 3841 1147 3922 Illi
1157 3868 1267 3926 autem
1283 3857 1340 3926 dc·

224 3967 340 4034 cretali
360 3965 541 4050 praeligitur
562 3966 695 4032 rubrica
718 3969 809 4035 haec:
843 3993 860 4032 c
883 3971 986 4036 Causa
1006 3974 1195 4057 suspicionis
1220 3995 1337 4060 propo-

227 4080 368 4149 unenda
387 4088 438 4147 cst
456 4098 566 4146 coram
582 4079 694 4165 judice
711 4085 766 4170 qui
782 4094 964 4165 recusatur,
990 4093 1025 4154 et
1043 4087 1214 4172 probanda
1230 4109 1336 4158 coram

228 4197 407 4265 «arbitris.
429 4219 445 4258 o
1008 4207 1012 4212 ’
1191 4204 1194 4210 “

269 4314 370 4398 Magis
379 4311 595 4380 determinate
610 4315 818 4383 Innocentius
828 4319 877 4384 Ill
893 4317 936 4404 (in
951 4317 1155 4388 decretaliol
1166 4371 1174 4399 ‚
1187 4325 1272 4390 tituli
1282 4327 1335 4400 28,

224 4431 301 4496 libri
316 4433 335 4495 t
349 4425 578 4512 decretalium)
591 4447 663 4494 rem
678 4430 792 4498 delinit
806 4433 854 4498 his
870 4435 978 4500 verbis
996 4459 1003 4500 :
1027 4466 1039 4488 v·
1058 4437 1247 4520 statuimus,
1261 4446 1299 4504 ut
1314 4441 1338 4504 si
