2936 5114
246 339 309 404 538
589 350 778 402 reserares
799 352 844 402 ou
865 351 1014 405 umens.

291 477 407 564 (Finito
416 475 562 544 examine
577 471 679 541 debet
688 475 851 541 actuarius
866 463 942 540 iesti
955 475 1123 561 perlegere
1136 477 1256 545 luctam
1269 489 1353 544 suain

243 594 489 680 depositionem,
508 590 629 656 adhoc
649 598 686 656 ut
701 589 837 668 addere,
857 591 1004 658 minuere
1024 593 1077 658 rel
1094 603 1221 661 mutare
1238 595 1351 662 valeat.

244 711 373 776 Etoasu
395 727 460 794 quo
473 704 550 792 quid
570 712 727 783 mutetur,
749 705 784 771 id
804 707 918 772 inserit
940 709 1105 774 actuarius
1120 710 1153 774 in
1167 711 1259 775 actis.
1279 710 1354 776 Dein

242 825 423 910 perlectam
445 821 681 906 depositionem
701 819 838 906 jubetur
859 822 952 888 testis
982 820 1202 892 subscribere.
1224 825 1267 890 lit
1289 844 1354 906 oum

244 943 312 1008 haec
328 941 490 1026 inquisitio
503 937 546 1004 de
559 937 643 1003 fama
660 935 715 1003 dat
729 943 858 1004 tantum
869 956 930 1022 pro
945 933 1172 1007 informatione
1189 941 1303 1019 curiae,
1317 943 1356 1007 ei-

242 1056 319 1127 dem
334 1057 410 1124 testi
421 1055 609 1139 praecipitur
622 1053 786 1121 sileutium
794 1055 879 1124 circa
887 1052 1128 1138 depositionem
1142 1054 1183 1122 ab
1192 1074 1234 1122 eo
1243 1055 1356 1122 facum
1445 1063 1446 1080 ¹

242 1174 275 1237 in
289 1173 349 1238 hoc
367 1171 526 1238 examine.
544 1172 593 1236 De
609 1188 674 1256 quo
695 1170 815 1237 mentio
833 1170 932 1236 imeri
949 1168 1051 1236 debet
1071 1171 1105 1234 in
1126 1171 1207 1236 actis
1227 1170 1291 1238 hoo
1308 1179 1357 1238 aul

242 1291 337 1363 simili
355 1289 451 1358 modo
469 1287 494 1372 :)
511 1311 527 1349 n
543 1291 658 1369 Quibus
675 1290 798 1366 bebitis,
816 1295 845 1352 ei
859 1293 888 1350 si
904 1295 933 1352 et
949 1293 983 1354 in
995 1296 1140 1370 euentum
1151 1291 1188 1353 de
1202 1294 1271 1368 iure
1284 1309 1358 1352 ucce-

240 1414 348 1490 piate's,
367 1409 408 1472 ud
423 1409 600 1470 mandatum
614 1425 677 1470 rec.
697 1409 813 1469 Vicerii
824 1407 973 1488 poneretis
983 1408 1102 1488 periepi
1116 1412 1280 1470 memorato
1295 1412 1358 1469 testi
1446 1389 1447 1406 ³

242 1543 327 1586 sicem
345 1526 568 1604 depositionem,
587 1526 636 1583 oui
643 1526 748 1604 jessous
761 1528 805 1584 est
820 1524 1013 1600 subscribere,
1031 1523 1138 1586 addite
1156 1525 1282 1602 formali
1301 1525 1360 1585 obe·

241 1642 363 1704 dientioe
374 1646 522 1722 precepto
538 1639 680 1701 seruandi
700 1643 844 1700 recredere
859 1638 897 1700 de
914 1640 1058 1720 depositis
1080 1643 1112 1700 ie
1133 1638 1185 1700 boc
1206 1643 1354 1700 examine.

242 1760 316 1822 Aeto
329 1763 399 1819 sunt
415 1757 475 1820 bec
488 1759 593 1836 die.,.,
609 1773 762 1834 Μῶα,
781 1774 916 1834 enno...,
938 1757 1167 1838 ioco...—Eeo
1181 1757 1354 1837 N.‚jndee.

242 1908 284 1920 —
295 1876 358 1954 Epo
371 1874 498 1938 lacobus
513 1875 552 1938 N.
557 1921 567 1952 ‚
589 1875 685 1934 testis.
700 1907 745 1918 -
763 1874 826 1954 Epo
844 1875 873 1935 N
877 1919 899 1950 .,
919 1877 1085 1936 actuarius.

288 2012 304 2046 u
316 1993 394 2054 Item
409 2009 476 2054 cum
487 1991 572 2061 dicte
584 1990 634 2054 die
646 1989 860 2070 comparuisset
877 1991 1050 2054 Stenisieus
1063 1992 1117 2068 N„
1135 1990 1214 2052 ulier
1232 1992 1353 2050 ienis...

125 2120 128 2126 '
243 2105 289 2190 (et
305 2105 429 2192 reliqua
442 2106 525 2171 sicut
536 2124 596 2191 pro
615 2105 717 2189 priori
732 2101 843 2188 teste).
865 2134 876 2157 ιι

766 2363 807 2426 ll.

508 2584 617 2634 formula
641 2581 776 2645 declarandi
802 2591 909 2637 censure
934 2586 963 2636 dc
982 2586 1051 2638 uns.

284 2810 317 2881 Si
328 2810 431 2898 judex
447 2820 601 2898 canescat
615 2811 812 2881 sufficienter
829 2821 978 2885 sonuere
994 2811 1036 2880 de
1054 2811 1151 2891 fanu,
1173 2813 1209 2882 ld
1221 2831 1359 2900 pronun-

240 2927 313 3006 tiet,
333 2926 394 3006 bis,
409 2934 467 2992 aut
478 2927 635 2999 similibus
652 2929 780 2996 verbis:
802 2953 817 2990 e
836 2930 854 2996 J
858 2928 1024 2997 udicamus
1037 2934 1187 2998 cousture
1205 2927 1249 2995 de
1264 2929 1355 3006 fama,

241 3051 275 3108 et
299 3044 446 3109 volumus
467 3052 579 3109 contra
596 3043 758 3111 Andream
778 3048 831 3123 tt,
858 3053 1013 3132 tauquam
1032 3044 1253 3124 diffamatum,
1280 3045 1357 3112 ulte-

240 3160 314 3246 rius.
329 3165 428 3248 prosu
441 3158 525 3244 J'uris
546 3161 776 3246 procedere.»
803 3163 909 3250 Atque
936 3162 972 3230 id
998 3162 1161 3231 actuarius
1183 3162 1304 3229 inserat
1326 3161 1357 3226 in

240 3282 323 3359 acta,
342 3274 402 3342 bec
419 3277 474 3342 vel
498 3276 593 3342 simili
616 3276 780 3347 formula:

287 3413 302 3450 u
318 3393 523 3456 Corrsideretis
537 3397 737 3476 profetencne
761 3402 882 3459 testium
901 3398 1154 3478 depositionibus,
1184 3395 1355 3459 reuerendus

240 3512 402 3593 Nnjudee
414 3517 629 3594 pernuntiavit
645 3520 782 3579 constare
803 3515 840 3578 rie
859 3514 954 3592 some,
977 3514 1164 3592 decrevitque
1183 3517 1287 3577 entire
1299 3510 1354 3572 An·

238 3630 342 3692 dream
362 3633 418 3707 N„
445 3635 587 3712 tumuere
608 3630 801 3710 differentem
829 3631 957 3692 iuterim
974 3634 1067 3710 prere
1082 3631 1169 3712 juris
1186 3627 1350 3712 procedere.

239 3745 314 3810 rora
327 3752 397 3807 nunt
412 3745 473 3808 bec
487 3747 577 3808 die...
595 3778 638 3794 α·-
650 3747 714 3829 Epo
727 3749 767 3810 N.
771 3794 784 3826 ,
793 3747 903 3827 jnuec.
925 3779 966 3792 ···
981 3747 1045 3826 Epo
1061 3747 1090 3808 N
1094 3791 1117 3819 .,
1137 3746 1330 3813 neonus.»

750 4000 808 4064 ΠΙ.

452 4215 561 4266 Fornnla
589 4215 723 4266 declarandi
752 4229 798 4268 non
825 4223 939 4269 constare
961 4213 989 4262 de
1022 4212 1091 4262 larua.

283 4447 476 4514 Pronuntiet
492 4445 607 4534 juder,
623 4445 674 4513 vel
693 4446 812 4520 fumum
836 4463 899 4515 riori
921 4460 990 4512 esse
1011 4442 1086 4509 satis
1107 4440 1288 4528 probrum,
1297 4435 1345 4503 vel
