2914 5122
515 447 593 492 rurs
616 447 773 494 secunus.
1152 428 1212 496 ttr

114 572 206 655 «quis
221 590 240 635 a
256 570 402 655 quolibet
418 568 619 647 criminatur,
644 589 709 635 nou
737 575 831 635 antea
860 577 1030 635 accusatus
1056 571 1215 654 supplicio

113 685 317 766 «dedicetur,
332 705 429 771 quam
447 694 616 752 nccusator
631 691 860 770 presentetur,
878 691 975 772 etque
993 686 1104 770 legum
1118 694 1153 752 et
1167 707 1204 754 ca

112 822 252 868 «nonum
277 804 438 870 sententia
453 803 655 887 exquiratur.
679 831 690 862 ι
715 802 869 889 (Concilio
887 801 1057 880 Harduiui,
1073 811 1163 870 tomo
1178 807 1210 882 3,

107 919 212 1002 pagina
237 921 322 1003 6033
349 926 384 985 et
403 920 436 984 in
455 917 591 986 decreto
609 918 773 997 Gratiani,
800 937 896 984 causa
911 921 952 996 3,
977 919 1152 1003 quaestione
1167 925 1210 998 9,

106 1051 217 1099 canone
233 1031 281 1117 9.)

143 1151 176 1214 4⁰
192 1155 293 1215 Varia
304 1153 478 1232 decretales,
493 1157 551 1214 etsi
565 1157 732 1230 insincere,
752 1171 772 1214 o
788 1153 936 1215 Gratiano
947 1153 1089 1232 melote.
1104 1151 1213 1218 —Ere

106 1265 293 1345 decretales,
313 1268 522 1351 quantumvis
539 1265 639 1345 ficta,
657 1285 722 1333 non
747 1267 863 1332 minori
882 1265 1002 1332 robore
1026 1267 1152 1351 pollent
1171 1269 1214 1334 ud

104 1381 298 1466 probandam
309 1389 504 1466 presentem
515 1383 643 1462 thesim,
661 1401 758 1468 quam
773 1383 799 1448 si
817 1381 1010 1448 authentica
1024 1385 1154 1452 omnino
1169 1385 1216 1450 fo-

104 1504 188 1582 rent;
204 1497 345 1581 probant
365 1499 450 1564 enim
476 1499 553 1564 noni
579 1499 689 1564 seculi
707 1499 948 1582 persuasionem
967 1507 1003 1565 ct
1017 1501 1155 1583 praxim.
1187 1501 1213 1567 A

102 1613 212 1698 quibus
227 1612 367 1696 proinde
382 1614 408 1678 si
423 1611 592 1679 videamus
604 1613 736 1679 excludi
748 1633 938 1697 processum
958 1614 1207 1698 inquisitorium,

102 1727 356 1794 concludendum
372 1729 503 1794 omnino
517 1729 581 1795 erit
592 1726 737 1794 nondum
756 1727 874 1794 Isidori
887 1731 1089 1808 mercatoris,
1109 1750 1128 1795 o
1147 1749 1212 1816 quo

102 1863 151 1909 eas
167 1843 272 1910 hausit
292 1839 475 1923 Gratianus,
493 1851 654 1929 tempore,
670 1844 837 1911 inductam
856 1845 955 1912 inisse
967 1845 1154 1931 judicialem
1165 1849 1214 1912 in-

102 1961 272 2044 quisitionis
285 1960 435 2026 formam.
453 1959 493 2026 ld
503 1969 614 2028 autem
629 1983 671 2028 ex
684 1983 796 2028 earum
815 1969 910 2028 textu
925 1962 1019 2046 plane
1039 1964 1145 2029 evinci
1162 1964 1212 2030 fa·

102 2076 157 2142 elle
179 2077 339 2160 intelliget
361 2079 490 2144 lector:
515 2078 631 2144 «Nihil
663 2087 777 2144 contra
813 2080 992 2164 quemlibet
1023 2086 1212 2146 accusatum

106 2194 251 2280 «absque
269 2195 413 2277 legitimo
426 2202 460 2260 et
478 2193 596 2261 idoneo
609 2203 798 2262 accusatore
813 2195 882 2262 liat.
899 2197 979 2261 Nam
1002 2204 1037 2263 et
1055 2197 1213 2264 Dominus

107 2341 118 2364 κ
132 2311 246 2376 Noster
254 2313 350 2377 lesus
364 2309 511 2378 Christus
527 2311 645 2378 ludam
672 2313 781 2377 iurem
797 2331 867 2378 esse
890 2313 1014 2379 sciebat
1033 2335 1039 2378 :
1059 2311 1119 2379 sed
1135 2315 1212 2398 quia

105 2451 116 2484 s
133 2447 194 2492 uon
206 2435 257 2493 est
265 2435 448 2506 accusatus,
459 2427 535 2494 ideo
549 2447 616 2494 non
630 2433 681 2494 est
697 2426 832 2513 ejectus.
849 2451 865 2490 o
880 2427 1035 2516 (Causast,
1051 2434 1165 2514 quaest.
1178 2433 1208 2506 l,

103 2539 230 2625 canl.)

146 2687 157 2708 «
177 2657 246 2722 Nou
268 2665 398 2741 oportet
412 2675 609 2742 quemquam
624 2656 767 2742 judicari
781 2658 835 2724 vel
847 2655 1005 2735 damnari,
1024 2660 1211 2742 priusquam

106 2772 291 2855 «legitimos
316 2772 435 2838 habeat
454 2781 631 2856 presentes
654 2774 1073 2859 accusatores310cumque
1097 2763 1212 2839 defell-

107 2885 229 2954 «deudi
243 2889 379 2973 accipiat
393 2887 436 2953 ad
454 2887 616 2954 abluenda
635 2891 779 2954 crimina.
801 2915 812 2946 a
834 2889 948 2976 (Causa
967 2893 999 2968 3,
1030 2897 1145 2976 quaest.
1168 2893 1200 2967 9,

102 3020 165 3068 can.
181 3001 225 3089 5.)

145 3151 156 3173 a
173 3122 320 3188 liabetur
333 3140 462 3208 quoque
477 3123 511 3187 in
526 3122 668 3188 decretis
679 3127 867 3189 sanctorum
886 3124 1021 3188 Patr-um
1037 3123 1207 3200 sancitum,

108 3265 119 3289 «
133 3257 191 3304 uon
200 3240 271 3306 fore
282 3241 468 3305 canonicum
479 3257 673 3325 quemquam
683 3238 890 3305 sacerdotum
900 3237 1047 3324 judicare
1056 3239 1110 3306 vel
1121 3239 1212 3304 dam·

109 3373 215 3434 «nere,
245 3362 420 3441 antequam
442 3362 647 3421 accusatores
667 3357 820 3422 canonice
845 3356 1044 3422 examinatos
1068 3373 1210 3438 praesen-

110 3479 180 3538 «tes
198 3472 328 3552 habeat,
353 3473 527 3557 locumque
552 3470 756 3538 defendendi
773 3472 933 3554 accipiat,¹
945 3471 1041 3551 idest,
1064 3470 1210 3536 inducias

110 3591 359 3657 «ecclesiasticas
375 3588 417 3655 ad
434 3587 597 3654 abluenda
624 3589 767 3653 crimina.
791 3617 804 3641 ι»
831 3588 943 3674 (Causa
966 3592 1006 3668 3,
1037 3595 1151 3672 quaest.
1172 3591 1205 3666 3,

107 3723 167 3771 can.
180 3709 211 3774 6.

143 3839 157 3867 n
176 3706 239 3897 Qdi
254 3831 409 3879 accusare
423 3814 522 3878 alium
541 3813 688 3898 elegerit,
709 3831 851 3897 presens
873 3831 983 3896 perse
999 3821 1034 3880 et
1060 3833 1125 3880 nou
1149 3831 1210 3898 pcr

111 3930 227 3997 «alium
239 3938 385 4008 accuset,
405 3930 613 4014 inscriptione
627 3929 782 3996 videlicet
796 3932 969 4013 premissa.
994 3933 1105 4016 Neque
1124 3932 1212 3998 ullus

111 4073 121 4096 «
136 4066 272 4132 uuquam
284 4046 464 4133 judicetur,
481 4053 660 4132 antequam
678 4047 840 4130 legitimos
855 4055 1060 4116 accusatores
1070 4065 1211 4131 praeseu-

111 4169 182 4228 «tes
196 4163 324 4242 habeat,
344 4165 521 4248 locumque
537 4160 737 4228 defendendi
756 4162 892 4246 accipiat
906 4161 948 4228 ad
966 4161 1131 4229 abluenda
1149 4163 1211 4228 cri-
1235 4219 1237 4224 ,

112 4305 122 4328 κ
137 4279 249 4346 mina.»
264 4281 379 4369 (causo
389 4283 421 4361 3,
430 4287 545 4365 quaest.
557 4283 589 4358 9,
599 4297 670 4344 cau.
683 4277 730 4364 8.)
740 4279 878 4345 «Nullus
886 4297 1026 4364 uuquam
1037 4288 1212 4363 presumat

114 4404 298 4463 «accusator
323 4398 418 4464 simul
434 4415 504 4462 esse
520 4405 554 4462 et
571 4394 674 4481 judex
698 4404 733 4461 et
759 4395 874 4460 testis:
898 4396 1049 4480 quoniam
1063 4395 1096 4460 iu
1123 4396 1210 4462 omni

115 4508 250 4593 «judicio
266 4520 409 4602 quatuor
427 4531 581 4598 personas
598 4531 732 4580 necesse
753 4519 804 4582 est
822 4529 955 4600 semper
968 4509 1093 4588 adesse,
1110 4509 1207 4590 idest,
