2836 5118
248 347 313 409 308
593 357 781 406 maranus
803 361 846 404 nu
870 358 1017 404 mutuus.
1041 374 1043 380 .

252 486 392 552 octusis.
403 483 569 568 specialia,
594 501 670 547 cum
680 483 723 546 'iu
743 483 941 549 omni'cuusu'
958 479 1060 566 jiidex'
1074 482 1227 548 laborare
1243 481 1345 550 debent

251 599 325 667 -au
345 599 421 666 lites
442 597 654 674 breviandae,
670 597 876 664 'dilationum
896 599 1050 664 materias
1070 597 1283 683 amputandus
1299 601 1347 664 :et
1407 617 1408 662 t

250 749 263 772 «
281 718 340 783 alia
353 735 424 802 quae
441 711 623 800 sequuntur
638 712 710 798 jura
729 721 805 779 sunt
822 714 981 798 vulgaria.
998 713 1062 780 S'ed
1077 714 1141 780 diei
1161 717 1347 799 potest'spe·

250 865 263 888 «
282 833 362 900 ciale
382 831 471 918 quod
485 833 519 897 in
534 831 582 896 his
603 831 720 896 fortius
743 851 842 916 quam
862 833 896 896 in
913 833 983 896 aliis
998 830 1102 916 judex
1121 831 1183 897 ltoc
1198 835 1345 916 poterit...

250 947 343 1014 «Sed
357 967 487 1034 quaero,
513 966 608 1033 quarn
627 947 853 1032 exceptionem
871 947 925 1014 vel
947 949 1197 1032 appellationem
1222 969 1282 1033 per
1295 948 1348 1013 hac

250 1065 380 1131 «verba
398 1064 474 1151 (non
489 1061 562 1130 dico
577 1083 637 1147 per
655 1063 736 1129 hanc
755 1064 1028 1142 constitutionem)
1054 1065 1156 1148 possit
1172 1066 1244 1131 talis
1261 1064 1348 1150 juder

249 1182 461 1265 «repellere,
479 1199 574 1266 quam
595 1181 680 1246 alter
694 1179 798 1265 judex
816 1188 969 1246 tencatur
987 1180 1186 1248 admittere?
1209 1185 1276 1248 Hoc
1295 1181 1349 1245 vel·

249 1299 345 1365 «lem
366 1295 519 1364 doceri.»
546 1295 681 1384 (Glossn,
703 1295 902 1364 adverbum
921 1301 1080 1380 Ampntct,
1104 1305 1139 1364 et
1162 1298 1348 1364 adverbum

201 1397 208 1406 ’
244 1412 443 1499 Dilatcrias.)

286 1535 346 1600 111.
366 1530 503 1614 Quando
517 1529 620 1616 judici
634 1534 801 1600 commissa
819 1541 874 1599 est
884 1543 979 1600 eausa
991 1540 1153 1600 sammartc
1166 1531 1347 1618 judicanda,

242 1656 351 1736 potest
385 1647 590 1717 nihilominus
616 1647 773 1715 adhibere
801 1661 990 1732 processum
1019 1650 1243 1728 ordinarium,
1277 1651 1350 1714 mado

240 1769 550 1848 partesconscnttant.
568 1761 607 1827 Id
622 1765 771 1847 sequitur
785 1783 826 1828 ex
843 1764 891 1830 his
905 1783 1003 1849 supra
1025 1766 1131 1830 citatae
1154 1765 1350 1831 Clementiae

242 1882 350 1950 verbis
377 1903 384 1948 ε
408 1885 443 1947 Si
462 1889 561 1944 tamen
576 1885 610 1944 ira
620 1887 789 1962 prnmtss'ts
808 1883 925 1946 casibus
938 1885 1079 1946 solemnis
1095 1885 1171 1946 ardo
1178 1885 1351 1964 judiciarius

242 1999 420 2064 intotonat
442 2003 475 2060 tn
495 2005 603 2079 parte,
626 2017 686 2060 non
699 2000 973 2062 contradicentibus
992 2001 1154 2079 partibas,
1179 2001 1349 2073 observetur,

241 2135 301 2180 nan
314 2120 373 2178 crit
385 2129 537 2196 processus
542 2121 667 2195 propter
682 2115 735 2176 boc
751 2119 861 2178 irritas
875 2117 923 2176 nel
944 2117 1128 2180 irritandus.

250 2243 253 2251 ’
286 2231 342 2296 1v.
368 2227 455 2310 Quid
478 2247 557 2294 vcro
578 2229 605 2294 si
620 2226 734 2312 judici,
754 2249 820 2294 tion
840 2227 974 2313 quidem
994 2229 1177 2314 injunctum
1204 2230 1305 2296 fuerit
1322 2235 1351 2294 ut

243 2347 416 2412 summarie
428 2343 587 2429 procedat
610 2343 661 2430 (ut
682 2344 813 2428 quando
832 2346 921 2429 Papa
940 2346 1035 2412 alic'ui
1045 2347 1220 2414 committit
1234 2361 1350 2412 causan

243 2468 404 2528 summarie
421 2458 687 2544 terminandam),
706 2459 767 2526 sed
785 2461 868 2545 ipsi,
882 2481 923 2526 ex
946 2471 1065 2528 natura
1088 2481 1205 2541 enusae,
1224 2463 1350 2529 facultas

245 2577 344 2646 detur
369 2597 388 2644 n
409 2577 483 2664 jure
500 2577 674 2644 summarie
687 2576 912 2661 procedendi?
931 2578 979 2644 An
997 2581 1076 2644 tu‘nc
1103 2579 1219 2645 saltem
1244 2578 1352 2663 poterit

245 2702 309 2761 sinc
323 2709 465 2760 consensa
484 2701 619 2778 partiam
644 2709 832 2777 processum
856 2692 1068 2760 ordinarium
1080 2695 1277 2762 instituere?
1296 2695 1351 2776 Ego

245 2819 326 2898 puto
339 2811 464 2897 requiri
475 2812 572 2876 etiam
580 2811 613 2875 in
625 2811 686 2876 hoe
696 2831 773 2876 casu
782 2823 975 2878 eonsensum
983 2812 1136 2896 partium,
1146 2819 1181 2876 et
1191 2811 1350 2880 deficiente

245 2929 308 2996 troc
324 2945 495 3005 consensu,
512 2927 618 2992 teneri
631 2924 775 3010 judicem
787 2927 962 2994 summarie
975 2926 1170 3010 procedere.
1187 2922 1351 3013 Namquod

248 3045 391 3140 incertis
403 3043 507 3108 causis
523 3041 810 3127 possitsummarie
826 3041 975 3126 procedi,
994 3049 1044 3108 est
1057 3043 1152 3110 favor
1167 3063 1186 3108 a
1201 3042 1275 3128 jure
1290 3060 1352 3108 con·

248 3179 358 3228 cessus
379 3159 544 3246 partibus,
566 3157 731 3224 undenon
754 3168 888 3242 possunt
906 3161 1014 3226 invitm
1034 3161 1095 3226 hoe
1115 3161 1275 3228 beneficio
1296 3159 1351 3243 pri·

249 3279 330 3349 vari.
358 3277 464 3362 Atque
485 3274 519 3340 id
535 3277 670 3359 iusuper
687 3275 765 3348 mibi
780 3275 915 3342 videtur
937 3277 1081 3358 rigorose
1101 3276 1223 3344 deduci
1239 3298 1278 3343 cx
1293 3279 1351 3359 ipso

251 3396 356 3462 citatae
379 3394 587 3459 Clementiae
601 3400 723 3459 textu:
741 3413 815 3458 nam
837 3393 990 3478 quodibi
1011 3393 1133 3460 dicitur
1148 3395 1191 3462 de
1209 3394 1350 3460 facultate

251 3505 448 3576 observandi
469 3506 644 3572 solemnem
667 3505 815 3573 ordinem
833 3526 893 3572 non
917 3511 1188 3574 contradicentibus
1204 3510 1349 3592 partibas,

251 3603 356 3692 refert
371 3621 523 3689 Pontifex
541 3629 632 3686 ctiam
648 3621 687 3688 ad
702 3622 773 3688 illos
785 3642 894 3701 casus,
910 3631 943 3688 tn
957 3627 1064 3705 quidm
1073 3647 1132 3707 par
1145 3627 1238 3690 attam
1253 3625 1351 3688 wrati-

253 3747 396 3804 tnttoncna
412 3757 509 3817 stram,
527 3739 575 3802 ccl
586 3740 676 3818 altas,
691 3741 812 3820 procedi
823 3747 919 3820 potest
935 3743 1112 3821 simpliciter
1128 3748 1157 3805 et
1172 3745 1209 3806 dc
1219 3742 1310 3823 plano
1323 3754 1352 3798 uc

250 3864 315 3920 sinc
329 3861 500 3936 strepitu-et
513 3855 744 3936 siparajudc'ctt.
766 3856 851 3939 Ergo
864 3859 1035 3922 cotnmune
1052 3864 1103 3922 cst
1117 3855 1265 3924 omnibus
1275 3850 1352 3920 casi-

251 3973 366 4042 busin
389 3971 505 4055 quibus
531 3971 663 4053 procedi
681 3979 790 4054 potest
812 3980 993 4053 summarie,
1017 3979 1055 4038 ut
1078 3975 1204 4040 institui
1224 3972 1351 4058 nequeat

252 4107 423 4176 processus
438 4086 625 4184 ordinarius
645 4094 709 4152 stne
727 4107 869 4154 amaeam
884 4096 1033 4172 portiana.

299 4203 502 4273 Contrarium
517 4211 627 4270 tumen
641 4205 748 4270 tenuit
765 4205 887 4289 glossa,
910 4225 981 4292 qum
997 4207 1041 4272 sio
1056 4205 1157 4274 habet
1171 4203 1351 4274 adverbum

253 4328 320 4396 Non
334 4322 631 4386 contradicentibus:
650 4344 664 4376 a
684 4321 794 4388 Innuit
805 4321 895 4408 quod
906 4323 1053 4407 partibus
1070 4319 1352 4392 contradicentibus

258 4466 278 4496 .·
290 4457 355 4510 nou
377 4437 479 4524 possit
492 4434 689 4523 judiciorum
703 4435 810 4524 figura
826 4439 881 4506 vel
896 4439 1097 4519 solemnitas,
1120 4440 1206 4508 ultre
1217 4435 1250 4504 id
1271 4429 1351 4522 quod
