2914 5122
260 349 321 421 158
599 364 786 413 morasus
809 365 852 412 oc
874 362 1022 410 ronrcns.

259 511 275 584 ᾳ
294 488 449 576 emend),
466 489 524 558 ubi
541 491 661 561 Paulus
679 513 686 556 :
703 493 801 575 lajas
814 510 930 568 cocere,
941 493 1074 572 estjura's
1090 489 1353 570 expetendane

259 627 409 672 avocare.
429 630 444 670 »
469 607 780 694 (Schmulzgrneben
805 608 837 674 in
860 607 911 674 tit.
933 611 966 686 3,
988 605 1102 672 litorii
1132 602 1270 680 decret..
1291 605 1305 681 s
1325 605 1354 679 l,
1433 633 1434 720 p

259 742 293 786 n.
325 721 390 806 16.)
1433 723 1434 754 ff

302 838 454 920 Qumsrro
476 843 520 904 2¹.
538 879 583 890 -
599 843 770 924 Quoluplcc
785 843 993 922 disliapuelur
1009 841 1140 902 citatio?
1159 874 1203 886 -
1219 859 1234 898 a
1248 835 1361 903 Dividi·

268 962 358 1020 «tur
382 957 503 1039 triplici
526 957 663 1050 maxime
697 956 806 1023 modo.
835 959 866 1020 i⁰
886 957 978 1022 Enim
996 955 1057 1020 olio
1082 961 1133 1020 est
1154 960 1260 1020 citello
1274 959 1360 1038 juria
1434 1018 1435 1068 1

261 1071 356 1136 «alin
371 1073 509 1138 leminis.
532 1075 626 1139 Prior
646 1081 706 1151 cst,
725 1072 855 1158 qnando
877 1071 941 1157 jus,
954 1072 1013 1138 rel
1034 1072 1089 1138 lex
1106 1071 1222 1136 statuit
1245 1077 1362 1136 certum
1434 1073 1435 1162 ᾗ

263 1189 468 1254 «terminum
487 1190 571 1255 intra
591 1208 688 1273 quem
703 1189 803 1255 debet
822 1191 894 1274 quis
914 1186 1038 1273 jndicio
1054 1207 1088 1252 se
1106 1188 1221 1252 sistere
1241 1208 1248 1251 :
1270 1194 1364 1270 poste

262 1305 366 1382 «rior,
389 1325 462 1371 cum
474 1307 544 1393 quis
556 1305 676 1391 judicis
690 1304 839 1370 mandato
859 1307 892 1370 in
910 1305 962 1390 jus
978 1310 1124 1370 vocatur.
1142 1304 1288 1388 Utraque
1301 1303 1366 1368 sub·

264 1444 280 1481 a
297 1419 456 1486 dividitur
470 1423 504 1487 in
519 1423 685 1504 penerelem
706 1431 741 1486 et
753 1423 921 1506 specialem.
941 1421 1109 1487 Perillam
1129 1427 1263 1486 vocatur
1280 1418 1368 1504 injus

264 1539 489 1622 «quicumque
506 1558 563 1603 sna
578 1539 736 1627 interesse
748 1539 931 1623 putaverit3
949 1536 1369 1622 perspecinlemverocerta
1435 1547 1436 1550 ’

265 1673 446 1737 «persona.

312 1795 326 1832 a
348 1774 382 1834 2⁰
403 1771 471 1836 Alia
487 1777 537 1836 est
557 1774 698 1845 verbulis,
723 1771 785 1836 alia
813 1775 916 1835 realis.
938 1771 1088 1836 Verbalis
1109 1770 1231 1836 dicitur
1252 1767 1370 1855 quando

267 1885 395 1974 «judex
409 1889 639 1975 apparitorem,
663 1888 822 1964 nuntium,
841 1888 895 1954 vel
911 1885 1079 1974 pedelium
1099 1885 1142 1952 nd
1160 1904 1255 1956 reum
1270 1886 1368 1960 mittit,
1436 1921 1437 2008 p

141 2069 143 2072 .
267 2026 283 2063 a
303 2004 398 2088 eique
413 2010 566 2068 oretenus
582 2003 633 2069 vel
649 2004 824 2088 inscriptis
839 2003 1012 2088 significari
1027 2003 1117 2081 facit,
1140 2011 1178 2068 nt
1197 2001 1238 2068 ad
1254 2009 1372 2068 eertum

267 2144 282 2179 a
300 2118 387 2184 diem
402 2128 557 2202 appareat
574 2121 607 2184 in
633 2117 766 2204 judicio.
793 2119 901 2186 Realis
920 2126 980 2197 est,
999 2139 1064 2204 quo
1078 2139 1232 2204 personae
1248 2125 1373 2203 propter

268 2259 283 2297 a
302 2235 475 2312 delictum,
493 2256 535 2300 aes
547 2237 706 2312 alienum,
722 2243 778 2301 aut
793 2236 886 2302 aliam
898 2234 1019 2320 justam
1035 2255 1181 2314 causam,
1200 2233 1373 2321 apprehen·

269 2373 284 2410 a
302 2348 426 2415 duntur
439 2356 472 2414 et
486 2357 699 2415 arrestnntur.
1437 2337 1438 2348 ἵ

314 2489 329 2526 n
354 2469 487 2530 Verbalis
503 2468 614 2531 citatio
627 2466 746 2532 iterum
765 2465 889 2550 duplex
913 2467 976 2543 est,
990 2474 1116 2552 priuato
1136 2487 1253 2552 nempe
1271 2474 1306 2532 et
1325 2485 1375 2549 pe·

270 2606 285 2643 a
303 2585 390 2646 llice.
409 2583 540 2648 Privata
556 2591 623 2661 est,
646 2582 776 2670 qnando
793 2584 865 2669 quis
883 2584 1096 2668 privatimad
1112 2585 1248 2662 faciem,
1266 2583 1335 2664 vel,
1355 2583 1377 2646 si

271 2687 399 2784 ¹«ipsius
415 2700 507 2782 copia
521 2699 636 2766 haberi
648 2709 800 2790 nequeat,
819 2698 861 2764 ad
874 2698 1008 2768 domum
1019 2701 1150 2768 citatur.
1169 2700 1305 2766 Publica
1320 2706 1375 2774 est,
1438 2721 1439 2760 1

271 2841 286 2875 n
305 2833 376 2901 qaae
395 2813 525 2898 publice
542 2834 602 2898 per
615 2816 779 2900 proclamo
792 2836 850 2884 seu
865 2836 978 2882 rocem
999 2817 1167 2902 praeconis,
1187 2816 1241 2882 vei
1255 2835 1318 2899 per.
1332 2822 1377 2880 tu·

269 2955 289 3004 xa
306 2931 379 2996 bam
391 2938 447 2996 aut
459 2951 656 3015 campanam,
672 2933 723 2997 vel
742 2952 801 3017 per
812 2932 956 2999 edictum
971 2935 1001 2997 in
1014 2933 1243 3017 publicislocis
1260 2931 1378 2999 aniana

275 3071 290 3108 n
308 3048 380 3113 lieri
395 3049 490 3113 solet.
506 3049 536 3112 Si
553 3068 613 3132 per
627 3047 769 3114 edictum
781 3049 850 3127 sint,
868 3054 1008 3114 edictalis
1021 3054 1146 3116 elicitur.

320 3187 335 3224 n
349 3166 497 3250 Denique
517 3165 577 3228 aiio
591 3166 701 3230 citatio
717 3173 767 3230 est
779 3169 918 3250 simplem,
936 3167 998 3231 aiio
1011 3172 1225 3248 peremptorio.
1253 3167 1380 3247 Simplex

276 3304 291 3340 α
311 3289 370 3356 est,
396 3300 465 3365 qnoe
483 3279 605 3366 absque
621 3282 753 3366 praecisa
778 3284 1018 3368 comparitionis
1035 3283 1243 3350 intimatione
1261 3288 1295 3347 et
1308 3281 1380 3346 ulte

276 3396 404 3460 «noris
418 3395 549 3460 termini
573 3394 787 3480 denegatione
815 3397 1020 3480 concipitnr;
1039 3397 1142 3481 qualis
1165 3405 1216 3462 cst
1241 3397 1268 3462 si
1286 3394 1380 3481 judex

277 3532 293 3573 a
311 3512 502 3596 simpliciter
515 3512 610 3577 alicui
620 3513 753 3578 annuet
764 3521 802 3578 ut
811 3515 868 3580 tali
881 3514 934 3580 rel
946 3515 1004 3580 tali
1013 3514 1065 3580 dic
1079 3513 1249 3598 injudicio
1261 3531 1381 3597 compa·

277 3633 391 3692 creat.
408 3632 615 3709 Percmplorla
630 3612 779 3716 estque
790 3630 833 3696 ite
848 3629 1031 3714 concipitur
1045 3637 1085 3696 ut
1093 3629 1381 3714 precisamconpa-

278 3769 294 3805 α
317 3742 412 3810 rendi
431 3747 657 3811 necessitatem
676 3747 830 3830 imponat,
853 3747 942 3812 omni
956 3747 1103 3812 ulteriori
1119 3748 1258 3812 termino
1272 3765 1332 3822 seu
1348 3745 1382 3810 ci·

277 3862 434 3927 «tatione
454 3860 636 3945 denegata:
656 3870 690 3928 et
708 3863 781 3928 talis
795 3871 845 3930 cst
863 3864 919 3930 ilio
933 3881 1016 3948 quae,
1036 3864 1089 3930 vel
1104 3863 1211 3929 trihus
1233 3861 1381 3930 distinctis

280 4005 291 4034 n
315 3977 521 4044 citationibus
540 3978 738 4062 simplicibus
752 3979 801 4057 fit,
820 3980 873 4046 vel
887 3980 920 4042 in
939 3998 1001 4065 qua
1018 3987 1087 4046 tres
1106 3979 1251 4046 distincti
1266 3976 1382 4046 tormini

280 4093 351 4160 «nd
364 4103 454 4161 certo
470 4097 627 4178 temporis
639 4097 811 4162 intervallo
827 4104 903 4162 sunt
918 4097 1078 4182 assignati,
1094 4097 1194 4162 veiin
1208 4096 1382 4184 qnaunicar

280 4211 469 4276 «terminus
485 4209 700 4294 (tantumdem
714 4212 872 4296 temporis
888 4220 1046 4298 quantum
1059 4213 1128 4280 nliae
1150 4220 1219 4279 tres
1234 4212 1382 4297 simplices

282 4326 495 4412 «contineam
514 4328 666 4410 prelixus
682 4337 743 4405 est,
763 4328 875 4396 addita
893 4349 973 4396 voce
994 4337 1215 4416 peremptore„
1231 4329 1383 4396 tantuna

280 4420 386 4510 acuta
416 4443 477 4508 alia
502 4429 730 4526 equivalente.
761 4450 975 4528 Peremptortoe
1005 4464 1131 4512 nomen
1148 4446 1290 4530 accepit,
1319 4442 1383 4531 quia
