2948 5126
202 315 253 380 ffl'
402 371 405 380 ‚
544 325 734 375 TRAC'MHS
753 325 798 374 mc
819 325 967 374 marcus.

201 482 220 516 a·
232 473 322 522 mum
337 470 472 520 monere
480 457 522 518 ut
537 449 703 518 desistata
719 453 852 528 crimino
869 473 876 517 :
893 450 966 516 atsi
980 447 1138 521 delictum
1151 449 1194 516 sit
1205 449 1313 517 occul·-

200 579 317 652 «tum
338 578 373 638 et
398 577 549 655 speretur
569 555 705 652 privatis
726 569 856 634 monitis
877 585 948 634 esse
973 564 1197 634 emendandus
1215 575 1250 634 et
1267 565 1323 634 ml¹

201 713 218 753 c
236 689 381 756 debiam
395 687 647 754 satisfactionem
667 683 889 764 inducendus,
907 683 1045 751 maxime
1059 686 1086 751 si
1104 702 1243 768 persona
1255 682 1311 749 ha·

201 806 353 873 «beatur
369 805 504 871 honesta
517 825 525 888 3
539 811 620 870 tanc
633 803 719 870 enim
736 809 849 867 contra
862 800 1053 867 charitatem
1078 808 1163 866 esset
1183 806 1311 896 tantum

201 924 354 990 «malum
378 923 425 988 illi
445 922 601 1006 irrogare.
628 944 644 982 a
672 921 820 1008 (Lessiaa,
845 922 882 984 dc
900 923 1027 984 laetitio
1042 927 1072 984 ct
1086 923 1169 1002 jare,
1192 918 1251 985 lib.
1275 921 1307 998 2,

199 1061 270 1127 cap.
287 1043 344 1118 30,
367 1059 401 1106 n.
424 1039 490 1126 to.)
517 1036 809 1124 adopertionem,
835 1036 924 1124 quod
943 1033 1162 1121 crangelicam
1185 1035 1313 1104 denan-

198 1157 367 1227 tiationem
378 1156 567 1242 praecedere
589 1155 709 1222 debeat
729 1155 920 1221 charitativa
936 1153 1078 1234 monitio,
1103 1161 1201 1240 atque
1221 1151 1311 1220 idem

199 1274 305 1342 videri
328 1271 509 1342 dicendum·
530 1271 638 1357 quoad
664 1271 920 1356 accusationem
937 1269 1166 1356 respondetur,
1189 1269 1313 1336 denun-

199 1387 367 1460 tiationem
398 1389 618 1474 evangelicam
642 1407 715 1453 csse
739 1389 921 1454 institutam
945 1387 1115 1453 dumtaxat
1139 1386 1181 1454 ad
1202 1387 1312 1458 fratris
1380 1407 1382 1409 ·

199 1507 478 1590 emendationem
493 1505 730 1572 accusationem
743 1524 822 1571 vero
836 1504 879 1570 ad
891 1503 1055 1588 publicam
1065 1503 1232 1572 criminum
1246 1491 1312 1568 rin?

200 1622 333 1691 dictam.
389 1623 392 1628 ’

732 1840 770 1902 V.

485 2069 600 2136 Effectus
614 2069 789 2120 accusationis
802 2069 890 2134 quood
902 2067 1029 2132 judicem.

249 2307 288 2367 l:
306 2303 420 2368 Potest
430 2300 534 2387 judex
550 2320 590 2372 ex
609 2300 711 2368 officio
727 2301 888 2384 repellere
904 2307 1125 2368 accusatorem
1140 2299 1314 2371 mirabilem

202 2435 260 2484 seu
281 2437 346 2483 non
366 2416 533 2498 idoneum,
563 2416 687 2482 etiamsi
704 2434 779 2499 pars
806 2414 943 2480 adversa
962 2422 1075 2482 contra
1101 2412 1193 2489 illum
1222 2435 1317 2488 exce-

205 2533 351 2618 ptionem
366 2552 431 2598 non
446 2539 599 2616 opponat.
617 2533 699 2600 Hinc
710 2539 786 2598 ante
807 2533 915 2600 omnia
929 2551 1075 2618 querare
1097 2531 1199 2604 debet
1212 2531 1315 2619 Juacx

202 2670 243 2719 aa
262 2655 429 2722 accusator
444 2651 485 2716 sit
500 2648 591 2716 dciis
602 2652 659 2735 qui
671 2671 689 2716 a
701 2649 776 2736 jure
786 2669 939 2720 accusare
955 2652 1202 2734 permittuntur.
1221 2649 1328 2736 (vtae

202 2764 502 2850 schmalzgrueber,
518 2765 552 2830 in
565 2765 617 2830 tit.
640 2770 669 2845 t,
681 2766 756 2836 libri
771 2771 794 2832 5·
803 2766 944 2847 decret,
958 2787 992 2836 n.
1014 2765 1083 2852 99.)
1102 2769 1316 2839 imotecetar
1410 2850 1412 2855 .

200 2879 304 2966 jadex
318 2888 540 2954 accusatorem
554 2882 719 2964 repellere
736 2884 763 2948 si
781 2884 822 2951 sit
839 2883 1043 2968 illegitimus;
1063 2901 1126 2954 nec
1153 2883 1212 2952 tali
1238 2861 1318 2950 casa

79 2981 83 2990 ’
202 3016 280 3062 reus
308 2997 426 3062 citatus
444 3003 579 3061 tenetur
606 3016 794 3081 comparere
821 2998 909 3086 (vide
931 2996 1105 3082 probatum
1125 2997 1319 3084 apudlfas·

204 3113 289 3193 chat,
309 3113 407 3181 istit.
429 3116 458 3190 1,
475 3112 583 3178 tibris
599 3111 742 3192 decret,
756 3134 789 3180 n.
806 3112 851 3198 9).

249 3233 282 3296 i.
312 3260 326 3284 a
342 3229 374 3296 Si
384 3231 546 3298 accusatio
553 3236 604 3296 est
617 3230 771 3324 legitima,
780 3237 915 3302 tenetur
930 3251 1001 3302 eam
1010 3231 1113 3318 juder
1127 3231 1313 3311 admittere,

209 3375 229 3410 «.
240 3347 303 3414 etsi
313 3352 482 3414 accustus
493 3345 742 3414 infamiadelicti
753 3347 977 3416 conlaboret»
996 3349 1263 3437 (Meschistintit.
1283 3351 1313 3427 l,

203 3460 280 3531 libri
296 3465 314 3526 t
330 3460 511 3539 caeream.
530 3459 576 3547 8);
594 3463 686 3530 etita
708 3470 824 3532 tenent
838 3466 1054 3535 communiter
1066 3461 1218 3534 doctores
1241 3481 1317 3532 cum

205 3585 318 3650 sancto
331 3577 453 3647 Thema
470 3578 513 3664 (2,
536 3581 567 3659 2,
589 3597 620 3666 q.
640 3582 694 3660 68,
716 3599 746 3648 a.
772 3585 805 3660 l,
819 3580 862 3650 aa
877 3580 923 3667 3).

250 3697 283 3760 3.
309 3693 418 3762 Posito
425 3694 634 3762 accusatione
644 3697 802 3780 legitima,
819 3706 931 3782 potest
943 3696 1046 3784 judex
1067 3705 1254 3767 accusatum
1272 3697 1319 3767 ci-

206 3818 277 3880 tare
290 3819 329 3880 ut
342 3812 559 3895 personaliter
569 3821 766 3898 compareat.
785 3816 918 3883 Constat
930 3837 972 3882 cx
987 3816 1094 3901 capite
1109 3821 1197 3882 laris·
1210 3815 1254 3903 (1,
1279 3817 1319 3890 dc

206 3930 325 4006 Acus„
335 3927 371 3994 ia
385 3924 431 4012 6).
445 3927 629 4013 quueaon
645 3929 971 4010 verbalitertcatam
989 3930 1049 4000 sea
1069 3932 1168 4000 etiam
1184 3930 1319 4001 realiter

206 4051 241 4115 et
255 4062 317 4128 per
331 4046 543 4130 apparitores,
564 4029 663 4114 modo
679 4045 837 4116 delictum
858 4049 901 4116 sit
919 4057 1023 4130 atrox,
1049 4057 1085 4118 ct
1105 4068 1233 4134 poeaam
1249 4068 1319 4120 cor-

143 4197 146 4200 ·
206 4160 352 4245 poralem
365 4167 439 4245 post
456 4182 491 4228 se
506 4163 623 4242 trahat,
641 4169 676 4229 et
686 4161 791 4248 judici
804 4173 905 4233 antea·
919 4165 1320 4251 constetpersufficicntia

206 4275 325 4346 indicia
353 4295 391 4342 ac
413 4275 618 4362 conjecturas
634 4285 820 4346 accusatum
846 4299 916 4348 csse
943 4280 1041 4366 hujus
1062 4280 1173 4348 delicti
1194 4299 1316 4349 ream:

206 4392 284 4460 alias
311 4392 383 4477 capi
405 4401 438 4460 et
460 4393 657 4462 incarcerari
680 4403 848 4464 accusatus
868 4397 992 4484 aequit
1021 4396 1125 4468 Hodie
1146 4407 1257 4468 autem
1285 4397 1322 4466 ia
