2838 5114
476 381 555 428 scas
577 381 735 428 secunus.
760 413 762 418 .
1104 364 1167 426 435

54 531 70 566 c
83 509 170 592 gulis
182 508 332 574 locorum
350 503 529 578 ordinariis
544 506 576 570 in
586 506 651 570 suis
668 503 851 588 respective
867 501 1073 580 dioecesibus,
1090 521 1167 587 per·

54 649 68 684 a
90 643 169 690 sona
184 621 572 710 aliquaidoneaeligctur,
587 629 631 698 et,
647 621 882 704 sifieripotest‚
897 639 938 684 ex
952 619 1169 686 ecclesiastico

54 763 70 800 a
82 748 184 816 coetu,
210 738 292 824 juris
307 739 437 803 seientia
456 738 579 820 pariter
600 746 633 801 ct
657 739 731 802 vitae
747 735 910 820 probitate
930 735 1077 818 praedita,
1099 754 1170 820 quot

54 881 70 918 a
91 858 370 949 matpimcniorum
386 854 539 921 defensor
552 855 788 938 nominabitur;
806 874 878 919 cum
890 853 1048 930 ,facultate
1064 862 1172 920 tamen

54 991 158 1038 reem
175 969 407 1056 suspendendi,
426 970 481 1036 vel
499 969 702 1047 removendi,
721 969 747 1033 si
756 968 843 1054 justa
860 988 956 1034 causa
971 968 1125 1047 adfuerit,
1140 977 1175 1038 et

55 1111 71 1148 a
88 1086 312 1154 substituendi
327 1087 421 1152 aliam
436 1105 527 1170 mque
539 1085 693 1151 idoneam
712 1091 746 1150 et
762 1082 876 1150 iisdem
892 1083 1102 1169 qualitatibus
1122 1103 1174 1150 or-

56 1227 70 1264 a
88 1211 218 1286 natam3
235 1202 324 1288 quod
344 1205 442 1269 etiem
463 1203 535 1268 fieri
553 1203 672 1286 poterit
698 1201 965 1286 quotiescumque
981 1221 1119 1285 persona
1133 1201 1176 1268 ad

55 1345 71 1382 a
87 1321 367 1386 matrimoniorum
378 1319 600 1386 defensionem
610 1318 781 1396 destinata,
794 1337 867 1384 cum
878 1336 912 1382 sc
923 1319 1048 1384 occasio
1060 1317 1177 1401 agendi

57 1461 73 1498 «
90 1437 261 1514 obtulerit,
284 1439 347 1502 erit
364 1437 509 1519 legitime
526 1435 696 1520 impedita.
714 1459 730 1494 u

100 1553 265 1617 Punctum
282 1552 324 1616 Π.
347 1588 388 1598 -
415 1555 559 1630 Quisnam
576 1557 617 1614 sit
633 1554 771 1631 defensor
796 1555 982 1614 roctrimonr'i
1002 1556 1035 1612 irc
1050 1553 1179 1615 samace
1296 1582 1299 1591 ·

55 1674 219 1747 instantia,
242 1671 494 1732 carantanam?
515 1705 559 1716 -
577 1671 606 1732 1.
631 1667 661 1732 Si
674 1665 778 1750 juder
795 1665 945 1732 secundae
963 1665 1121 1732 instantiae
1138 1666 1180 1731 sit

55 1782 336 1866 Metropolitanus,
346 1783 399 1846 vel
409 1784 436 1848 N
438 1782 546 1848 nntius
557 1783 771 1866 apostolicus,
782 1783 835 1848 vel
845 1784 1021 1866 Episcopus
1031 1782 1175 1862 vicinior,

55 1899 252 1966 matrimonii
271 1897 424 1964 defensor
440 1897 541 1964 debet
562 1917 631 1965 csse
652 1900 707 1964 ille
729 1899 816 1965 idem
831 1918 927 1983 quem
949 1899 1001 1962 isti
1020 1897 1182 1964 Ordinarii

58 2016 263 2100 deputarunt
283 2036 289 2080 :
309 2015 335 2080 si
353 2032 470 2097 nempe
487 2013 590 2098 judex
611 2015 762 2080 secundae
782 2015 941 2080 instantiae
961 2015 1002 2080 sit
1020 2015 1183 2099 Metropo-

58 2133 193 2206 litanus,
215 2128 367 2196 defensor
387 2131 582 2196 matrimonii
605 2131 660 2196 illc
683 2133 756 2207 crit,
773 2149 870 2215 quem
891 2129 977 2196 idem
994 2133 1183 2213 Metropoli-

56 2255 157 2314 tanus
178 2264 239 2330 pro
258 2263 316 2310 sue
336 2244 467 2312 dioecesi
489 2245 658 2312 constituit
678 2267 685 2311 :
705 2246 731 2308 si
754 2245 930 2328 Episcopus
957 2245 1101 2323 vicinior,
1127 2247 1183 2312 ille

57 2363 216 2428 defensor
233 2361 429 2426 matrimonii
445 2361 519 2436 crit,
543 2379 640 2446 quem
661 2361 748 2428 idem
770 2363 947 2446 Episcopus
966 2364 1132 2428 constituit
1149 2363 1181 2428 in

58 2499 118 2544 sua
144 2480 269 2562 pariter
293 2476 449 2546 dioecesi:
474 2479 595 2544 sivero
619 2480 757 2546 Nuntius
780 2480 981 2562 Apostolicus
997 2480 1043 2565 (et
1058 2479 1184 2546 idema

58 2595 191 2661 fortiori
199 2592 374 2660 dicendum
386 2593 428 2660 de
442 2596 564 2678 Legato
576 2594 785 2678 Apostolim),
800 2596 853 2660 iile
867 2595 1060 2662 matrimonii
1069 2595 1185 2662 defen·

59 2728 169 2774 sorem
184 2715 270 2792 aget,
282 2708 339 2792 qui
355 2707 443 2774 adid
460 2707 552 2774 officii
564 2709 666 2776 fuerit
678 2709 720 2776 ab
733 2709 851 2776 coderu
864 2711 984 2776 Nuntio
997 2711 1050 2776 vel
1064 2712 1185 2793 Legato

59 2825 251 2910 deputatus,
270 2823 378 2907 quoad
395 2826 560 2908 regionem
576 2826 610 2890 iu
627 2844 690 2909 qua
702 2823 963 2910 jurisdictionem
978 2826 1136 2892 obtinent.

105 2943 138 3005 2.
153 2939 186 3004 si
195 2937 297 3023 judex
308 2939 459 3004 secundat
472 2941 632 3006 instantia
643 2941 839 3006 ordinariam
852 2941 1109 3025 jurisdictionem
1123 2962 1187 3008 non

59 3055 196 3134 habeat,
221 3054 280 3120 scd
302 3056 344 3120 sit
367 3055 535 3122 dumtaxat
550 3057 794 3134 commissarius
815 3058 867 3124 cui
888 3055 988 3122 Sedes
1002 3058 1185 3141 Apostolica

60 3168 303 3236 terminandam
316 3189 445 3234 causam
458 3169 677 3249 demandavit,
694 3171 848 3240 defensor
857 3175 1051 3240 matrimonii
1061 3176 1123 3240 erit
1132 3176 1187 3242 ille

60 3287 161 3366 idem,
177 3288 235 3370 qui
246 3289 441 3352 constitutus
463 3293 513 3352 est
530 3287 572 3354 ab
589 3287 760 3354 Ordinatio
779 3288 939 3368 dioecesis,
954 3291 986 3353 in
1006 3310 1070 3375 qua
1093 3311 1188 3358 causa

58 3401 212 3468 secundm
224 3403 382 3470 instantiae
393 3402 569 3487 judicanda
581 3413 641 3470 est.
656 3405 702 3470 En
713 3405 931 3472 Benedictinre
945 3409 1184 3474 constitutionis

62 3519 191 3586 verba:
215 3547 228 3572 «ι
249 3519 280 3584 si
295 3517 397 3603 judex
420 3519 452 3582 in
475 3518 617 3586 secunde
641 3521 794 3586 instantia
819 3521 882 3585 fuit
908 3523 1185 3605 Metropolitanus,

63 3657 79 3694 a
95 3640 151 3700 aut
166 3632 260 3700 Sedis
272 3633 461 3716 spostolicae
478 3635 505 3698 N
508 3636 626 3712 untiuS,
647 3641 703 3702 aut
717 3637 894 3718 Episcopus
910 3639 1056 3716 vicinior,
1075 3640 1184 3704 matri-

64 3774 81 3813 «
98 3751 197 3819 monii
219 3749 373 3818 defensor
390 3752 443 3828 sit,
461 3753 517 3836 qui
534 3752 575 3817 cb
591 3753 669 3836 ipsis
687 3753 788 3818 fuerit
812 3753 1006 3836 deputatae,
1029 3755 1185 3840 quemad-

66 3893 85 3930 «
100 3868 232 3936 modum
252 3869 328 3950 ipsis
346 3867 506 3952 deputare
525 3868 731 3946 mandamus,
750 3878 787 3936 ut
802 3889 872 3954 quae
889 3891 907 3936 a
924 3872 1016 3937 nobis
1036 3875 1186 3956 superius

66 4009 85 4047 a
102 3986 277 4052 constituta
292 3991 366 4050 sunt
385 4003 541 4068 peragere
565 3987 674 4068 possit.
699 3985 730 4050 Si
749 3992 858 4052 autem
877 3986 979 4070 judex
998 3989 1190 4056 insecundo
1216 4015 1220 4022 ·

65 4126 84 4164 α
103 4102 253 4168 instantia
261 4102 324 4166 crit
333 4099 436 4185 judex
447 4102 693 4180 commissarius,
708 4103 759 4166 cui
770 4102 879 4168 aSede
892 4103 1074 4186 Apostolica
1085 4125 1188 4172 causoe

67 4242 85 4282 a
103 4220 242 4302 cognitio
253 4215 448 4284 demandata
459 4218 511 4296 sit,
526 4219 626 4302 etqui
637 4218 778 4284 tribuual
791 4217 1091 4302 etjurisdictionem
1103 4221 1191 4288 ordi-

66 4357 86 4396 α
105 4333 298 4400 uaricmnon
308 4333 438 4412 haheat,
450 4341 483 4398 et
493 4341 667 4417 propterea
679 4341 789 4398 careat
799 4331 973 4401 defensore
987 4338 1187 4416 matrimonii,

66 4471 88 4512 u
110 4450 252 4516 volumus
267 4456 302 4514 ut
318 4449 372 4512 ilio
386 4447 561 4512 defensore
581 4449 772 4514 matrimonii
789 4456 910 4527 utatur,
929 4452 984 4534 qui
998 4454 1194 4518 constitutus
