2838 5114
495 321 574 370 rans
596 321 754 370 sncoana.
1123 305 1186 367 405

73 448 339 531 pronuntiantem
360 467 367 513 :
386 446 520 532 querela
544 463 662 530 nempe
686 445 859 524 nullitatia,
876 445 1067 530 appellatio,
1084 453 1120 514 et
1134 463 1187 512 re·

73 563 200 628 stitutio
218 563 253 628 iu
265 562 441 646 integrum.
459 562 534 626 Duo
544 562 652 645 priora
670 559 814 626 remedia
829 559 992 626 ordinaria
1006 568 1184 626 vocantur:

74 679 211 743 tertium
240 685 372 753 autem,
400 695 440 743 co
465 675 554 762 qnod
582 677 776 762 regulariter
804 677 929 742 nonnisi
959 675 1189 742 deficientibus

74 793 205 860 duobus
215 793 379 877 prioribus
399 792 610 870 concedatur,
631 793 924 860 extraordinarium
951 813 1008 859 seu
1035 775 1189 860 subsidia·

73 910 159 974 rium
174 907 241 975 dici
259 910 351 976 solet.

603 1141 662 1218 51.

274 1365 307 1412 lie
321 1364 477 1426 appellatione
487 1369 511 1412 et
522 1364 617 1426 quarela
630 1361 745 1410 nullitatis
762 1360 787 1410 iu
800 1375 912 1424 praecata
924 1361 996 1410 cirili.

119 1613 230 1692 Quoad
244 1612 487 1692 appellationem,
505 1607 620 1674 eadem
637 1616 688 1674 est
702 1605 806 1673 civilis
820 1616 854 1674 et
872 1607 1046 1672 criminalis
1061 1627 1192 1692 proces-

74 1746 131 1796 sus
150 1745 276 1792 norma.
295 1725 391 1791 Unde
413 1743 484 1810 quaa
508 1724 596 1790 dicta
622 1729 696 1789 sunt
721 1743 819 1807 supra
841 1723 884 1789 de
908 1723 1189 1807 appellationibus,

73 1844 215 1910 relative
233 1841 275 1908 ad
295 1843 476 1908 criminales
499 1859 627 1918 causas,
648 1839 798 1907 civilibus
817 1840 916 1905 etiam
932 1837 1126 1924 applicanda
1140 1857 1194 1904 ro-

75 1961 185 2026 uiunt.

120 2074 217 2141 Idem
227 2073 404 2140 dicandum
421 2073 463 2140 de
480 2077 600 2157 qaareta
614 2075 779 2137 utilitatis.
797 2071 894 2155 Quod
908 2071 1103 2150 remedium,
1120 2093 1194 2139 cum

76 2192 188 2276 magui
211 2191 368 2257 momenti
385 2192 437 2268 sit,
457 2199 555 2276 atque
576 2190 696 2254 cursim
719 2187 890 2254 dumtaxat
905 2207 1004 2272 supra
1019 2188 1073 2276 (de
1089 2190 1195 2255 crimi-

76 2306 143 2373 nali
164 2323 319 2390 processu
335 2303 535 2389 disserendo)
556 2303 854 2382 indicatumiuerit,
876 2304 928 2369 bic
950 2279 1077 2388 plenius
1100 2325 1196 2389 expo·

77 2417 228 2489 nendum
246 2420 409 2487 duximus

123 2541 278 2622 Quasrlo
297 2542 337 2603 l'.
366 2573 411 2588 --
431 2541 604 2620 Quotapliot
623 2541 709 2602 mado
721 2544 875 2620 coatiapat
891 2543 1038 2602 scatentia
1054 2541 1192 2602 anilitas.

77 2693 124 2705 --
141 2677 157 2717 a
174 2655 339 2721 Sententia
355 2653 413 2740 (ait
427 2653 612 2738 Pellegrini,
627 2661 721 2738 parte
737 2656 768 2730 2,
785 2661 864 2718 sect.
884 2657 915 2731 3,
936 2653 1023 2719 subs.
1048 2658 1077 2731 l,
1092 2673 1125 2718 n.
1141 2651 1194 2738 79)

80 2795 97 2833 a
119 2772 211 2837 nulla
232 2771 302 2854 ipso
316 2769 390 2854 jure
410 2769 530 2835 dicitur
548 2769 663 2836 decem
686 2767 813 2836 modis:
831 2768 947 2853 primo,
966 2769 1091 2834 ratione
1111 2769 1201 2854 judi·

81 2911 97 2948 a
116 2887 174 2954 cis.
193 2885 353 2964 Secundo,
372 2885 497 2951 ratione
517 2883 760 2970 jurisdictionis.
777 2885 897 2964 Tertio,
922 2884 1050 2950 ratione
1070 2885 1197 2970 litigan-

81 3003 208 3069 atium.
232 3002 365 3084 Quarto,
380 3002 505 3066 ratione
522 3000 596 3067 loci.
612 3003 743 3082 Quinto,
761 3004 887 3070 ratione
904 3003 1071 3086 temporis.
1086 3002 1194 3080 Sexto,

81 3143 99 3180 a
117 3114 245 3184 ratione
258 3135 373 3184 causa.
393 3118 548 3202 Septuno,
568 3118 693 3184 ratione
707 3120 910 3204 quantitatis.
925 3119 1059 3196 Octavo,
1071 3119 1197 3186 ratione

84 3261 99 3292 a
120 3233 228 3300 modi.r
241 3235 343 3310 Nono,
365 3233 490 3300 ratione
507 3253 686 3328 processus.
707 3234 853 3313 Decimo,
876 3234 1001 3300 ratione
1020 3235 1196 3301 manifestae

84 3349 341 3434 aimqffilatis.»
1177 3355 1183 3368 “

131 3465 296 3531 Sententia
318 3473 368 3531 cst
391 3465 479 3532 nulla
497 3469 614 3529 ratione
626 3467 754 3546 judicia,
775 3463 916 3549 quando,
936 3463 1039 3549 judex
1068 3475 1120 3532 est
1141 3487 1199 3550 pu·

80 3581 171 3650 blice
189 3583 501 3665 excommunicatus3
518 3579 649 3667 quaudo
663 3588 715 3646 est
733 3580 880 3664 iniamis3
897 3580 1027 3666 quando
1045 3582 1199 3648 mercede

80 3707 258 3782 corruptus
272 3699 467 3764 sententiam
485 3699 723 3782 pronuntiavit3
741 3697 872 3782 quando
886 3705 937 3763 est
948 3697 1052 3763 laicus
1067 3703 1102 3763 et
1112 3695 1199 3784 judi-

82 3813 172 3879 cavit
188 3815 222 3879 iu
242 3831 338 3879 causa
355 3814 588 3897 ecclesiastiea
605 3812 735 3899 quando
750 3818 799 3878 est
824 3812 995 3880 dumtaxat
1015 3814 1140 3880 arbiter
1167 3823 1202 3880 et
1237 3873 1256 3891 ,

82 3927 310 4010 pronuntiavit
330 3946 429 4011 super
454 3928 515 3994 alia
533 3946 630 4013 quarn
657 3927 719 3994 sibi
741 3927 908 3993 commissa
935 3947 1030 3994 causa
1046 3949 1053 4012 ;
1072 3927 1202 4013 quando

86 4049 143 4109 est
159 4043 329 4110 dumtaxat
354 4043 535 4128 delegatus
553 4053 588 4110 et
602 4045 791 4112 mandatum
817 4065 882 4112 nou
907 4065 977 4111 sese
996 4043 1146 4111 extendit
1160 4045 1203 4112 ad

85 4164 166 4226 rem*
183 4161 225 4228 dc
254 4181 319 4248 qua
341 4163 580 4246 pronuntiavit3
599 4163 729 4248 quando
749 4164 972 4246 pronuntiavit
990 4169 1103 4227 contra
1126 4161 1204 4244 Epi·

85 4293 219 4359 scopum
234 4278 268 4343 iu
280 4277 501 4344 criminalibus
510 4277 632 4364 absque
645 4279 780 4362 speciali
796 4278 948 4346 mandato
962 4276 1052 4344 Sedis
1070 4277 1202 4362 aposto

88 4394 171 4457 tica.
209 4417 212 4424 ¹
