2930 5114
245 383 309 450 550
593 402 781 452 raxorerus
803 401 848 450 or
871 400 1020 450 surmus.

241 527 336 616 jectis
354 527 625 595 convenientibus
643 529 842 614 intervallis3
864 529 937 606 vei,
960 528 987 593 si
1004 527 1094 593 moiit
1108 525 1229 612 judex,
1249 531 1343 610 potest

244 665 282 712 ea
299 644 470 710 intervalla
486 645 519 708 in
538 663 640 710 unum
659 644 798 731 iungere
818 653 853 711 et
871 644 998 709 unicam
1019 644 1208 708 citationem
1225 642 1342 724 iocere3

241 760 301 828 sed
316 768 395 827 tunc
412 758 513 826 debet
537 762 721 845 exprimere
746 762 924 828 terminum
949 761 1145 844 assignatum
1168 757 1211 824 ad
1230 777 1345 842 compa·

242 875 382 943 rendum
406 897 467 938 esse
488 883 735 959 pcrcmpiorium.
764 879 821 944 list
846 885 955 944 autem
982 849 1162 943 communis
1187 873 1344 941 doctorum

242 991 419 1069 sententia,
450 990 573 1057 debere
603 993 800 1077 regulariter
823 1014 881 1060 reo
909 991 1046 1060 concedi
1071 991 1204 1057 circiter
1227 991 1345 1074 triginta

244 1110 314 1177 dies
328 1116 402 1175 ante
418 1111 673 1193 peremptorium
689 1111 874 1177 terminum.

289 1229 453 1293 Praeterea
467 1228 501 1291 in
516 1227 667 1318 citatione
684 1222 805 1294 debent
827 1227 995 1314 sequentia
1011 1226 1149 1311 exprimi
1167 1247 1174 1291 ε
1197 1227 1228 1290 1⁰
1242 1244 1348 1291 nomen

246 1346 352 1430 citati3
374 1347 408 1409 2⁰
426 1365 544 1411 nomen
567 1346 761 1412 accusatoris
779 1347 805 1411 si
823 1365 883 1431 per
905 1347 990 1411 viam
1014 1343 1226 1412 accusationis
1248 1362 1348 1428 proce·

245 1459 362 1545 datur;
379 1465 413 1527 3ο
431 1480 527 1527 causa
540 1481 640 1546 cuper
653 1481 718 1548 qua
732 1464 870 1547 citatur3
888 1465 923 1528 4⁰
939 1481 1057 1529 nomen
1075 1460 1196 1547 judicis
1210 1459 1346 1544 cidarim

247 1580 280 1643 5⁰
293 1577 386 1643 locus
404 1578 440 1641 in
461 1597 526 1663 quo
547 1577 683 1662 jubetur
709 1596 918 1664 comparere3
935 1582 971 1644 6⁰
984 1581 1012 1644 si
1026 1597 1085 1662 per
1104 1576 1267 1660 triplicem
1284 1575 1352 1640 cita·

245 1694 367 1761 tionem
388 1693 599 1778 procedatur,
625 1694 726 1762 debet
748 1696 782 1759 in
803 1697 908 1780 prima
932 1695 1086 1779 assignari
1106 1692 1267 1762 termium
1287 1711 1351 1758 oon·

246 1831 363 1896 gruus,
383 1812 439 1898 qui
458 1818 633 1896 reputatur
648 1831 719 1878 case
735 1811 852 1879 decem
870 1811 1017 1890 dicrum,
1037 1811 1165 1878 etitem
1187 1810 1223 1876 in
1237 1807 1352 1876 ductus

246 1929 316 1996 atita
333 1949 340 1995 :
357 1936 392 1994 et
415 1927 550 2014 expedit
567 1937 605 1995 ut
619 1930 653 1994 in
666 1930 770 2013 primo
788 1931 990 2016 exprimatur
1014 1927 1104 2014 quod
1124 1927 1168 1994 sit
1190 1928 1310 2011 prima,
1325 1927 1351 1989 io
1448 1985 1449 1998 ,

247 2045 389 2113 secundo
409 2046 497 2132 quod
517 2047 558 2112 eit
579 2047 740 2126 secunda,
757 2049 790 2112 io
807 2049 905 2115 tertia
921 2047 1010 2133 quod
1032 2046 1075 2112 ait
1090 2046 1207 2124 tertia,
1225 2052 1260 2110 et
1276 2040 1354 2129 quod
1448 2025 1449 2060 ³

247 2165 689 2249 terminusio‘eaaseignatue
701 2166 744 2230 sit
757 2163 997 2249 peremptorius
1009 2164 1147 2228 :sivero
1159 2181 1222 2245 per
1236 2160 1354 2228 unicam

248 2279 457 2366 procedatur,
476 2281 613 2366 exprimi
619 2259 742 2363 debet,
758 2287 797 2347 ut
810 2280 960 2360 diximus,
979 2281 1156 2348 terminum
1172 2263 1356 2364 emigratum

249 2414 318 2465 ease
337 2399 607 2482 peremptorium.

251 2545 254 2551 ·
292 2516 449 2583 Remanet
463 2523 501 2582 ut
515 2515 670 2583 formulae
686 2515 902 2602 subjiciamus.

773 2771 839 2847 §L

449 2993 533 3042 Forma
544 2991 630 3042 citandi
641 2992 694 3055 liei,
708 2991 801 3056 quondo
811 2988 947 3055 proceditur
958 2993 1113 3042 accusationis
1124 2993 1171 3042 r'rr.

298 3252 315 3290 c
334 3227 394 3294 Nos
416 3231 444 3292 N
447 3277 469 3306 .,
487 3228 643 3290 reverendi
666 3229 809 3308 Episcopi
831 3229 863 3290 N
865 3275 887 3305 .,
912 3229 1051 3289 Vicorioo
1066 3226 1218 3306 pecccatis
1233 3243 1245 3286 .·
1259 3241 1322 3288 cum
1342 3239 1359 3282 a

250 3349 369 3412 domino
381 3349 495 3410 Joaooe
511 3348 538 3409 Z
540 3347 621 3408 cloto
636 3347 720 3407 cobis
731 3349 930 3425 proescototus
948 3346 1042 3424 scierit
1056 3347 1264 3406 accusatorios
1284 3340 1359 3404 itici-

253 3469 300 3529 ics
314 3472 418 3529 contra
431 3465 584 3526 domicum
596 3463 747 3527 Andrccm
753 3465 785 3526 N
787 3511 808 3541 .,
818 3464 1105 3544 promptioremque
1120 3455 1358 3523 cccccccccc

248 3585 388 3666 pluribus
407 3583 535 3658 deliciis,
557 3583 708 3659 videlicet,
739 3583 771 3643 1⁰
793 3582 928 3661 qood...‚
954 3577 987 3642 2⁰
1000 3577 1134 3659 quod...,
1153 3585 1233 3641 cto:
1249 3591 1358 3656 accipre
1446 3591 1447 3596 ¹

251 3703 399 3784 prescias
413 3703 550 3764 dominus
564 3698 694 3762 iocarer
711 3701 819 3762 Zcioto
835 3715 896 3760 scre
910 3667 1052 3760 o'btaierit
1063 3698 1105 3758 aci
1114 3697 1274 3777 procacia
1280 3693 1359 3776 jadi—

254 3821 372 3884 cialiter
386 3823 558 3882 eortmcrttio
582 3818 704 3896 ciaiicto,
729 3819 782 3879 sci
794 3819 892 3898 porois
911 3823 1017 3878 contra
1032 3815 1358 3894 coicmciotorcrcjcrc

254 3943 402 4001 statutis:
419 3944 453 4000 ci
471 3937 569 3999 debito
581 3943 682 3999 nostro
696 3935 854 3997 rciricodoe
865 3937 997 4016 justitie
1011 3933 1248 4012 aciasaciomca,
1267 3933 1357 3993 docri-

255 4061 352 4118 vimcs
374 4060 480 4132 citare,
501 4059 594 4135 proci
615 4055 723 4115 iorum
741 4056 816 4114 serie
835 4057 961 4113 citamus
980 4052 1134 4112 domicum
1157 4051 1305 4112 Andriam
1321 4047 1354 4109 Ν.

254 4174 295 4236 ari
301 4174 502 4254 personaliter
516 4171 743 4252 comparentium
757 4185 856 4230 coram
868 4167 951 4230 nobis
963 4171 996 4228 io
1009 4167 1171 4248 episcopali
1187 4169 1272 4228 corio
1285 4163 1356 4242 infra

255 4294 386 4372 spatium
409 4293 536 4370 triptota
563 4289 690 4365 dirum,
718 4287 755 4348 ob
779 4289 969 4347 intimatione
989 4285 1186 4363 praesentium
1208 4281 1355 4362 ipsismet
1445 4355 1446 4374 Χ

255 4409 539 4486 σοιηριιταιιάονιιηι,·
554 4421 678 4485 qziorcm
694 4405 792 4467 decem
803 4419 861 4484 pro
872 4405 984 4483 primo,
1001 4401 1100 4462 circem
1110 4417 1170 4480 pro
1185 4397 1313 4472 modo,
1329 4395 1353 4453 oi
1445 4401 1446 4430 ¹

255 4525 353 4583 (tercio
364 4541 420 4602 pro
434 4527 522 4583 tertio
536 4528 564 4583 ct
576 4527 774 4602 peremptorio
789 4525 914 4582 icrmioo
928 4487 1127 4599 arripiamus,
1145 4502 1298 4580 horonico
1306 4527 1351 4592 pro
