2948 5126
523 343 602 392 rans
624 342 783 392 suenrus.
1164 329 1205 410 23

19 495 21 544 ι
117 465 164 530 ille
177 462 228 548 qui
246 460 403 545 probabat
420 481 455 528 se
480 461 645 540 bonafide
667 464 790 547 egisse,
812 469 847 529 et
862 463 1100 530 accusationem
1118 483 1208 542 suam

19 621 20 654 ,
116 576 267 644 fundatam
289 584 468 662 reputasse.
499 575 630 661 Duplex
659 595 775 664 nempe
806 575 1016 664 distinguitur
1042 578 1208 646 calumnie

19 693 20 776 ᾖ
116 695 244 779 species:
267 715 338 758 cera
358 702 393 761 et
408 701 607 778 presumpta.
627 694 847 774 Calumniator
863 715 951 759 acran
967 693 1209 763 diciturillede

115 829 171 896 quo
187 815 274 894 certo
292 817 429 890 constat,
451 809 540 896 quod
564 831 605 877 ex
625 811 751 888 malitia⁸
771 817 806 877 et
823 809 965 877 scienter
980 809 1053 877 falsi
1068 811 1211 878 criminis

19 959 20 962 ι
115 923 240 990 alterum
261 925 467 991 accusaverit
485 946 492 991 :
507 935 725 1010 presumptns,
751 927 807 1014 qui
828 947 893 994 non
914 927 1022 1012 potuit
1041 925 1211 1014 injudicio

19 1035 21 1110 ὲ
115 1041 240 1127 probare
254 1041 290 1108 id
303 1041 345 1108 de
362 1060 427 1128 quo
440 1042 538 1108 alium
556 1043 739 1110 accusabat.

150 1157 248 1223 Porro
267 1158 301 1222 in
321 1177 396 1222 casu
409 1166 603 1241 praesumpta
618 1157 788 1224 dumtaxat
804 1157 983 1240 anamma,
1005 1161 1212 1228 siaccusator

19 1255 20 1312 ι
112 1272 268 1359 probabat,
284 1293 320 1340 se
338 1271 483 1358 eujusta
504 1294 599 1340 causa
624 1281 659 1342 et
682 1296 723 1342 ex
749 1295 863 1344 errore
885 1275 1049 1362 probabili
1074 1276 1211 1345 ductum

19 1373 20 1378 ἵ
112 1387 216 1468 fuisse,
233 1396 267 1454 et
288 1387 402 1454 falsam
424 1390 681 1469 accusationem,
700 1410 764 1456 non
782 1392 934 1469 scienter,
952 1390 1012 1459 sed
1032 1391 1209 1474 bonafide,

109 1504 267 1588 protulisse
275 1526 284 1590 ;
303 1522 508 1592 nequaquam
520 1505 550 1571 ei
563 1525 660 1589 poena
670 1491 799 1572 talionis
814 1515 872 1572 aut
884 1505 952 1572 ulla
965 1507 1029 1574 alia
1043 1491 1215 1594 indigebass

109 1627 164 1684 tur.
182 1617 276 1702 Quod
285 1621 373 1686 inter
385 1620 463 1686 alios
475 1627 586 1688 textus
600 1622 676 1690 satis
690 1621 809 1707 probat
821 1620 874 1688 lex
889 1625 921 1701 3,
936 1621 1024 1690 tituli
1035 1624 1089 1704 46,
1104 1622 1212 1693 libritl

108 1734 286 1800 Justioianei
304 1733 441 1814 codicis,
458 1735 493 1800 in
507 1755 572 1822 qua
593 1736 639 1804 sic
657 1735 798 1804 habetur
818 1758 826 1802 ι
846 1741 906 1818 (ici
924 1757 984 1804 non
999 1739 1140 1820 probasse
1152 1744 1214 1802 cri·
1264 1803 1267 1808 .

107 1869 163 1914 mm
184 1854 262 1932 qnod
286 1853 418 1916 intendit
438 1858 669 1934 pronuntiatur,
704 1859 731 1916 si
756 1856 913 1917 calumniae
943 1874 1004 1918 non
1033 1856 1207 1936 damnetur,

106 1968 306 2057 detrinentum
323 1972 557 2032 existimationis
569 1987 630 2032 non
645 1974 776 2052 patitur.
795 1974 864 2034 Non
878 1974 997 2033 enimsi
1011 1990 1080 2034 rencs
1093 1971 1214 2038 absola-

107 2089 148 2148 tns
159 2091 211 2164 est,
232 2103 273 2147 cn
286 2103 319 2146 co
335 2086 397 2146 solo
416 2089 508 2147 etiam
522 2091 688 2164 acmcsator,
706 2089 760 2167 qni
775 2091 873 2168 potest
880 2089 999 2170 justam
1012 2085 1150 2152 babuisse
1163 2107 1213 2151 vc-

106 2201 197 2263 nimdi
209 2201 251 2264 ad
264 2205 378 2290 crimen
392 2204 553 2280 rationem,
571 2203 772 2264 calumniator
784 2203 948 2264 credendas
961 2209 1017 2268 est.

144 2319 250 2396 Tertio,
282 2333 380 2398 poena
399 2315 543 2396 talionis,
571 2323 670 2400 prout
690 2314 765 2402 jure
791 2316 934 2384 Romano
954 2315 1208 2410 decernebatur,

104 2429 304 2518 iujustanon
326 2433 400 2502 fuit.
433 2435 538 2513 Nam,
566 2433 621 2500 vel
645 2433 813 2500 constabat
835 2444 1058 2504 accusatorem
1084 2445 1211 2504 scienter

104 2549 324 2617 calumniatum
342 2568 432 2628 esse,
454 2548 509 2613 vel
535 2569 601 2615 non
618 2571 625 2614 :
644 2549 672 2614 si
687 2550 867 2634 posterius,
889 2569 993 2634 poenae
1008 2553 1152 2633 talionis,
1173 2564 1212 2622 ut

22 2737 27 2756 ⁸
105 2664 191 2732 modo
206 2665 331 2735 dictum
352 2672 413 2746 est,
436 2666 528 2732 locus
545 2684 611 2730 non
626 2672 724 2731 erat:
746 2666 774 2730 si
789 2666 890 2749 prius,
911 2665 1032 2754 injusta
1053 2685 1094 2733 er
1109 2669 1211 2738 nimio

105 2780 199 2866 rigore
222 2781 289 2849 dici
306 2755 421 2866 nequit
447 2777 609 2866 ejusmodi
640 2799 748 2866 poena.
778 2780 873 2864 Quod
893 2787 931 2845 ut
950 2787 1077 2866 pateat,
1105 2782 1148 2848 sit
1174 2785 1210 2849 in

105 2899 281 2982 exemplum
296 2896 414 2976 Titius,
435 2895 599 2964 homicidii
622 2914 776 2963 accusans
796 2895 923 2982 cajum,
943 2915 1041 2982 quem
1057 2897 1211 2965 innocen·

104 3020 163 3078 tem
180 3013 277 3098 plane
294 3012 409 3080 novit:
429 3020 557 3079 certum
577 3018 626 3077 est
647 3011 767 3078 hancce
788 3013 863 3078 Titii
880 3013 1118 3080 accusationem
1138 3033 1209 3082 esse

104 3147 207 3194 uerum
232 3135 269 3194 et
296 3128 429 3213 proprie
461 3126 586 3193 dictum
616 3135 784 3195 tentamen
809 3127 979 3194 occidendi
1002 3128 1210 3198 innocentem

105 3243 227 3331 (lajam',
254 3252 291 3311 et
323 3243 475 3310 eumdem
500 3243 596 3309 simul
615 3241 804 3309 infamandi.
830 3243 901 3309 lam
924 3264 1005 3310 uero
1029 3243 1210 3312 istiusmodi

104 3366 261 3429 tentamen
284 3381 381 3446 poena
405 3360 518 3426 mortis
545 3359 680 3444 dignum
702 3377 769 3423 non
792 3379 862 3426 esse
888 3373 1053 3446 nunquam
1076 3361 1210 3446 probari

104 3479 226 3561 poterit.
240 3477 322 3546 Nam
332 3475 572 3563 siponderetur
584 3474 690 3561 quoad
699 3475 852 3542 malitiam
860 3475 1079 3556 intrinsecam,
1092 3475 1209 3545 eadem

103 3603 147 3661 est
159 3616 196 3662 ac
213 3596 242 3662 si
267 3593 404 3660 effectus
424 3601 509 3660 esset
532 3600 664 3660 secutus
687 3614 694 3659 :
722 3591 802 3658 fecit
824 3594 909 3659 enim
926 3592 1027 3660 Titius
1049 3591 1208 3680 quidquid
1258 3613 1261 3618 ·

103 3715 199 3794 potuit
214 3720 254 3780 nt
272 3710 385 3798 Cajum
403 3710 489 3776 lama
502 3711 597 3779 simul
611 3717 645 3776 et
659 3709 741 3778 vitat
757 3708 923 3797 privaret;
940 3708 1074 3796 ejusque
1092 3710 1208 3776 volun-

102 3834 145 3894 tas
157 3829 190 3894 in
208 3827 327 3896 eodem
341 3827 471 3893 omnino
480 3825 650 3909 pravitatis
662 3825 765 3910 gradu
779 3825 853 3904 tuit,
873 3825 951 3891 acsi
965 3843 1036 3891 rem
1048 3825 1207 3892 intentam

103 3944 295 4024 obtinuisset,
319 3963 393 4010 cum
415 3941 457 4007 ad
482 3960 556 4008 eam
573 3941 783 4012 obtinendam
797 3941 876 4009 nihil
893 3941 1048 4007 omiserit.
1073 3940 1106 4005 Si
1125 3959 1207 4008 vero

102 4059 297 4142 ponderetur
313 4058 386 4126 talis
401 4058 472 4123 Titii
487 4064 622 4123 conatus
634 4057 737 4126 relate
748 4055 791 4122 ad
803 4055 925 4124 bonum
935 4053 1114 4141 publicum,
1130 4074 1219 4126 eum.

102 4194 190 4259 poena
206 4177 318 4245 mortis
337 4183 405 4262 Jus
407 4195 425 4240 e
446 4173 547 4260 plecti
565 4192 659 4263 posse
679 4182 771 4240 recta
789 4175 871 4240 ratio
892 4170 1018 4238 suadet
1036 4172 1117 4237 Nam
1129 4168 1207 4237 boni

102 4293 269 4375 publiciet
290 4290 451 4358 societatis
471 4291 601 4357 omnino
624 4291 761 4356 interest
785 4297 824 4355 ut
842 4287 1062 4366 innocentium
1082 4285 1150 4350 uita
1172 4290 1206 4350 et

48 4473 56 4500 ἢ
103 4407 181 4478 lama
198 4417 310 4478 contra
320 4409 402 4479 tales
413 4387 587 4477 calumniat
573 4415 681 4476 torum
693 4387 773 4477 cona
773 4411 826 4473 tus
773 4405 938 4473 tiortit
897 4411 976 4488 ettr
990 4394 1202 4491 protegatur:
