2836 5118
475 349 553 397 runs
576 349 735 399 sscuunu.
1103 343 1166 408 347

72 471 200 536 tuomum
216 469 323 550 unius,
341 471 548 556 quantumvis
570 471 636 539 ilde
652 471 759 557 digni,
784 467 941 560 adplene
967 477 1170 564 probandum

68 586 192 672 juridice
210 587 333 651 crimen
348 605 414 652 non
437 586 562 654 sufficit.
588 587 613 653 li
633 591 788 655 contrusi
808 591 875 659 duo
891 601 991 660 testes
1014 595 1101 659 omui
1116 613 1172 659 ex-

71 705 205 786 ceptione
225 702 363 788 majores
382 702 547 787 deponant
563 724 598 771 se
613 705 731 771 Titium
749 705 869 773 uidisse
890 709 956 774 tale
978 710 1100 775 crimen
1116 729 1172 794 pa·

70 827 215 895 tractem,
244 817 395 902 probatio
426 819 512 897 haec,
541 823 757 888 cantantum
784 825 918 914 proprio
944 826 1018 891 Titii
1033 825 1172 892 Praelato

70 934 213 1000 sufficiens
223 935 340 1000 marito
355 934 521 1002 videbitur
533 936 577 1002 ad
592 937 812 1004 damnandum
824 939 952 1020 Titium,
968 941 1027 1007 sed
1038 951 1072 1008 et
1085 942 1173 1026 apud

70 1059 190 1117 cataros
208 1050 337 1136 judices
359 1051 507 1118 eamdem
522 1055 589 1118 uim
604 1054 750 1122 habebit.
770 1057 847 1138 Quae
863 1055 1027 1125 distinctio
1041 1056 1174 1124 brevius

69 1170 107 1232 sic
121 1169 280 1234 enuntiari
303 1175 412 1254 potest
431 1192 438 1234 :
452 1174 654 1252 probationes,
681 1179 811 1236 scicntia
826 1195 877 1237 scu
894 1181 1088 1240 convictionis
1104 1182 1174 1258 pri-

69 1295 135 1349 oatn
149 1289 318 1367 inperanda
335 1293 397 1350 cim
413 1289 563 1366 babentes,
583 1297 612 1352 et
626 1293 816 1371 probationes
834 1297 894 1354 vim
910 1293 1048 1356 babentes
1060 1295 1173 1374 procin-

68 1406 153 1466 ccndoe
166 1407 299 1467 scientior
321 1423 372 1466 scu
392 1408 585 1467 convictionis
603 1407 743 1486 publice.
769 1406 934 1487 Quaeritur
956 1403 1172 1490 organicum

69 1519 248 1601 Episcopus,
278 1518 320 1584 ob
346 1519 553 1602 probationes
582 1519 647 1585 vim
674 1522 813 1586 scientiae
841 1527 974 1604 priuato
1005 1521 1174 1588 dumtaxat

68 1631 223 1714 habentes,
235 1636 337 1718 possit
346 1635 500 1700 clericum
512 1655 553 1701 ex
563 1637 736 1702 informata
748 1638 943 1704 conscientia
956 1636 1172 1723 suspendere?

68 1749 303 1835 Respondemus
317 1750 467 1834 negative
487 1771 494 1815 ε
515 1769 585 1834 quae
602 1749 766 1816 conclusio
781 1753 826 1816 sic
841 1751 964 1817 firmari
979 1757 1088 1836 potest
1106 1772 1113 1814 :

104 1867 274 1934 Ancumutt
295 1870 337 1931 1⁰.
352 1903 396 1914 —
419 1871 470 1930 Ecc
493 1887 526 1930 co
537 1871 614 1949 qnod
633 1887 793 1950 numquam
811 1873 913 1952 judici
937 1871 1024 1932 liccat
1047 1873 1174 1931 scicntia

65 1989 176 2064 priuato
193 1990 248 2048 'nti
272 1987 313 2047 od
331 1985 586 2047 condemnandum
610 2003 704 2048 rcum.
731 2020 774 2032 -
792 1983 871 2050 Nam
894 1987 925 2048 1⁰
948 1984 979 2048 Si
1004 1989 1118 2068 agatur
1133 1981 1175 2048 dc

66 2098 382 2182 judiciis‘crdiuuriis,
403 2099 439 2165 id
460 2106 586 2166 constat
601 2106 672 2165 tum
691 2121 732 2166 er
751 2103 894 2166 unanimi
917 2100 1089 2167 doctorum
1107 2117 1177 2186 seu·

69 2215 172 2294 tentia,
188 2223 261 2281 turn
277 2234 317 2280 en
330 2216 400 2298 ipso
416 2215 491 2300 jure
505 2216 653 2281 naturali.
673 2217 832 2310 Ductores
848 2206 988 2295 scilicet,
1008 2215 1088 2282 dum
1104 2227 1176 2283 cam

68 2334 267 2415 questionem
282 2331 484 2415 expendunt,
507 2352 548 2396 an
561 2331 663 2416 judex
682 2334 893 2416 pronuntiare
911 2340 1064 2399 teneatur
1082 2331 1176 2418 juxta

69 2443 192 2530 allegata
211 2449 246 2512 in
261 2464 432 2531 processu,
451 2469 492 2512 an
507 2467 587 2514 vero
602 2449 701 2531 possit
723 2449 820 2513 ctiam
833 2465 903 2514 sese
919 2468 960 2513 en
976 2447 1103 2530 privata
1118 2450 1177 2513 suia

70 2563 188 2628 scientia
199 2563 368 2646 dirigere,
394 2562 598 2648 distinguunt
619 2565 706 2630 inter
729 2565 921 2630 sententiam
944 2563 1175 2629 absolutorium

70 2685 98 2742 et
109 2679 299 2746 sententiam
317 2678 626 2746 condemnatoriam.
651 2681 683 2745 Si
699 2689 814 2765 agatur
827 2679 869 2747 de
884 2677 1082 2746 absolvendo
1103 2697 1172 2756 reu,

69 2791 96 2854 in
109 2794 266 2879 triplicem
283 2796 467 2880 opinionem
491 2794 684 2862 scinduntur
705 2818 712 2862 :
732 2789 836 2880 posito
858 2813 977 2878 nempe
995 2791 1084 2879 quod
1099 2812 1176 2877 pro·

70 2907 248 2979 bationesiu
259 2911 385 2996 judicio
397 2910 547 2978 deducta
562 2912 756 2978 sufficientes
767 2914 831 2977 sint
841 2911 935 2997 juxta
949 2909 1022 2996 jura
1040 2918 1079 2976 ut
1097 2930 1175 2979 reus

71 3027 268 3096 condemnari
289 3029 422 3107 debeat,
440 3037 602 3096 ettamen
623 3027 727 3115 judex
749 3049 790 3094 ex
812 3029 938 3111 privata
963 3046 1020 3092 sua
1041 3028 1174 3094 scientia

72 3152 151 3211 certo
165 3145 245 3211 sciat
264 3143 371 3230 ipsum
390 3146 550 3212 insontem
571 3164 658 3230 esse;
676 3145 729 3210 alii
744 3143 858 3210 dicunt
872 3161 938 3208 non
951 3143 1052 3210 licere
1072 3141 1174 3228 judici

63 3255 107 3323 'ob
129 3264 286 3344 privatam
312 3261 399 3327 illam
422 3261 587 3328 scientiam
613 3279 706 3327 reum
730 3261 919 3345 absolvere3
946 3259 1000 3326 alii
1022 3267 1175 3326 econtra

72 3376 218 3445 sustinent
228 3379 335 3443 teneri
347 3375 489 3463 judicem
501 3377 543 3442 ad
556 3396 650 3445 reum
664 3375 917 3460 absolvendum
932 3385 966 3442 et
978 3377 1031 3441 alii
1041 3373 1175 3440 tandem

71 3487 146 3557 inter
160 3494 292 3559 crimina
313 3493 566 3578 distinguentes,
586 3492 693 3579 quoad
709 3491 857 3579 quaedam
879 3491 1055 3578 maJ'oribus
1071 3491 1176 3577 poenls

72 3605 195 3676 obnoxia
218 3610 421 3679 contendunt
443 3629 537 3694 posse
560 3617 595 3676 et
617 3610 739 3677 debere
761 3609 905 3695 judicem
921 3609 1103 3692 expriuata
1118 3626 1175 3673 sua

72 3724 192 3793 scientia
207 3725 277 3794 s'ese
300 3727 440 3812 dirigere
457 3734 491 3793 et
506 3745 599 3793 reum
615 3727 796 3805 absoluere,
822 3745 918 3792 secus
940 3733 1051 3790 autem
1066 3721 1176 3808 quoad

73 3840 125 3908 alia
141 3867 148 3911 :
163 3845 204 3912 de
227 3865 293 3932 quo
312 3843 387 3911 vide
411 3864 483 3933 quae
502 3844 641 3910 diximus
667 3863 764 3927 supra
791 3842 895 3930 (parte
926 3847 953 3920 l,
979 3842 1122 3907 sectione
1141 3841 1171 3918 5,

75 3962 167 4043 capite
186 3965 214 4040 l,
232 3968 247 4042 ἕ
264 3962 297 4040 4,
313 3981 346 4024 n.
366 3959 410 4046 5).
427 3962 453 4027 Α
481 3981 560 4026 vero
574 3959 704 4046 quando
720 3961 884 4026 inversum
900 3976 1010 4024 casum
1024 3955 1176 4022 doctores

76 4073 267 4158 expendunt,
294 4087 406 4143 utrum
428 4094 547 4162 nempe
571 4077 672 4162 judici
694 4077 792 4142 liceat
816 4074 1032 4141 condemnare
1059 4093 1172 4152 reum,

76 4209 160 4276 quem
173 4216 212 4262 ex
225 4198 352 4283 priuata
365 4215 422 4263 suu
437 4197 569 4262 scientia
590 4203 681 4261 certo
695 4196 755 4263 scit
768 4192 924 4261 delictum
938 4201 1099 4277 patrasse,
1117 4189 1176 4256 sed

78 4319 177 4377 contra
194 4331 292 4398 quem
314 4312 403 4377 nulla
424 4311 583 4378 sufficiens
602 4311 752 4395 probatio
767 4309 933 4395 injudicio
949 4306 1091 4374 adducta
1103 4313 1172 4389 est;

78 4441 174 4496 omncs
187 4450 251 4498 uno
266 4439 426 4497 concentu
441 4429 622 4498 exclamant
637 4447 701 4494 nou
713 4428 823 4494 licere.
840 4429 880 4492 tit
893 4426 1010 4492 merito
1024 4420 1172 4514 'quidem5
