2848 5118
263 377 326 437 208
607 385 794 432 racemus
817 386 860 430 nn
882 383 1030 430 runicus.

263 523 387 602 pturas.
402 513 511 577 »Hinc
524 512 625 575 semel
637 511 811 594 propositis
827 518 892 574 eta
906 507 1016 592 judice
1031 507 1207 590 acceptatis
1220 509 1355 585 articulis,

263 649 362 715 super
375 629 413 693 iis
427 634 539 711 postea
553 624 723 691 debebunt
741 625 782 689 ab
798 625 990 689 articulante
1007 621 1156 706 produci,
1178 629 1214 688 et
1231 621 1357 707 ajudiee

263 745 437 812 examplari
451 750 552 808 testes
567 749 602 807 et
615 743 840 806 instrumenta.

309 865 342 928 3.
359 858 542 924 Positiones
557 874 627 940 quae
647 856 688 921 ab
702 854 839 920 adversa
854 861 948 938 parte
964 863 1136 938 negantur,
1155 854 1216 919 hoc
1226 855 1360 938 ipsoera·

264 975 348 1042 dunt
368 973 511 1056 articuli;
533 971 685 1056 quiahoc
701 961 771 1054 ipso
787 968 876 1054 quod
901 978 1074 1052 negentur,
1102 977 1250 1036 remanet
1264 989 1360 1035 earum

264 1093 385 1157 veritas
403 1087 569 1173 probanda
585 1106 646 1169 per
660 1093 762 1151 testes
778 1094 834 1150 aut
850 1087 1077 1152 instrumenta.

310 1209 341 1271 4.
357 1204 507 1272 Formula
531 1202 695 1268 scribendi
721 1203 896 1284 positiones
921 1208 969 1266 est
991 1201 1216 1286 hujuscemodi
1241 1223 1248 1266 :
1279 1207 1360 1266 Titius

265 1333 348 1388 octor
366 1323 429 1409 (rel
439 1317 525 1403 reus)
540 1326 627 1402 pontt
644 1323 718 1398 l...,
739 1321 815 1397 2...‚
839 1326 894 1381 etc.
899 1367 909 1397 ‚
924 1326 953 1380 ct
962 1321 1099 1399 postntot
1112 1325 1294 1399 interrogari
1300 1338 1360 1400 por·

267 1448 323 1501 tem
338 1440 506 1513 aduncam,
524 1457 564 1499 on
590 1435 769 1512 confiteatur
786 1453 885 1508 necne,
904 1453 975 1495 ocra
1000 1453 1061 1495 esse
1074 1439 1233 1514 prcerntrro
1247 1440 1357 1495 asserto.

264 1549 537 1635 Respondendum
569 1557 677 1613 autem
705 1555 754 1612 est
782 1547 916 1630 singulis
932 1545 1143 1629 positionibus
1163 1565 1224 1630 per
1240 1546 1360 1611 verbum
1415 1593 1416 1628 ,

263 1671 350 1732 erecto
365 1668 597 1731 velnonerecto.
1415 1633 1416 1656 Χ

310 1786 341 1849 5.
356 1780 506 1848 Formula
530 1778 696 1844 scribendi
716 1779 871 1843 articulos
891 1781 941 1842 est
970 1776 1216 1862 hujuscemodi:
1236 1783 1357 1842 Titias...

258 1903 388 1983 probare
408 1901 539 1962 intendit
560 1900 634 1976 l...,
657 1899 732 1971 2...,
751 1905 807 1958 etc.
829 1899 870 1958 Et
888 1897 1034 1975 producet
1049 1897 1148 1973 quood
1170 1897 1199 1970 1,
1225 1902 1310 1957 testes
1327 1897 1358 1958 Ν.

262 2025 292 2080 et
304 2021 364 2095 Ν.,·
375 2019 473 2098 quooct
490 2018 508 2078 2
524 2022 552 2076 et
568 2017 599 2093 5,
626 2021 714 2076 testes
729 2016 767 2076 N.
786 2019 815 2074 ct
832 2015 860 2075 N
863 2060 885 2089 .,
901 2031 1012 2074 necnon
1027 2015 1305 2086 triotnstrnmcnto,
1315 2017 1358 2072 cte.

312 2163 325 2186 a
343 2133 391 2196 De
402 2130 476 2215 jure
493 2129 664 2202 communi,
681 2127 726 2190 ait
741 2125 953 2208 Pellegrinus,
973 2123 1128 2189 articulus
1140 2122 1277 2188 differta
1292 2123 1362 2207 posi·

270 2278 282 2302 a
299 2249 406 2330 tioue;
422 2247 496 2331 quia
512 2245 628 2329 positio
647 2243 780 2325 respicit
799 2242 899 2306 solam
911 2241 1145 2305 confessionem
1162 2241 1273 2324 partis,
1291 2239 1361 2303 etit

270 2362 518 2448 «perverbum
545 2367 642 2444 pontt,
672 2358 714 2424 ad
736 2358 797 2422 hoc
813 2366 851 2422 ut
875 2375 997 2440 ponens
1014 2357 1185 2423 relevetur
1209 2357 1250 2422 ab
1277 2373 1360 2422 onere

269 2508 281 2539 ι
300 2478 470 2563 probandi,
484 2478 510 2542 si
521 2495 596 2560 pars
608 2471 811 2539 confiteatur.
829 2473 917 2560 (Cap.
933 2477 1114 2552 statuimus,
1124 2475 1162 2536 cte
1175 2476 1357 2553 consessione,
1414 2533 1415 2542 ,

271 2625 282 2648 «
300 2597 333 2660 in
348 2592 395 2678 6.)
409 2594 577 2658 Articulus
592 2611 671 2658 vero
688 2591 725 2654 lit
740 2609 800 2673 per
816 2589 952 2655 verbum
976 2592 1108 2654 Probare
1119 2593 1261 2666 tntencttt,
1279 2597 1362 2653 etro
1414 2577 1415 2672 i

270 2705 394 2789 «spicit
426 2701 634 2787 probationes
653 2699 818 2766 faciendas
845 2719 905 2784 per
924 2707 1025 2791 testes
1048 2700 1102 2766 vel
1127 2701 1317 2784 scripturas,
1336 2698 1361 2760 in

271 2839 375 2886 «casu
404 2838 469 2904 quo
497 2817 672 2900 positiones
687 2823 860 2899 negentur.
886 2845 895 2866 ιι
921 2815 1042 2900 (Parte
1073 2816 1110 2892 2,
1144 2821 1226 2880 sect.
1249 2817 1278 2893 2,
1298 2811 1360 2878 sub
1414 2817 1415 2840 ¹

256 2929 447 3012 'sect.4,n.
474 2931 539 3016 tt.)
575 2933 577 2938 ’
1414 2909 1415 2942 ἢ

248 3045 252 3082 ²
309 3054 341 3117 6.
355 3051 452 3134 Jungi
466 3051 499 3113 in
512 3069 612 3113 uuum
640 3055 774 3132 possunt
801 3048 932 3113 articuli
949 3055 984 3111 et
997 3046 1183 3129 positiones,
1202 3048 1289 3133 quod
1302 3045 1359 3111 lieri

265 3168 348 3232 solet
359 3165 419 3230 hac
433 3165 573 3229 formula
593 3185 600 3228 :
619 3169 773 3229 Titine...
790 3171 893 3245 pontt,
919 3170 967 3242 et,
987 3171 1132 3244 quatenns
1146 3173 1279 3246 nepetae,
1300 3181 1359 3245 pre

266 3285 335 3346 bare
350 3285 480 3346 intenttt
501 3288 575 3359 l...,
597 3281 674 3356 2...‚
689 3287 745 3344 cte.
770 3312 782 3332 «
806 3279 991 3343 Communis
1005 3279 1147 3361 practica
1164 3288 1225 3358 est,
1246 3276 1360 3344 aitPel·

271 3396 445 3480 «legrinus
465 3394 547 3480 (loco
561 3395 630 3472 eit,
652 3413 684 3456 n.
710 3390 774 3476 13),
803 3391 891 3477 quod
906 3391 1055 3457 advocati
1073 3411 1130 3457 seu
1150 3400 1358 3476 procuratores

272 3542 284 3564 «
301 3510 425 3574 faciunt
439 3507 591 3573 articulos
616 3523 678 3590 per
695 3506 807 3584 rerba,
830 3515 901 3569 item
922 3513 1012 3588 pontt
1033 3514 1063 3569 et
1079 3510 1209 3589 probare
1233 3509 1355 3572 intendit.

272 3657 283 3680 a
301 3625 379 3707 Quae
396 3624 499 3690 verba
518 3623 652 3700 faciunt,
671 3629 708 3688 ut
724 3625 750 3687 si
766 3643 842 3705 pars
853 3623 1050 3689 confiteatur
1068 3623 1102 3688 id
1121 3624 1211 3708 quod
1233 3633 1281 3690 est
1297 3621 1358 3686 arti·

272 3772 284 3794 a
302 3740 454 3814 colatum,
472 3737 555 3802 tales
578 3738 705 3803 articuli
732 3737 910 3803 succedunt
924 3737 995 3804 loco
1019 3739 1215 3820 positionum
1233 3762 1239 3804 :
1256 3742 1357 3804 sivero
1413 3759 1414 3806 ἢ

271 3854 476 3938 «negaverit,
492 3860 570 3916 tunc
581 3851 764 3918 succedunt
772 3852 845 3918 loco
856 3853 1079 3931 articulorum,
1094 3861 1128 3917 et
1138 3872 1239 3936 super
1247 3855 1289 3918 eis
1298 3869 1357 3917 cra·
1412 3819 1414 3876 Δ

270 4006 283 4028 a
300 3973 465 4037 minantur
482 3975 595 4033 testes.
615 3997 628 4021 »
647 3967 786 4047 Quando
801 3966 959 4050 praedicto
976 3965 1074 4032 modo
1088 3967 1185 4033 simul
1197 3968 1356 4052 iunguntur

263 4087 436 4172 positiones
454 4093 488 4149 et
502 4084 640 4160 articuli,
659 4103 724 4147 non
742 4102 817 4148 raro
843 4085 911 4149 solo
930 4085 1057 4149 nomine
1081 4088 1291 4164 orttcntororn,
1313 4077 1356 4142 vel

264 4206 362 4271 etiarn
376 4203 445 4268 solo
470 4203 598 4265 nomine
622 4207 807 4282 positionem
821 4209 1062 4284 nuncupantur,
1085 4204 1265 4285 prasertim
1285 4192 1355 4282 apud

263 4329 413 4386 auctores
426 4319 482 4402 qui
494 4317 600 4380 minus
616 4325 765 4380 accurato
780 4315 934 4400 loquendi
951 4315 1049 4382 modo
1061 4319 1109 4382 uti
1123 4320 1240 4384 solent.

309 4435 388 4502 7.1n
399 4431 558 4499 criminali
570 4449 736 4514 processu,
751 4433 890 4512 articuli,
908 4432 1121 4517 positionibus
1131 4433 1265 4516 praeiato
1274 4425 1353 4496 nodo
