2930 5114
519 367 598 415 PARS
620 366 778 416 SECUNDA.

612 619 679 696 §L

127 850 211 898 Fornta
223 848 253 898 ab
267 846 362 896 arbitris
376 843 475 896 tuenda
488 845 518 894 ab
532 843 621 892 initiato
634 856 747 906 processu
761 843 878 908 usquead
892 843 1027 894 sententient
1044 843 1169 906 exclusive.

137 1085 166 1148 1.
184 1080 315 1148 Debent
326 1078 509 1163 procedere
518 1077 560 1146 ad
570 1097 706 1145 examen
715 1079 859 1158 testium,
874 1085 908 1143 et
918 1076 1204 1156 documentorum,
1278 1089 1281 1094 ·

92 1217 158 1284 quae
174 1197 341 1280 excipiens
355 1197 389 1261 in
409 1192 762 1271 suolibelloindicavit
780 1193 821 1258 od
841 1193 1049 1277 probandum
1062 1193 1105 1261 de
1119 1193 1208 1262 facto

92 1313 289 1380 inimicitiam
304 1313 446 1382 existere
461 1312 566 1394 ipsum
581 1311 668 1376 inter
684 1317 719 1374 et
735 1309 878 1394 judicem
895 1319 1093 1376 recusutum.
1112 1309 1209 1392 Quod

93 1429 163 1495 fieri
173 1436 208 1496 et
221 1428 256 1492 in
271 1428 352 1494 actis
365 1427 484 1492 referri
499 1433 607 1510 potest
624 1425 658 1490 in
676 1425 761 1490 hunc
781 1425 937 1491 modum:
962 1450 978 1488 ι(
993 1430 1210 1508 consequenter

94 1549 286 1610 decreverunt
301 1547 417 1610 donnini
439 1546 550 1606 arbitri
573 1545 615 1605 ad
633 1561 758 1605 scarnen
775 1548 911 1620 testium,
935 1563 955 1604 a
973 1551 1127 1622 recusante
1137 1563 1211 1625 pro-

94 1667 262 1743 ductorum,
277 1665 435 1726 devenire:
449 1667 630 1744 quapropter
645 1667 766 1722 vocatus
779 1662 918 1723 dominus
932 1663 972 1724 N.
988 1666 1073 1723 testis
1087 1667 1213 1723 interro·
1284 1675 1287 1680 “

95 1787 183 1861 patus
194 1784 251 1858 est,
268 1785 297 1842 et
311 1779 465 1860 respondit
479 1782 514 1839 ut
523 1781 673 1856 sspiritum
684 1779 726 1839 ud
737 1777 890 1856 peneraiia
900 1794 911 1838 .·
926 1781 1130 1857 interropotas
1141 1796 1213 1857 qne

93 1899 178 1960 noda
200 1903 382 1973 vacatur...,
402 1900 487 1956 ete.»
513 1891 559 1978 (et
574 1889 611 1956 bt
627 1888 710 1956 iilud
725 1910 862 1956 examen
877 1893 1028 1971 testium,
1049 1899 1084 1958 et
1098 1899 1214 1977 postes

96 2011 296 2097 comparatio
306 2011 551 2093 scripturarum,
564 2008 648 2074 aaut
658 2007 692 2072 in
708 2007 777 2074 aliis
793 2007 965 2076 ordinariis
977 2007 1206 2094 processibus).

123 2130 171 2192 ’2.
190 2126 323 2193 Debent
337 2131 450 2209 postea
469 2123 585 2190 arbitri
601 2122 747 2209 judicem
770 2133 955 2191 recusutum
971 2144 1117 2205 monere,
1136 2133 1174 2190 ut
1188 2125 1215 2190 si

97 2240 175 2328 quid
198 2240 434 2328 opponendum
451 2239 571 2306 habeat
587 2240 835 2324 allegationibus
860 2244 1055 2321 recusantis,
1074 2249 1109 2306 et
1123 2242 1215 2307 testi-

97 2359 212 2426 moniis
225 2356 407 2442 productis,
426 2351 508 2422 iliud
523 2363 694 2440 proponat.
716 2355 813 2438 Quod
829 2356 901 2422 fieri
913 2357 1047 2440 poterit,
1063 2364 1099 2422 et
1117 2354 1215 2424 scribi

98 2476 129 2540 in
149 2477 244 2553 actis,
265 2475 326 2540 hoc
342 2472 465 2540 modo:

142 2615 158 2652 «
170 2596 282 2656 Postea
295 2593 372 2654 dicii
381 2593 496 2654 domini
508 2594 631 2670 arbitri,
644 2610 760 2672 aquarn
772 2609 833 2652 esse
843 2598 993 2654 censentes
1003 2593 1112 2654 audire
1125 2595 1216 2656 etiam

97 2709 293 2772 renereradunt
306 2710 461 2770 dominnm
474 2711 513 2772 N.
518 2756 530 2787 ,
542 2710 676 2789 judicem
695 2716 874 2788 recusatam,
892 2717 928 2772 nt
950 2715 978 2772 si
1000 2711 1075 2791 quial
1097 2710 1218 2774 baberet

97 2825 302 2906 opponendum
310 2825 551 2908 probationibus,
569 2825 730 2905 aproefato
747 2826 867 2888 domino
878 2829 919 2890 Ν.
936 2833 1090 2890 recusante
1105 2828 1207 2907 produ

96 2948 163 3022 ctis,
187 2942 268 3004 titan
280 2959 446 3022 proponere
462 2946 575 3022 posset,
601 2942 820 3004 mandaverant
835 2942 911 3004 mibi
928 2947 1076 3022 actuario,
1098 2950 1134 3006 ni
1147 2949 1216 3006 actu

97 3076 197 3120 corant
211 3063 383 3120 memoratis
409 3059 536 3120 arbitris
554 3057 702 3138 bacasque
714 3063 798 3139 pecta
815 3059 857 3122 ad
868 3066 1063 3123 memoratum
1081 3079 1217 3124 reveren·

97 3177 169 3238 darn
192 3177 234 3238 N.
238 3223 249 3254 ,
273 3177 425 3238 Vicarinna
439 3177 623 3256 pereutere,
639 3177 803 3256 deferrem,
822 3183 851 3240 et
874 3196 909 3238 ea
928 3179 1081 3240 lustrandi
1102 3182 1217 3260 copiam

96 3294 147 3355 itti
164 3295 305 3372 facerent.
322 3295 387 3372 Quo
399 3293 542 3355 naandato
550 3311 609 3374 per
624 3312 671 3356 rna
685 3296 813 3375 eapteto,
834 3297 913 3358 idern
933 3297 1112 3360 reverendus
1135 3299 1218 3360 Vicu-

97 3415 162 3472 rins
179 3409 341 3492 petieratis,
361 3413 436 3470 aisis
453 3415 483 3471 et
501 3417 638 3472 narrate
649 3413 791 3492 perlectis
811 3417 899 3491 actis,
918 3418 1036 3493 pretias
1052 3418 1126 3495 epit.
1141 3416 1216 3478 Actu

96 3536 168 3591 sant
187 3527 249 3590 aaa
262 3529 368 3606 die...,
390 3532 555 3608 mensis...,
577 3547 698 3594 anm...
714 3532 832 3611 -Epo
848 3533 903 3608 N„
923 3536 1122 3596 actuarius.»

66 3726 70 3734 Ι
142 3645 176 3710 3.
203 3641 236 3707 Si
256 3639 377 3726 judex,
396 3643 551 3725 perlectis
572 3644 668 3722 actis,
696 3642 818 3711 dixerit
832 3663 867 3710 se
880 3645 961 3710 nihil
985 3644 1214 3729 opponendum

97 3757 236 3837 habere,
251 3765 325 3841 post
341 3777 439 3824 voces
455 3765 573 3841 pretias
588 3767 660 3842 epit,
681 3759 782 3827 addat
802 3763 978 3840 actuarius,
989 3769 1018 3825 et
1037 3766 1120 3826 dicit
1134 3763 1216 3826 nibil

98 3879 157 3940 sibi
168 3893 321 3938 arcnrrere
333 3878 537 3958 opponendum
550 3883 655 3940 contra
668 3885 866 3942 recusantem.
882 3877 936 3942 Sin
951 3884 1062 3944 eutem
1074 3879 1216 3946 rationes

98 3991 278 4056 contrarias
288 3989 369 4056 velit
382 4008 574 4076 proponere,
589 3992 660 4058 illas
673 3991 775 4060 accito
786 3993 932 4059 actuario
946 3995 1082 4078 scriptas
1091 3994 1213 4074 tradat,

98 4107 232 4174 arbitris
250 4105 502 4190 presentandus.
522 4105 619 4188 Quod
641 4107 715 4174 fieri
732 4111 854 4194 poterit
880 4108 975 4194 juxta
990 4109 1073 4178 hanc
1097 4110 1218 4177 formu·

97 4224 164 4289 lam
183 4245 191 4288 :
269 4223 271 4228 ’

127 4379 129 4386 ι
148 4362 166 4400 c
185 4341 326 4430 Aenean
345 4359 499 4419 mensenj
515 4341 621 4420 aie...,
640 4345 819 4406 reuerendus
833 4346 864 4426 N
867 4391 889 4422 .‚
908 4346 1214 4426 Vicariuspenerulis,

100 4475 148 4518 nae
165 4457 397 4538 infrascriptam
413 4475 518 4520 uocare
529 4459 612 4538 fecit,
631 4466 659 4522 et
673 4460 749 4522 naibi
771 4464 957 4542 comipnauit
971 4467 1167 4544 scripturam,
1186 4467 1219 4526 in

249 4569 279 4624 u.
1065 4575 1100 4631 56
