2838 5114
492 359 571 410 elas
593 361 750 410 secunus.
1113 351 1177 412 365

83 492 204 556 evenire
228 495 335 574 potest
361 489 406 575 (et
430 507 503 555 meo
523 489 656 574 quidem
672 489 794 575 judicio
812 489 1010 572 probabilius
1036 489 1176 574 eveniet)

79 616 110 672 nt
124 605 264 672 eamdem
283 615 478 690 potestatem
498 605 553 672 diu
574 607 717 672 Ecclesia
740 616 964 673 conservatam
987 609 1077 672 velit.
1106 609 1178 689 Quo
1204 693 1215 704 .

78 743 154 801 casu,
179 725 234 808 qui
262 731 480 808 opportunam
509 743 568 808 pro
598 743 684 788 nunc
711 721 970 789 immutationem
996 725 1173 803 sustinent,

77 860 106 905 se
121 859 241 905 errasse
256 859 432 924 agnoscere
456 839 637 906 debebunt.
653 839 804 924 ,Quarum
827 858 888 923 ego
912 840 1098 922 opinionum
1122 859 1179 906 ua-

77 955 168 1020 lorem
194 956 384 1040 expendere
415 956 600 1021 nullatenus
624 956 729 1034 volui,
761 954 820 1021 sed
846 962 971 1020 tantum
1004 954 1174 1034 adnotare,

76 1071 144 1155 quid
157 1073 338 1138 necessario
356 1071 536 1137 tenendum
559 1073 623 1148 sit,
654 1068 775 1155 quidve
808 1071 848 1134 sit
871 1069 982 1135 liberas
1002 1070 1178 1154 opinationi

75 1187 223 1253 relictum.

383 1665 733 1761 SUBSECTIO
775 1665 855 1760 lV.

59 1943 201 2016 'dorma
223 1970 414 2046 processus
448 1944 647 2018 criminalis
675 1955 797 2016 contra
825 1944 1026 2016 hereticam
1050 1947 1179 2044 pravi·

115 2081 218 2144 tatem
230 2123 244 2162 ‚
275 2074 515 2170 inquisitionis
551 2097 613 2145 seu
650 2073 763 2144 suncti
793 2069 906 2170 officii
943 2069 1180 2144 tribunalibus

109 2223 271 2296 propriu.

110 2475 177 2541 Non
190 2478 356 2542 existimet
370 2477 478 2544 lector
493 2497 550 2543 nos
562 2477 613 2542 bic
626 2475 668 2542 de
683 2495 721 2542 re
732 2485 859 2542 mortua
877 2484 912 2542 et
927 2474 969 2539 de
984 2474 1179 2541 medio'sub

73 2591 129 2656 lata
153 2592 425 2678 disceptationem
452 2596 633 2659 instituere.
659 2595 727 2659 Etsi
758 2593 843 2658 enim
874 2591 974 2658 Sedes
997 2591 1179 2674 Apostolica

71 2705 251 2788 jamdudum
277 2709 410 2776 desierit
437 2710 710 2776 extraordinarios
734 2709 804 2774 illos
824 2707 970 2793 judices,
988 2713 1179 2789 inquisitores

72 2827 213 2890 strictiori
231 2826 374 2913 quodam
401 2835 496 2893 sensu
512 2835 732 2910 nuncupatos,
751 2843 812 2909 per
827 2826 1009 2909 provincias
1026 2826 1175 2903 mittere,

73 2943 119 3023 qui
140 2943 301 3010 baereticae
325 2945 495 3027 pravitatis
520 2963 594 3009 reos
620 2943 826 3026 perquirant,
857 2950 890 3007 et
915 2940 1008 3026 juxta
1038 2941 1178 3006 formum

73 3058 170 3140 quoad
192 3059 366 3144 ejusmodi
379 3060 561 3124 criminales
581 3078 692 3124 causas
717 3060 935 3142 prescriptam
954 3057 1123 3143 judiceut;
1144 3066 1179 3123 at

74 3192 269 3261 nequaquam
283 3176 401 3240 sublati
415 3175 583 3258 Episcopi,
607 3175 662 3258 qui
678 3194 717 3238 ex
740 3175 808 3259 ipsa
823 3193 880 3238 sua
896 3173 1058 3239 ordinaria
1081 3173 1177 3259 juris-

74 3287 203 3358 dictione
231 3299 308 3356 sunt
321 3291 527 3375 inquisitores
545 3291 631 3366 nati,
651 3290 771 3374 quique
787 3308 851 3353 nou
873 3296 1001 3354 tantum
1017 3300 1173 3373 possunt,

73 3405 124 3470 sed
147 3407 270 3474 debent
289 3408 337 3495 (ut
361 3425 437 3470 mor
458 3402 662 3488 ostendetur)
681 3403 878 3488 peculiarem
899 3406 985 3471 illam
1007 3425 1177 3489 processus

74 3541 218 3603 normam,
237 3543 308 3611 quae
324 3545 342 3590 a
357 3524 654 3608 legeecclesiastica
668 3538 729 3604 pro
742 3521 932 3586 coercendis
947 3529 1060 3587 contra
1074 3522 1175 3588 iidem

74 3637 189 3706 delictis
204 3641 422 3708 determinata
438 3648 505 3718 est,
526 3637 702 3705 hodiedum
717 3637 904 3702 observare.
930 3639 1009 3702 Hinc
1027 3639 1060 3702 in
1078 3657 1177 3722 expo-

74 3758 177 3822 nendis
195 3759 291 3823 trariis
306 3761 546 3822 estraordiuorii
556 3775 710 3838 processus
723 3757 891 3818 criminalis
902 3755 1089 3837 speciebus,
1110 3758 1179 3821 nul-

73 3873 189 3940 latenus
206 3877 261 3942 illa
281 3854 487 3960 pretermitti
511 3873 636 3949 debuit,
659 3891 755 3956 quam
776 3873 883 3936 Sancti
908 3870 1010 3937 Officii
1032 3872 1179 3940 tribuna·

73 3988 148 4056 libus
163 3993 327 4076 propriam
341 3990 393 4076 jus
412 3991 666 4057 ecclesiasticum
681 3987 771 4054 fecit.
