<?xml version="1.0" encoding="UTF-8"?>
<!DOCTYPE html PUBLIC "-//W3C//DTD XHTML 1.0 Transitional//EN"
    "http://www.w3.org/TR/xhtml1/DTD/xhtml1-transitional.dtd">
<html xmlns="http://www.w3.org/1999/xhtml" xml:lang="en" lang="en">
 <head>
  <title>
</title>
<meta http-equiv="Content-Type" content="text/html;charset=utf-8" />
  <meta name='ocr-system' content='tesseract 3.04.00' />
  <meta name='ocr-capabilities' content='ocr_page ocr_carea ocr_par ocr_line ocrx_word'/>
</head>
<body>
  <div class='ocr_page' id='page_1' title='image "./tractatusdejudi01bouigoog_0479.png"; bbox 0 0 2878 5114; ppageno 0'>
   <div class='ocr_carea' id='block_1_1' title="bbox 273 335 1040 404">
    <p class='ocr_par' dir='ltr' id='par_1_1' title="bbox 273 335 1040 404">
     <span class='ocr_line' id='line_1_1' title="bbox 273 335 1040 404; baseline 0.005 -8"><span class='ocrx_word' id='word_1_1' title='bbox 273 335 338 397; x_wconf 75' lang='lat'><strong>470</strong></span> <span class='ocrx_word' id='word_1_2' title='bbox 617 354 804 404; x_wconf 74' lang='lat' dir='ltr'><strong>morinos</strong></span> <span class='ocrx_word' id='word_1_3' title='bbox 826 355 870 402; x_wconf 84' lang='lat' dir='ltr'><strong>nn</strong></span> <span class='ocrx_word' id='word_1_4' title='bbox 891 355 1040 404; x_wconf 77' lang='lat' dir='ltr'><strong>runicus.</strong></span> 
     </span>
    </p>
   </div>
   <div class='ocr_carea' id='block_1_2' title="bbox 238 473 1423 3115">
    <p class='ocr_par' dir='ltr' id='par_1_2' title="bbox 270 473 1366 676">
     <span class='ocr_line' id='line_1_2' title="bbox 270 473 1366 564; baseline 0.002 -25"><span class='ocrx_word' id='word_1_5' title='bbox 270 473 619 552; x_wconf 64' lang='lat' dir='ltr'><strong>coroniacensem</strong></span> <span class='ocrx_word' id='word_1_6' title='bbox 637 477 873 562; x_wconf 79' lang='lat' dir='ltr'><strong>professionum</strong></span> <span class='ocrx_word' id='word_1_7' title='bbox 899 478 1064 562; x_wconf 82' lang='lat' dir='ltr'><strong>appellare</strong></span> <span class='ocrx_word' id='word_1_8' title='bbox 1090 473 1204 544; x_wconf 84' lang='lat' dir='ltr'><strong>debet.</strong></span> <span class='ocrx_word' id='word_1_9' title='bbox 1230 477 1366 564; x_wconf 80' lang='lat' dir='ltr'><strong>(Budrit</strong></span> 
     </span>
     <span class='ocr_line' id='line_1_3' title="bbox 271 589 403 676; baseline -0.015 -20"><span class='ocrx_word' id='word_1_10' title='bbox 271 589 403 676; x_wconf 76' lang='lat' dir='ltr'><strong>aotam.)</strong></span> 
     </span>
    </p>

    <p class='ocr_par' dir='ltr' id='par_1_3' title="bbox 268 708 1367 1257">
     <span class='ocr_line' id='line_1_4' title="bbox 314 708 1367 795; baseline 0 -23"><span class='ocrx_word' id='word_1_11' title='bbox 314 708 431 773; x_wconf 83' lang='lat' dir='ltr'>XVIII.</span> <span class='ocrx_word' id='word_1_12' title='bbox 450 710 493 774; x_wconf 89' lang='lat' dir='ltr'><strong>Ut</strong></span> <span class='ocrx_word' id='word_1_13' title='bbox 511 709 679 794; x_wconf 80' lang='lat' dir='ltr'><strong>religiosus</strong></span> <span class='ocrx_word' id='word_1_14' title='bbox 692 710 876 795; x_wconf 83' lang='lat' dir='ltr'><strong>arcligione</strong></span> <span class='ocrx_word' id='word_1_15' title='bbox 892 709 1060 776; x_wconf 80' lang='lat' dir='ltr'><strong>dlaccdcre</strong></span> <span class='ocrx_word' id='word_1_16' title='bbox 1074 711 1190 792; x_wconf 83' lang='lat' dir='ltr'>possit,</span> <span class='ocrx_word' id='word_1_17' title='bbox 1210 710 1367 794; x_wconf 77' lang='lat' dir='ltr'><strong>requiritur</strong></span> 
     </span>
     <span class='ocr_line' id='line_1_5' title="bbox 269 823 1367 911; baseline -0.001 -21"><span class='ocrx_word' id='word_1_18' title='bbox 269 831 308 890; x_wconf 88' lang='lat' dir='ltr'><strong>nt</strong></span> <span class='ocrx_word' id='word_1_19' title='bbox 321 823 443 908; x_wconf 83' lang='lat' dir='ltr'><strong>duplici</strong></span> <span class='ocrx_word' id='word_1_20' title='bbox 458 824 618 891; x_wconf 86' lang='lat' dir='ltr'><strong>conformi</strong></span> <span class='ocrx_word' id='word_1_21' title='bbox 634 828 795 893; x_wconf 87' lang='lat' dir='ltr'><strong>sententia</strong></span> <span class='ocrx_word' id='word_1_22' title='bbox 815 825 974 911; x_wconf 80' lang='lat' dir='ltr'><strong>professio</strong></span> <span class='ocrx_word' id='word_1_23' title='bbox 996 826 1163 892; x_wconf 87' lang='lat' dir='ltr'><strong>declarata</strong></span> <span class='ocrx_word' id='word_1_24' title='bbox 1178 825 1222 890; x_wconf 89' lang='lat' dir='ltr'><strong>sit</strong></span> <span class='ocrx_word' id='word_1_25' title='bbox 1235 823 1326 900; x_wconf 83' lang='lat' dir='ltr'><strong>nula,</strong></span> <span class='ocrx_word' id='word_1_26' title='bbox 1341 832 1367 889; x_wconf 88' lang='lat' dir='ltr'><strong>et</strong></span> 
     </span>
     <span class='ocr_line' id='line_1_6' title="bbox 268 937 1365 1026; baseline -0.002 -21"><span class='ocrx_word' id='word_1_27' title='bbox 268 947 347 1005; x_wconf 88' lang='lat' dir='ltr'><strong>uta</strong></span> <span class='ocrx_word' id='word_1_28' title='bbox 374 937 518 1006; x_wconf 87' lang='lat' dir='ltr'><strong>secunda</strong></span> <span class='ocrx_word' id='word_1_29' title='bbox 542 943 704 1008; x_wconf 86' lang='lat' dir='ltr'><strong>sententia</strong></span> <span class='ocrx_word' id='word_1_30' title='bbox 734 943 934 1026; x_wconf 87' lang='lat' dir='ltr'><strong>appellatum</strong></span> <span class='ocrx_word' id='word_1_31' title='bbox 965 959 1031 1008; x_wconf 91' lang='lat' dir='ltr'><strong>non</strong></span> <span class='ocrx_word' id='word_1_32' title='bbox 1056 940 1159 1006; x_wconf 86' lang='lat' dir='ltr'><strong>fuerit</strong></span> <span class='ocrx_word' id='word_1_33' title='bbox 1177 961 1185 1005; x_wconf 92' lang='lat'>:</span> <span class='ocrx_word' id='word_1_34' title='bbox 1203 939 1365 1024; x_wconf 87' lang='lat' dir='ltr'><strong>alioquiua</strong></span> 
     </span>
     <span class='ocr_line' id='line_1_7' title="bbox 269 1055 1367 1143; baseline -0.002 -22"><span class='ocrx_word' id='word_1_35' title='bbox 269 1056 426 1140; x_wconf 80' lang='lat' dir='ltr'><strong>religione</strong></span> <span class='ocrx_word' id='word_1_36' title='bbox 439 1056 611 1123; x_wconf 85' lang='lat' dir='ltr'><strong>dlacedens</strong></span> <span class='ocrx_word' id='word_1_37' title='bbox 626 1058 732 1140; x_wconf 86' lang='lat' dir='ltr'><strong>pmuis</strong></span> <span class='ocrx_word' id='word_1_38' title='bbox 748 1059 968 1142; x_wconf 82' lang='lat' dir='ltr'><strong>apostatarum</strong></span> <span class='ocrx_word' id='word_1_39' title='bbox 982 1057 1141 1142; x_wconf 87' lang='lat' dir='ltr'><strong>subjacet.</strong></span> <span class='ocrx_word' id='word_1_40' title='bbox 1165 1055 1268 1143; x_wconf 87' lang='lat' dir='ltr'><strong>(Bulla</strong></span> <span class='ocrx_word' id='word_1_41' title='bbox 1282 1059 1314 1120; x_wconf 77' lang='lat' dir='ltr'><strong>st</strong></span> <span class='ocrx_word' id='word_1_42' title='bbox 1327 1058 1367 1119; x_wconf 79' lang='lat' dir='ltr'><strong>do</strong></span> 
     </span>
     <span class='ocr_line' id='line_1_8' title="bbox 270 1170 359 1257; baseline -0.011 -22"><span class='ocrx_word' id='word_1_43' title='bbox 270 1170 359 1257; x_wconf 84' lang='lat' dir='ltr'><strong>inm.)</strong></span> 
     </span>
    </p>

    <p class='ocr_par' dir='ltr' id='par_1_4' title="bbox 312 1283 1365 1371">
     <span class='ocr_line' id='line_1_9' title="bbox 312 1283 1365 1371; baseline -0.002 -18"><span class='ocrx_word' id='word_1_44' title='bbox 312 1287 396 1354; x_wconf 76' lang='lat' dir='ltr'><strong>lix.</strong></span> <span class='ocrx_word' id='word_1_45' title='bbox 414 1287 547 1354; x_wconf 87' lang='lat' dir='ltr'><strong>Iudices</strong></span> <span class='ocrx_word' id='word_1_46' title='bbox 565 1289 717 1356; x_wconf 80' lang='lat' dir='ltr'><strong>secunda</strong></span> <span class='ocrx_word' id='word_1_47' title='bbox 733 1291 892 1356; x_wconf 76' lang='lat' dir='ltr'><strong>indantiae</strong></span> <span class='ocrx_word' id='word_1_48' title='bbox 913 1288 980 1356; x_wconf 92' lang='lat' dir='ltr'><strong>duo</strong></span> <span class='ocrx_word' id='word_1_49' title='bbox 999 1294 1074 1353; x_wconf 90' lang='lat' dir='ltr'><strong>sunt</strong></span> <span class='ocrx_word' id='word_1_50' title='bbox 1090 1305 1210 1371; x_wconf 85' lang='lat' dir='ltr'><strong>nempe</strong></span> <span class='ocrx_word' id='word_1_51' title='bbox 1227 1309 1235 1352; x_wconf 92' lang='lat'><strong>:</strong></span> <span class='ocrx_word' id='word_1_52' title='bbox 1252 1286 1302 1352; x_wconf 89' lang='lat' dir='ltr'><strong>ille</strong></span> <span class='ocrx_word' id='word_1_53' title='bbox 1319 1283 1365 1352; x_wconf 71' lang='grc' dir='ltr'><strong>Οτ-</strong></span> 
     </span>
    </p>

    <p class='ocr_par' dir='ltr' id='par_1_5' title="bbox 238 1401 1414 2304">
     <span class='ocr_line' id='line_1_10' title="bbox 238 1401 1365 1496; baseline -0.004 -27"><span class='ocrx_word' id='word_1_54' title='bbox 238 1491 240 1496; x_wconf 24' lang='lat'>·</span> <span class='ocrx_word' id='word_1_55' title='bbox 269 1401 413 1469; x_wconf 84' lang='lat' dir='ltr'><strong>dinarim</strong></span> <span class='ocrx_word' id='word_1_56' title='bbox 428 1403 583 1489; x_wconf 81' lang='lat' dir='ltr'><strong>adquam</strong></span> <span class='ocrx_word' id='word_1_57' title='bbox 598 1405 832 1490; x_wconf 88' lang='lat' dir='ltr'><strong>appellandum</strong></span> <span class='ocrx_word' id='word_1_58' title='bbox 848 1413 898 1472; x_wconf 87' lang='lat' dir='ltr'><strong>est</strong></span> <span class='ocrx_word' id='word_1_59' title='bbox 916 1425 935 1471; x_wconf 89' lang='lat' dir='ltr'><strong>a</strong></span> <span class='ocrx_word' id='word_1_60' title='bbox 953 1405 1115 1471; x_wconf 87' lang='lat' dir='ltr'><strong>sententia</strong></span> <span class='ocrx_word' id='word_1_61' title='bbox 1130 1402 1307 1479; x_wconf 81' lang='lat' dir='ltr'><strong>(indicari,</strong></span> <span class='ocrx_word' id='word_1_62' title='bbox 1324 1403 1365 1486; x_wconf 89' lang='lat' dir='ltr'><strong>qni</strong></span> 
     </span>
     <span class='ocr_line' id='line_1_11' title="bbox 266 1517 1364 1608; baseline -0.005 -22"><span class='ocrx_word' id='word_1_63' title='bbox 266 1518 425 1604; x_wconf 74' lang='lat' dir='ltr'><strong>iudicarit</strong></span> <span class='ocrx_word' id='word_1_64' title='bbox 447 1521 481 1584; x_wconf 93' lang='lat' dir='ltr'><strong>in</strong></span> <span class='ocrx_word' id='word_1_65' title='bbox 499 1524 604 1604; x_wconf 65' lang='lat' dir='ltr'><strong>prima,</strong></span> <span class='ocrx_word' id='word_1_66' title='bbox 619 1523 772 1588; x_wconf 89' lang='lat' dir='ltr'><strong>instantia</strong></span> <span class='ocrx_word' id='word_1_67' title='bbox 794 1520 899 1608; x_wconf 88' lang='lat' dir='ltr'><strong>(verbi</strong></span> <span class='ocrx_word' id='word_1_68' title='bbox 924 1520 1039 1605; x_wconf 85' lang='lat' dir='ltr'><strong>gratia,</strong></span> <span class='ocrx_word' id='word_1_69' title='bbox 1058 1517 1364 1602; x_wconf 77' lang='lat' dir='ltr'><strong>Archiepisooponsi</strong></span> 
     </span>
     <span class='ocr_line' id='line_1_12' title="bbox 269 1631 1365 1722; baseline -0.005 -21"><span class='ocrx_word' id='word_1_70' title='bbox 269 1637 445 1721; x_wconf 78' lang='lat' dir='ltr'><strong>Episcopus</strong></span> <span class='ocrx_word' id='word_1_71' title='bbox 460 1637 686 1722; x_wconf 80' lang='lat' dir='ltr'><strong>suffraganeus</strong></span> <span class='ocrx_word' id='word_1_72' title='bbox 700 1639 893 1704; x_wconf 85' lang='lat' dir='ltr'><strong>senteutiam</strong></span> <span class='ocrx_word' id='word_1_73' title='bbox 910 1639 1021 1720; x_wconf 84' lang='lat' dir='ltr'><strong>primae</strong></span> <span class='ocrx_word' id='word_1_74' title='bbox 1037 1635 1197 1700; x_wconf 76' lang='lat' dir='ltr'><strong>instantiae</strong></span> <span class='ocrx_word' id='word_1_75' title='bbox 1212 1631 1307 1716; x_wconf 83' lang='lat' dir='ltr'><strong>tulit),</strong></span> <span class='ocrx_word' id='word_1_76' title='bbox 1320 1651 1365 1694; x_wconf 80' lang='lat' dir='ltr'><strong>uuo</strong></span> 
     </span>
     <span class='ocr_line' id='line_1_13' title="bbox 267 1749 1365 1836; baseline -0.005 -20"><span class='ocrx_word' id='word_1_77' title='bbox 267 1771 336 1816; x_wconf 83' lang='lat' dir='ltr'><strong>cum</strong></span> <span class='ocrx_word' id='word_1_78' title='bbox 349 1760 501 1835; x_wconf 70' lang='lat' dir='ltr'><strong>superem</strong></span> <span class='ocrx_word' id='word_1_79' title='bbox 515 1757 660 1836; x_wconf 74' lang='lat' dir='ltr'><strong>reputari,</strong></span> <span class='ocrx_word' id='word_1_80' title='bbox 679 1773 739 1819; x_wconf 80' lang='lat' dir='ltr'><strong>con</strong></span> <span class='ocrx_word' id='word_1_81' title='bbox 751 1755 871 1836; x_wconf 80' lang='lat' dir='ltr'><strong>quidem</strong></span> <span class='ocrx_word' id='word_1_82' title='bbox 886 1753 971 1817; x_wconf 80' lang='lat' dir='ltr'><strong>iilius</strong></span> <span class='ocrx_word' id='word_1_83' title='bbox 985 1757 1162 1816; x_wconf 81' lang='lat' dir='ltr'><strong>monasterii</strong></span> <span class='ocrx_word' id='word_1_84' title='bbox 1177 1756 1211 1813; x_wconf 81' lang='lat' dir='ltr'><strong>in</strong></span> <span class='ocrx_word' id='word_1_85' title='bbox 1223 1769 1279 1831; x_wconf 84' lang='lat' dir='ltr'><strong>quo</strong></span> <span class='ocrx_word' id='word_1_86' title='bbox 1290 1749 1365 1811; x_wconf 82' lang='lat' dir='ltr'><strong>recic-</strong></span> 
     </span>
     <span class='ocr_line' id='line_1_14' title="bbox 267 1860 1365 1952; baseline -0.007 -20"><span class='ocrx_word' id='word_1_87' title='bbox 267 1887 355 1933; x_wconf 79' lang='lat' dir='ltr'><strong>mncs</strong></span> <span class='ocrx_word' id='word_1_88' title='bbox 371 1873 525 1951; x_wconf 75' lang='lat' dir='ltr'><strong>professio</strong></span> <span class='ocrx_word' id='word_1_89' title='bbox 542 1877 598 1950; x_wconf 86' lang='lat' dir='ltr'><strong>esi,</strong></span> <span class='ocrx_word' id='word_1_90' title='bbox 621 1873 673 1934; x_wconf 82' lang='lat' dir='ltr'><strong>sed</strong></span> <span class='ocrx_word' id='word_1_91' title='bbox 690 1873 818 1934; x_wconf 84' lang='lat' dir='ltr'><strong>alterius</strong></span> <span class='ocrx_word' id='word_1_92' title='bbox 835 1873 1011 1934; x_wconf 82' lang='lat' dir='ltr'><strong>monosterii</strong></span> <span class='ocrx_word' id='word_1_93' title='bbox 1036 1868 1177 1952; x_wconf 66' lang='lat' dir='ltr'><strong>(ejsudem</strong></span> <span class='ocrx_word' id='word_1_94' title='bbox 1200 1860 1365 1946; x_wconf 63' lang='lat' dir='ltr'><strong>&amp;diaulia</strong></span> 
     </span>
     <span class='ocr_line' id='line_1_15' title="bbox 269 1982 1414 2068; baseline -0.007 -21"><span class='ocrx_word' id='word_1_95' title='bbox 269 1991 393 2049; x_wconf 84' lang='lat' dir='ltr'><strong>ciuitate</strong></span> <span class='ocrx_word' id='word_1_96' title='bbox 422 1993 477 2050; x_wconf 85' lang='lat' dir='ltr'><strong>cut</strong></span> <span class='ocrx_word' id='word_1_97' title='bbox 501 1988 621 2049; x_wconf 78' lang='lat' dir='ltr'><strong>diocesi</strong></span> <span class='ocrx_word' id='word_1_98' title='bbox 638 1990 781 2068; x_wconf 76' lang='lat' dir='ltr'><strong>predicti</strong></span> <span class='ocrx_word' id='word_1_99' title='bbox 803 1989 963 2051; x_wconf 81' lang='lat' dir='ltr'><strong>ordinarii</strong></span> <span class='ocrx_word' id='word_1_100' title='bbox 989 1986 1125 2048; x_wconf 74' lang='lat' dir='ltr'><strong>cosmedin</strong></span> <span class='ocrx_word' id='word_1_101' title='bbox 1147 1987 1299 2045; x_wconf 81' lang='lat' dir='ltr'><strong>instantia</strong></span> <span class='ocrx_word' id='word_1_102' title='bbox 1316 1982 1365 2041; x_wconf 83' lang='lat' dir='ltr'><strong>cci·</strong></span> <span class='ocrx_word' id='word_1_103' title='bbox 1408 2038 1414 2052; x_wconf 75' lang='grc'><strong>,</strong></span> 
     </span>
     <span class='ocr_line' id='line_1_16' title="bbox 268 2097 1365 2182; baseline -0.005 -18"><span class='ocrx_word' id='word_1_104' title='bbox 268 2107 392 2181; x_wconf 59' lang='lat' dir='ltr'><strong>stertis·</strong></span> <span class='ocrx_word' id='word_1_105' title='bbox 411 2104 469 2181; x_wconf 81' lang='lat' dir='ltr'><strong>oet,</strong></span> <span class='ocrx_word' id='word_1_106' title='bbox 486 2105 543 2165; x_wconf 85' lang='lat' dir='ltr'><strong>tati</strong></span> <span class='ocrx_word' id='word_1_107' title='bbox 561 2110 741 2167; x_wconf 75' lang='lat' dir='ltr'><strong>momsierio</strong></span> <span class='ocrx_word' id='word_1_108' title='bbox 757 2110 966 2182; x_wconf 68' lang='lat' dir='ltr'><strong>necestuosis,</strong></span> <span class='ocrx_word' id='word_1_109' title='bbox 984 2117 1046 2164; x_wconf 79' lang='lat' dir='ltr'><strong>nito</strong></span> <span class='ocrx_word' id='word_1_110' title='bbox 1065 2119 1133 2163; x_wconf 74' lang='lat' dir='ltr'><strong>mum</strong></span> <span class='ocrx_word' id='word_1_111' title='bbox 1149 2104 1297 2182; x_wconf 75' lang='lat' dir='ltr'><strong>superiore</strong></span> <span class='ocrx_word' id='word_1_112' title='bbox 1308 2097 1365 2158; x_wconf 81' lang='lat' dir='ltr'><strong>riri·</strong></span> 
     </span>
     <span class='ocr_line' id='line_1_17' title="bbox 269 2215 895 2304; baseline 0.002 -24"><span class='ocrx_word' id='word_1_113' title='bbox 269 2222 366 2280; x_wconf 75' lang='lat' dir='ltr'><strong>utorio</strong></span> <span class='ocrx_word' id='word_1_114' title='bbox 380 2223 567 2283; x_wconf 80' lang='lat' dir='ltr'><strong>monasterii.</strong></span> <span class='ocrx_word' id='word_1_115' title='bbox 588 2218 691 2304; x_wconf 85' lang='lat' dir='ltr'><strong>(Bulla</strong></span> <span class='ocrx_word' id='word_1_116' title='bbox 710 2223 746 2284; x_wconf 85' lang='lat' dir='ltr'><strong>Si</strong></span> <span class='ocrx_word' id='word_1_117' title='bbox 764 2215 895 2301; x_wconf 82' lang='lat' dir='ltr'><strong>datam.)</strong></span> 
     </span>
    </p>

    <p class='ocr_par' dir='ltr' id='par_1_6' title="bbox 270 2329 1423 2888">
     <span class='ocr_line' id='line_1_18' title="bbox 314 2329 1366 2418; baseline -0.009 -20"><span class='ocrx_word' id='word_1_118' title='bbox 314 2334 382 2399; x_wconf 86' lang='lat' dir='ltr'><strong>llll.</strong></span> <span class='ocrx_word' id='word_1_119' title='bbox 405 2333 437 2399; x_wconf 88' lang='lat' dir='ltr'><strong>Si</strong></span> <span class='ocrx_word' id='word_1_120' title='bbox 451 2351 549 2398; x_wconf 84' lang='lat' dir='ltr'><strong>causa</strong></span> <span class='ocrx_word' id='word_1_121' title='bbox 561 2332 604 2399; x_wconf 90' lang='lat' dir='ltr'><strong>ad</strong></span> <span class='ocrx_word' id='word_1_122' title='bbox 621 2332 739 2400; x_wconf 79' lang='lat' dir='ltr'><strong>sedem</strong></span> <span class='ocrx_word' id='word_1_123' title='bbox 756 2334 968 2418; x_wconf 77' lang='lat' dir='ltr'><strong>Apostolinam</strong></span> <span class='ocrx_word' id='word_1_124' title='bbox 980 2332 1191 2408; x_wconf 81' lang='lat' dir='ltr'><strong>devolvatur,</strong></span> <span class='ocrx_word' id='word_1_125' title='bbox 1210 2329 1277 2396; x_wconf 82' lang='lat' dir='ltr'><strong>sive</strong></span> <span class='ocrx_word' id='word_1_126' title='bbox 1299 2343 1366 2394; x_wconf 86' lang='lat' dir='ltr'><strong>con·</strong></span> 
     </span>
     <span class='ocr_line' id='line_1_19' title="bbox 270 2445 1363 2534; baseline -0.002 -22"><span class='ocrx_word' id='word_1_127' title='bbox 270 2449 419 2514; x_wconf 83' lang='lat' dir='ltr'><strong>mittatur</strong></span> <span class='ocrx_word' id='word_1_128' title='bbox 438 2450 541 2514; x_wconf 77' lang='lat' dir='ltr'><strong>Sacra</strong></span> <span class='ocrx_word' id='word_1_129' title='bbox 561 2449 810 2534; x_wconf 79' lang='lat' dir='ltr'><strong>Gongrsgationi</strong></span> <span class='ocrx_word' id='word_1_130' title='bbox 823 2449 965 2525; x_wconf 76' lang='lat' dir='ltr'><strong>Consilii,</strong></span> <span class='ocrx_word' id='word_1_131' title='bbox 987 2450 1055 2514; x_wconf 85' lang='lat' dir='ltr'><strong>sive</strong></span> <span class='ocrx_word' id='word_1_132' title='bbox 1074 2449 1180 2513; x_wconf 78' lang='lat' dir='ltr'><strong>Socrae</strong></span> <span class='ocrx_word' id='word_1_133' title='bbox 1205 2445 1363 2527; x_wconf 68' lang='lat' dir='ltr'><strong>mugiens</strong></span> 
     </span>
     <span class='ocr_line' id='line_1_20' title="bbox 270 2553 1423 2650; baseline -0.004 -22"><span class='ocrx_word' id='word_1_134' title='bbox 270 2565 350 2630; x_wconf 89' lang='lat' dir='ltr'><strong>tioni</strong></span> <span class='ocrx_word' id='word_1_135' title='bbox 372 2566 607 2648; x_wconf 84' lang='lat' dir='ltr'><strong>Episcoporum</strong></span> <span class='ocrx_word' id='word_1_136' title='bbox 625 2573 660 2630; x_wconf 89' lang='lat' dir='ltr'><strong>et</strong></span> <span class='ocrx_word' id='word_1_137' title='bbox 673 2566 882 2650; x_wconf 83' lang='lat' dir='ltr'><strong>regularium,</strong></span> <span class='ocrx_word' id='word_1_138' title='bbox 901 2567 969 2631; x_wconf 85' lang='lat' dir='ltr'><strong>sive</strong></span> <span class='ocrx_word' id='word_1_139' title='bbox 984 2581 1125 2630; x_wconf 74' lang='lat' dir='ltr'><strong>romanat</strong></span> <span class='ocrx_word' id='word_1_140' title='bbox 1149 2563 1252 2638; x_wconf 80' lang='lat' dir='ltr'><strong>Rotae,</strong></span> <span class='ocrx_word' id='word_1_141' title='bbox 1269 2553 1364 2643; x_wconf 78' lang='lat' dir='ltr'><strong>predi·</strong></span> <span class='ocrx_word' id='word_1_142' title='bbox 1422 2589 1423 2596; x_wconf 15' lang='grc' dir='ltr'><strong>κ</strong></span> 
     </span>
     <span class='ocr_line' id='line_1_21' title="bbox 271 2671 1362 2766; baseline -0.005 -21"><span class='ocrx_word' id='word_1_143' title='bbox 271 2688 344 2746; x_wconf 88' lang='lat' dir='ltr'><strong>ctus</strong></span> <span class='ocrx_word' id='word_1_144' title='bbox 358 2684 507 2763; x_wconf 78' lang='lat' dir='ltr'><strong>sequioris</strong></span> <span class='ocrx_word' id='word_1_145' title='bbox 523 2687 658 2763; x_wconf 75' lang='lat' dir='ltr'><strong>ruperim</strong></span> <span class='ocrx_word' id='word_1_146' title='bbox 673 2687 830 2765; x_wconf 84' lang='lat' dir='ltr'><strong>tanquam</strong></span> <span class='ocrx_word' id='word_1_147' title='bbox 851 2681 955 2766; x_wconf 82' lang='lat' dir='ltr'><strong>judex</strong></span> <span class='ocrx_word' id='word_1_148' title='bbox 979 2699 1043 2745; x_wconf 90' lang='lat' dir='ltr'><strong>non</strong></span> <span class='ocrx_word' id='word_1_149' title='bbox 1067 2679 1264 2745; x_wconf 80' lang='lat' dir='ltr'><strong>admittitur.</strong></span> <span class='ocrx_word' id='word_1_150' title='bbox 1281 2671 1362 2761; x_wconf 77' lang='lat' dir='ltr'><strong>(inlu</strong></span> 
     </span>
     <span class='ocr_line' id='line_1_22' title="bbox 272 2796 1422 2888; baseline -0.003 -26"><span class='ocrx_word' id='word_1_151' title='bbox 272 2801 307 2862; x_wconf 84' lang='lat' dir='ltr'><strong>Si</strong></span> <span class='ocrx_word' id='word_1_152' title='bbox 322 2796 453 2881; x_wconf 81' lang='lat' dir='ltr'><strong>datum.)</strong></span> <span class='ocrx_word' id='word_1_153' title='bbox 1421 2861 1422 2888; x_wconf 20' lang='lat' dir='ltr'><strong>ff</strong></span> 
     </span>
    </p>

    <p class='ocr_par' dir='ltr' id='par_1_7' title="bbox 271 2905 1361 3115">
     <span class='ocr_line' id='line_1_23' title="bbox 316 2905 1361 2998; baseline -0.003 -19"><span class='ocrx_word' id='word_1_154' title='bbox 316 2915 400 2980; x_wconf 80' lang='lat' dir='ltr'><strong>xxi.</strong></span> <span class='ocrx_word' id='word_1_155' title='bbox 419 2912 580 2980; x_wconf 81' lang='lat' dir='ltr'><strong>Prndicta</strong></span> <span class='ocrx_word' id='word_1_156' title='bbox 593 2915 699 2980; x_wconf 88' lang='lat' dir='ltr'><strong>omnia</strong></span> <span class='ocrx_word' id='word_1_157' title='bbox 722 2913 906 2998; x_wconf 84' lang='lat' dir='ltr'><strong>procedunt</strong></span> <span class='ocrx_word' id='word_1_158' title='bbox 928 2915 1026 2981; x_wconf 83' lang='lat' dir='ltr'><strong>etlam</strong></span> <span class='ocrx_word' id='word_1_159' title='bbox 1047 2910 1158 2998; x_wconf 70' lang='lat' dir='ltr'><strong>quom</strong></span> <span class='ocrx_word' id='word_1_160' title='bbox 1173 2911 1291 2976; x_wconf 76' lang='lat' dir='ltr'><strong>curun</strong></span> <span class='ocrx_word' id='word_1_161' title='bbox 1303 2905 1361 2969; x_wconf 71' lang='lat' dir='ltr'><strong>Gir</strong></span> 
     </span>
     <span class='ocr_line' id='line_1_24' title="bbox 271 3027 841 3115; baseline 0.005 -23"><span class='ocrx_word' id='word_1_162' title='bbox 271 3027 387 3093; x_wconf 90' lang='lat' dir='ltr'><strong>dinnlis</strong></span> <span class='ocrx_word' id='word_1_163' title='bbox 400 3029 529 3093; x_wconf 76' lang='lat' dir='ltr'><strong>vicarii.</strong></span> <span class='ocrx_word' id='word_1_164' title='bbox 548 3029 651 3114; x_wconf 88' lang='lat' dir='ltr'><strong>(Bulla</strong></span> <span class='ocrx_word' id='word_1_165' title='bbox 664 3038 700 3098; x_wconf 83' lang='lat' dir='ltr'><strong>si</strong></span> <span class='ocrx_word' id='word_1_166' title='bbox 711 3030 841 3115; x_wconf 79' lang='lat' dir='ltr'><strong>daiam.)</strong></span> 
     </span>
    </p>
   </div>
   <div class='ocr_carea' id='block_1_3' title="bbox 1422 2151 1424 2244">
    <p class='ocr_par' dir='ltr' id='par_1_8' title="bbox 1422 2141 1424 2296">
     <span class='ocr_line' id='line_1_25' title="bbox 1422 2151 1424 2244; baseline 0 52"><span class='ocrx_word' id='word_1_167' title='bbox 1422 2151 1424 2244; x_wconf 66' lang='lat' dir='ltr'><strong>l</strong></span> 
     </span>
    </p>
   </div>
   <div class='ocr_carea' id='block_1_4' title="bbox 789 3291 859 3369">
    <p class='ocr_par' dir='ltr' id='par_1_9' title="bbox 789 3183 1421 3369">
     <span class='ocr_line' id='line_1_26' title="bbox 789 3291 859 3369; baseline -0.003 -13"><span class='ocrx_word' id='word_1_168' title='bbox 789 3291 859 3369; x_wconf 66' lang='lat' dir='ltr'><strong>n.</strong></span> 
     </span>
    </p>
   </div>
   <div class='ocr_carea' id='block_1_5' title="bbox 289 3506 1348 3672">
    <p class='ocr_par' dir='ltr' id='par_1_10' title="bbox 289 3506 1348 3672">
     <span class='ocr_line' id='line_1_27' title="bbox 289 3506 1348 3577; baseline 0.005 -18"><span class='ocrx_word' id='word_1_169' title='bbox 289 3506 374 3560; x_wconf 83' lang='lat' dir='ltr'><strong>Nornn</strong></span> <span class='ocrx_word' id='word_1_170' title='bbox 387 3511 527 3574; x_wconf 80' lang='lat' dir='ltr'><strong>procedendi</strong></span> <span class='ocrx_word' id='word_1_171' title='bbox 542 3511 564 3561; x_wconf 88' lang='lat' dir='ltr'><strong>in</strong></span> <span class='ocrx_word' id='word_1_172' title='bbox 579 3513 656 3560; x_wconf 72' lang='lat' dir='ltr'><strong>musis</strong></span> <span class='ocrx_word' id='word_1_173' title='bbox 670 3512 784 3562; x_wconf 84' lang='lat' dir='ltr'><strong>nniiitatis</strong></span> <span class='ocrx_word' id='word_1_174' title='bbox 796 3513 949 3576; x_wconf 79' lang='lat' dir='ltr'><strong>professionis</strong></span> <span class='ocrx_word' id='word_1_175' title='bbox 963 3514 1089 3576; x_wconf 74' lang='lat' dir='ltr'><strong>religiosa,</strong></span> <span class='ocrx_word' id='word_1_176' title='bbox 1105 3513 1201 3577; x_wconf 84' lang='lat' dir='ltr'><strong>qnando</strong></span> <span class='ocrx_word' id='word_1_177' title='bbox 1212 3515 1302 3565; x_wconf 78' lang='lat' dir='ltr'><strong>anilitas</strong></span> <span class='ocrx_word' id='word_1_178' title='bbox 1308 3517 1348 3575; x_wconf 76' lang='lat' dir='ltr'><strong>pusi</strong></span> 
     </span>
     <span class='ocr_line' id='line_1_28' title="bbox 480 3605 1172 3672; baseline 0.003 -18"><span class='ocrx_word' id='word_1_179' title='bbox 480 3606 687 3668; x_wconf 73' lang='lat' dir='ltr'><strong>quinquennium</strong></span> <span class='ocrx_word' id='word_1_180' title='bbox 698 3605 736 3655; x_wconf 80' lang='lat' dir='ltr'><strong>dio</strong></span> <span class='ocrx_word' id='word_1_181' title='bbox 750 3609 841 3658; x_wconf 79' lang='lat' dir='ltr'><strong>omissa</strong></span> <span class='ocrx_word' id='word_1_182' title='bbox 854 3607 1009 3671; x_wconf 75' lang='lat' dir='ltr'><strong>professionis</strong></span> <span class='ocrx_word' id='word_1_183' title='bbox 1022 3609 1172 3672; x_wconf 77' lang='lat' dir='ltr'><strong>proponitur.</strong></span> 
     </span>
    </p>
   </div>
   <div class='ocr_carea' id='block_1_6' title="bbox 268 3841 1358 4512">
    <p class='ocr_par' dir='ltr' id='par_1_11' title="bbox 269 3841 1358 4280">
     <span class='ocr_line' id='line_1_29' title="bbox 316 3841 1354 3930; baseline 0.014 -25"><span class='ocrx_word' id='word_1_184' title='bbox 316 3843 342 3905; x_wconf 95' lang='grc' dir='ltr'><strong>Ι.</strong></span> <span class='ocrx_word' id='word_1_185' title='bbox 358 3841 497 3908; x_wconf 72' lang='lat' dir='ltr'><strong>nitentis</strong></span> <span class='ocrx_word' id='word_1_186' title='bbox 513 3841 684 3910; x_wconf 80' lang='lat' dir='ltr'><strong>dumtaxat</strong></span> <span class='ocrx_word' id='word_1_187' title='bbox 702 3863 800 3930; x_wconf 84' lang='lat' dir='ltr'><strong>supra</strong></span> <span class='ocrx_word' id='word_1_188' title='bbox 815 3849 905 3913; x_wconf 88' lang='lat' dir='ltr'><strong>citati</strong></span> <span class='ocrx_word' id='word_1_189' title='bbox 920 3847 1046 3915; x_wconf 86' lang='lat' dir='ltr'><strong>decreti</strong></span> <span class='ocrx_word' id='word_1_190' title='bbox 1059 3848 1244 3917; x_wconf 85' lang='lat' dir='ltr'><strong>Tridentini</strong></span> <span class='ocrx_word' id='word_1_191' title='bbox 1260 3848 1354 3920; x_wconf 73' lang='lat' dir='ltr'><strong>verbi.</strong></span> 
     </span>
     <span class='ocr_line' id='line_1_30' title="bbox 269 3957 1358 4056; baseline 0.009 -36"><span class='ocrx_word' id='word_1_192' title='bbox 269 3957 360 4022; x_wconf 86' lang='lat' dir='ltr'><strong>nulla</strong></span> <span class='ocrx_word' id='word_1_193' title='bbox 371 3960 454 4024; x_wconf 85' lang='lat' dir='ltr'><strong>actio</strong></span> <span class='ocrx_word' id='word_1_194' title='bbox 469 3959 626 4026; x_wconf 85' lang='lat' dir='ltr'><strong>nullitaiis</strong></span> <span class='ocrx_word' id='word_1_195' title='bbox 640 3968 714 4046; x_wconf 85' lang='lat' dir='ltr'><strong>post</strong></span> <span class='ocrx_word' id='word_1_196' title='bbox 724 3963 868 4047; x_wconf 85' lang='lat' dir='ltr'><strong>elapsum</strong></span> <span class='ocrx_word' id='word_1_197' title='bbox 881 3982 899 4031; x_wconf 87' lang='lat' dir='ltr'><strong>a</strong></span> <span class='ocrx_word' id='word_1_198' title='bbox 914 3965 967 4031; x_wconf 90' lang='lat' dir='ltr'><strong>die</strong></span> <span class='ocrx_word' id='word_1_199' title='bbox 982 3968 1192 4050; x_wconf 85' lang='lat' dir='ltr'><strong>professionis</strong></span> <span class='ocrx_word' id='word_1_200' title='bbox 1209 3971 1358 4056; x_wconf 85' lang='lat' dir='ltr'><strong>quinquen·</strong></span> 
     </span>
     <span class='ocr_line' id='line_1_31' title="bbox 270 4071 1353 4166; baseline 0.007 -31"><span class='ocrx_word' id='word_1_201' title='bbox 270 4071 361 4138; x_wconf 89' lang='lat' dir='ltr'><strong>nium</strong></span> <span class='ocrx_word' id='word_1_202' title='bbox 397 4072 525 4142; x_wconf 87' lang='lat' dir='ltr'><strong>admitti</strong></span> <span class='ocrx_word' id='word_1_203' title='bbox 552 4075 711 4162; x_wconf 82' lang='lat' dir='ltr'><strong>deboret3</strong></span> <span class='ocrx_word' id='word_1_204' title='bbox 735 4079 895 4165; x_wconf 88' lang='lat' dir='ltr'><strong>siquidem</strong></span> <span class='ocrx_word' id='word_1_205' title='bbox 916 4081 961 4146; x_wconf 92' lang='lat' dir='ltr'><strong>ibi</strong></span> <span class='ocrx_word' id='word_1_206' title='bbox 990 4101 1145 4166; x_wconf 84' lang='lat' dir='ltr'><strong>expresse</strong></span> <span class='ocrx_word' id='word_1_207' title='bbox 1168 4085 1353 4152; x_wconf 88' lang='lat' dir='ltr'><strong>decernitm:</strong></span> 
     </span>
     <span class='ocr_line' id='line_1_32' title="bbox 269 4189 1247 4280; baseline 0.015 -29"><span class='ocrx_word' id='word_1_208' title='bbox 269 4189 337 4251; x_wconf 84' lang='lat' dir='ltr'><strong>Noc</strong></span> <span class='ocrx_word' id='word_1_209' title='bbox 349 4191 506 4272; x_wconf 82' lang='lat' dir='ltr'><strong>audiatur,</strong></span> <span class='ocrx_word' id='word_1_210' title='bbox 525 4197 587 4256; x_wconf 80' lang='lat' dir='ltr'><strong>nisi</strong></span> <span class='ocrx_word' id='word_1_211' title='bbox 604 4199 687 4257; x_wconf 84' lang='lat' dir='ltr'><strong>intre</strong></span> <span class='ocrx_word' id='word_1_212' title='bbox 698 4201 961 4276; x_wconf 77' lang='lat' dir='ltr'><strong>quinquecclesien</strong></span> <span class='ocrx_word' id='word_1_213' title='bbox 975 4199 1025 4261; x_wconf 81' lang='lat' dir='ltr'><strong>die</strong></span> <span class='ocrx_word' id='word_1_214' title='bbox 1038 4203 1247 4280; x_wconf 74' lang='lat' dir='ltr'><strong>professionis.</strong></span> 
     </span>
    </p>

    <p class='ocr_par' dir='ltr' id='par_1_12' title="bbox 268 4301 1351 4512">
     <span class='ocr_line' id='line_1_33' title="bbox 311 4301 1351 4398; baseline 0.017 -32"><span class='ocrx_word' id='word_1_215' title='bbox 311 4301 354 4366; x_wconf 91' lang='lat'><strong>11.</strong></span> <span class='ocrx_word' id='word_1_216' title='bbox 375 4306 424 4371; x_wconf 88' lang='lat' dir='ltr'><strong>De</strong></span> <span class='ocrx_word' id='word_1_217' title='bbox 441 4305 530 4372; x_wconf 86' lang='lat' dir='ltr'><strong>facto</strong></span> <span class='ocrx_word' id='word_1_218' title='bbox 545 4308 590 4372; x_wconf 85' lang='lat' dir='ltr'><strong>ita</strong></span> <span class='ocrx_word' id='word_1_219' title='bbox 605 4309 680 4374; x_wconf 80' lang='lat' dir='ltr'><strong>olIm</strong></span> <span class='ocrx_word' id='word_1_220' title='bbox 699 4319 865 4376; x_wconf 88' lang='lat' dir='ltr'><strong>servatum</strong></span> <span class='ocrx_word' id='word_1_221' title='bbox 882 4319 951 4397; x_wconf 86' lang='lat' dir='ltr'><strong>est;</strong></span> <span class='ocrx_word' id='word_1_222' title='bbox 973 4321 1007 4378; x_wconf 85' lang='lat' dir='ltr'><strong>ct</strong></span> <span class='ocrx_word' id='word_1_223' title='bbox 1025 4313 1070 4380; x_wconf 87' lang='lat' dir='ltr'><strong>ito</strong></span> <span class='ocrx_word' id='word_1_224' title='bbox 1086 4316 1277 4382; x_wconf 86' lang='lat' dir='ltr'><strong>servandum</strong></span> <span class='ocrx_word' id='word_1_225' title='bbox 1291 4325 1351 4398; x_wconf 72' lang='lat' dir='ltr'><strong>pii·</strong></span> 
     </span>
     <span class='ocr_line' id='line_1_34' title="bbox 268 4417 1348 4512; baseline 0.023 -33"><span class='ocrx_word' id='word_1_226' title='bbox 268 4417 396 4500; x_wconf 79' lang='lat' dir='ltr'><strong>scripsit</strong></span> <span class='ocrx_word' id='word_1_227' title='bbox 416 4421 591 4504; x_wconf 82' lang='lat' dir='ltr'><strong>Gregorius</strong></span> <span class='ocrx_word' id='word_1_228' title='bbox 606 4426 700 4502; x_wconf 88' lang='lat' dir='ltr'><strong>lllll,</strong></span> <span class='ocrx_word' id='word_1_229' title='bbox 725 4423 862 4494; x_wconf 83' lang='lat' dir='ltr'><strong>decreto</strong></span> <span class='ocrx_word' id='word_1_230' title='bbox 883 4427 950 4494; x_wconf 86' lang='lat' dir='ltr'><strong>diei</strong></span> <span class='ocrx_word' id='word_1_231' title='bbox 980 4432 1129 4498; x_wconf 62' lang='lat' dir='ltr'><strong>dmartii</strong></span> <span class='ocrx_word' id='word_1_232' title='bbox 1159 4437 1255 4512; x_wconf 82' lang='grc'><strong>1598,</strong></span> <span class='ocrx_word' id='word_1_233' title='bbox 1282 4425 1348 4509; x_wconf 75' lang='lat' dir='ltr'><strong>cuju</strong></span> 
     </span>
    </p>
   </div>
   <div class='ocr_carea' id='block_1_7' title="bbox 0 0 1453 5114">
    <p class='ocr_par' dir='ltr' id='par_1_13' title="bbox 0 0 1453 5114">
     <span class='ocr_line' id='line_1_35' title="bbox 0 0 1453 5114; baseline 0 0"><span class='ocrx_word' id='word_1_234' title='bbox 0 0 1453 5114; x_wconf 95' lang='lat' dir='ltr'><strong> </strong></span> 
     </span>
    </p>
   </div>
  </div>
 </body>
</html>
