<?xml version="1.0" encoding="UTF-8"?>
<!DOCTYPE html PUBLIC "-//W3C//DTD XHTML 1.0 Transitional//EN"
    "http://www.w3.org/TR/xhtml1/DTD/xhtml1-transitional.dtd">
<html xmlns="http://www.w3.org/1999/xhtml" xml:lang="en" lang="en">
 <head>
  <title>
</title>
<meta http-equiv="Content-Type" content="text/html;charset=utf-8" />
  <meta name='ocr-system' content='tesseract 3.04.00' />
  <meta name='ocr-capabilities' content='ocr_page ocr_carea ocr_par ocr_line ocrx_word'/>
</head>
<body>
  <div class='ocr_page' id='page_1' title='image "./tractatusdejudi01bouigoog_0467.png"; bbox 0 0 2878 5114; ppageno 0'>
   <div class='ocr_carea' id='block_1_1' title="bbox 239 338 1012 402">
    <p class='ocr_par' dir='ltr' id='par_1_1' title="bbox 239 338 1012 402">
     <span class='ocr_line' id='line_1_1' title="bbox 239 338 1012 402; baseline -0.001 -3"><span class='ocrx_word' id='word_1_1' title='bbox 239 338 302 401; x_wconf 77' lang='lat' dir='ltr'>tte</span> <span class='ocrx_word' id='word_1_2' title='bbox 584 349 774 401; x_wconf 80' lang='lat' dir='ltr'>rmcnnrns</span> <span class='ocrx_word' id='word_1_3' title='bbox 796 352 840 400; x_wconf 87' lang='lat' dir='ltr'>nn</span> <span class='ocrx_word' id='word_1_4' title='bbox 863 347 1012 402; x_wconf 80' lang='lat' dir='ltr'>runicus.</span> 
     </span>
    </p>
   </div>
   <div class='ocr_carea' id='block_1_2' title="bbox 127 475 1346 1600">
    <p class='ocr_par' dir='ltr' id='par_1_2' title="bbox 127 475 1346 1600">
     <span class='ocr_line' id='line_1_2' title="bbox 235 475 1342 562; baseline -0.002 -20"><span class='ocrx_word' id='word_1_5' title='bbox 235 495 274 545; x_wconf 89' lang='lat' dir='ltr'>ac</span> <span class='ocrx_word' id='word_1_6' title='bbox 290 476 426 562; x_wconf 82' lang='lat' dir='ltr'>proinde</span> <span class='ocrx_word' id='word_1_7' title='bbox 444 476 716 560; x_wconf 69' lang='lat' dir='ltr'><strong>dispensationem</strong></span> <span class='ocrx_word' id='word_1_8' title='bbox 733 494 802 542; x_wconf 87' lang='lat' dir='ltr'>esse</span> <span class='ocrx_word' id='word_1_9' title='bbox 819 475 1058 560; x_wconf 77' lang='lat' dir='ltr'>denegandam.</span> <span class='ocrx_word' id='word_1_10' title='bbox 1077 477 1234 542; x_wconf 84' lang='lat' dir='ltr'>Gaeterum</span> <span class='ocrx_word' id='word_1_11' title='bbox 1244 495 1342 542; x_wconf 82' lang='lat' dir='ltr'>neces</span> 
     </span>
     <span class='ocr_line' id='line_1_3' title="bbox 234 592 1343 670; baseline -0.003 -11"><span class='ocrx_word' id='word_1_12' title='bbox 234 595 354 660; x_wconf 85' lang='lat' dir='ltr'>sarium</span> <span class='ocrx_word' id='word_1_13' title='bbox 368 601 449 658; x_wconf 90' lang='lat' dir='ltr'>tunc</span> <span class='ocrx_word' id='word_1_14' title='bbox 464 610 530 659; x_wconf 88' lang='lat' dir='ltr'>non</span> <span class='ocrx_word' id='word_1_15' title='bbox 546 611 614 658; x_wconf 82' lang='lat' dir='ltr'>esse</span> <span class='ocrx_word' id='word_1_16' title='bbox 634 592 817 658; x_wconf 82' lang='lat' dir='ltr'>defensoris</span> <span class='ocrx_word' id='word_1_17' title='bbox 835 593 1034 659; x_wconf 86' lang='lat' dir='ltr'>matrimonii</span> <span class='ocrx_word' id='word_1_18' title='bbox 1046 593 1275 670; x_wconf 80' lang='lat' dir='ltr'>interventum,</span> <span class='ocrx_word' id='word_1_19' title='bbox 1293 613 1343 657; x_wconf 90' lang='lat' dir='ltr'>ne-</span> 
     </span>
     <span class='ocr_line' id='line_1_4' title="bbox 235 709 1344 794; baseline -0.001 -20"><span class='ocrx_word' id='word_1_20' title='bbox 235 729 300 794; x_wconf 85' lang='lat' dir='ltr'>que</span> <span class='ocrx_word' id='word_1_21' title='bbox 310 709 475 794; x_wconf 77' lang='lat' dir='ltr'>duplicem</span> <span class='ocrx_word' id='word_1_22' title='bbox 485 710 679 776; x_wconf 75' lang='lat' dir='ltr'>sententiam</span> <span class='ocrx_word' id='word_1_23' title='bbox 690 711 900 788; x_wconf 83' lang='lat' dir='ltr'>conformem,</span> <span class='ocrx_word' id='word_1_24' title='bbox 911 711 1003 794; x_wconf 91' lang='lat' dir='ltr'>sequi</span> <span class='ocrx_word' id='word_1_25' title='bbox 1013 709 1147 774; x_wconf 89' lang='lat' dir='ltr'>videtur</span> <span class='ocrx_word' id='word_1_26' title='bbox 1159 711 1344 794; x_wconf 78' lang='lat' dir='ltr'>exsuperius</span> 
     </span>
     <span class='ocr_line' id='line_1_5' title="bbox 127 810 1344 911; baseline -0.001 -19"><span class='ocrx_word' id='word_1_27' title='bbox 127 810 141 818; x_wconf 73' lang='grc'><em>“</em></span> <span class='ocrx_word' id='word_1_28' title='bbox 236 825 380 892; x_wconf 85' lang='lat' dir='ltr'>deducta</span> <span class='ocrx_word' id='word_1_29' title='bbox 400 828 540 909; x_wconf 90' lang='lat' dir='ltr'>ratione;</span> <span class='ocrx_word' id='word_1_30' title='bbox 560 845 601 892; x_wconf 86' lang='lat' dir='ltr'>ex</span> <span class='ocrx_word' id='word_1_31' title='bbox 623 845 663 892; x_wconf 88' lang='lat' dir='ltr'>ec</span> <span class='ocrx_word' id='word_1_32' title='bbox 690 845 808 910; x_wconf 85' lang='lat' dir='ltr'>nempe</span> <span class='ocrx_word' id='word_1_33' title='bbox 827 825 915 911; x_wconf 85' lang='lat' dir='ltr'>quod</span> <span class='ocrx_word' id='word_1_34' title='bbox 937 826 1025 891; x_wconf 90' lang='lat' dir='ltr'>nulla</span> <span class='ocrx_word' id='word_1_35' title='bbox 1046 835 1125 891; x_wconf 90' lang='lat' dir='ltr'>tunc</span> <span class='ocrx_word' id='word_1_36' title='bbox 1148 826 1190 891; x_wconf 89' lang='lat' dir='ltr'>sit</span> <span class='ocrx_word' id='word_1_37' title='bbox 1212 845 1344 910; x_wconf 89' lang='lat' dir='ltr'>pronun·</span> 
     </span>
     <span class='ocr_line' id='line_1_6' title="bbox 235 940 1344 1027; baseline 0 -19"><span class='ocrx_word' id='word_1_38' title='bbox 235 941 378 1008; x_wconf 83' lang='lat' dir='ltr'>tiandae</span> <span class='ocrx_word' id='word_1_39' title='bbox 395 943 492 1007; x_wconf 84' lang='lat' dir='ltr'>Sacro</span> <span class='ocrx_word' id='word_1_40' title='bbox 508 943 765 1027; x_wconf 72' lang='lat' dir='ltr'>congregatione</span> <span class='ocrx_word' id='word_1_41' title='bbox 782 942 943 1008; x_wconf 88' lang='lat' dir='ltr'>sententia</span> <span class='ocrx_word' id='word_1_42' title='bbox 955 940 998 1007; x_wconf 93' lang='lat' dir='ltr'>de</span> <span class='ocrx_word' id='word_1_43' title='bbox 1014 942 1165 1007; x_wconf 79' lang='lat' dir='ltr'>nullitate</span> <span class='ocrx_word' id='word_1_44' title='bbox 1180 943 1233 1008; x_wconf 82' lang='lat' dir='ltr'>rel</span> <span class='ocrx_word' id='word_1_45' title='bbox 1243 941 1344 1008; x_wconf 81' lang='lat' dir='ltr'>ualere</span> 
     </span>
     <span class='ocr_line' id='line_1_7' title="bbox 237 1054 1342 1134; baseline -0.002 -12"><span class='ocrx_word' id='word_1_46' title='bbox 237 1056 441 1134; x_wconf 87' lang='lat' dir='ltr'>matrimonii,</span> <span class='ocrx_word' id='word_1_47' title='bbox 466 1055 524 1122; x_wconf 88' lang='lat' dir='ltr'>sed</span> <span class='ocrx_word' id='word_1_48' title='bbox 547 1054 765 1122; x_wconf 79' lang='lat' dir='ltr'>emittendum</span> <span class='ocrx_word' id='word_1_49' title='bbox 793 1055 964 1124; x_wconf 82' lang='lat' dir='ltr'>dumtaxat</span> <span class='ocrx_word' id='word_1_50' title='bbox 984 1064 1097 1121; x_wconf 85' lang='lat' dir='ltr'>votum</span> <span class='ocrx_word' id='word_1_51' title='bbox 1125 1057 1342 1121; x_wconf 87' lang='lat' dir='ltr'>consultivum.</span> 
     </span>
     <span class='ocr_line' id='line_1_8' title="bbox 238 1171 1346 1258; baseline 0 -22"><span class='ocrx_word' id='word_1_52' title='bbox 238 1171 343 1250; x_wconf 86' lang='lat' dir='ltr'>Unde,</span> <span class='ocrx_word' id='word_1_53' title='bbox 356 1172 446 1258; x_wconf 85' lang='lat' dir='ltr'>quod</span> <span class='ocrx_word' id='word_1_54' title='bbox 461 1175 558 1240; x_wconf 87' lang='lat' dir='ltr'>etiam</span> <span class='ocrx_word' id='word_1_55' title='bbox 569 1174 603 1237; x_wconf 92' lang='lat' dir='ltr'>in</span> <span class='ocrx_word' id='word_1_56' title='bbox 613 1193 653 1240; x_wconf 90' lang='lat' dir='ltr'>eo</span> <span class='ocrx_word' id='word_1_57' title='bbox 667 1191 743 1238; x_wconf 87' lang='lat' dir='ltr'>casu</span> <span class='ocrx_word' id='word_1_58' title='bbox 758 1172 953 1238; x_wconf 82' lang='lat' dir='ltr'>adhibentur</span> <span class='ocrx_word' id='word_1_59' title='bbox 969 1172 1151 1238; x_wconf 85' lang='lat' dir='ltr'>defensoris</span> <span class='ocrx_word' id='word_1_60' title='bbox 1166 1174 1346 1239; x_wconf 89' lang='lat' dir='ltr'>matrimonii</span> 
     </span>
     <span class='ocr_line' id='line_1_9' title="bbox 236 1287 1345 1372; baseline 0 -20"><span class='ocrx_word' id='word_1_61' title='bbox 236 1288 464 1366; x_wconf 90' lang='lat' dir='ltr'>ministerium,</span> <span class='ocrx_word' id='word_1_62' title='bbox 495 1288 707 1354; x_wconf 90' lang='lat' dir='ltr'>tribuendum</span> <span class='ocrx_word' id='word_1_63' title='bbox 729 1287 862 1353; x_wconf 81' lang='lat' dir='ltr'>videtur</span> <span class='ocrx_word' id='word_1_64' title='bbox 882 1289 967 1372; x_wconf 80' lang='lat' dir='ltr'>stylo</span> <span class='ocrx_word' id='word_1_65' title='bbox 994 1288 1271 1370; x_wconf 73' lang='lat' dir='ltr'>CongregationiS,</span> <span class='ocrx_word' id='word_1_66' title='bbox 1289 1307 1345 1352; x_wconf 90' lang='lat' dir='ltr'>non</span> 
     </span>
     <span class='ocr_line' id='line_1_10' title="bbox 236 1401 1346 1488; baseline 0 -22"><span class='ocrx_word' id='word_1_67' title='bbox 236 1408 346 1467; x_wconf 88' lang='lat' dir='ltr'>antem</span> <span class='ocrx_word' id='word_1_68' title='bbox 361 1403 511 1487; x_wconf 80' lang='lat' dir='ltr'>rigorose</span> <span class='ocrx_word' id='word_1_69' title='bbox 523 1403 721 1488; x_wconf 77' lang='lat' dir='ltr'>obligationi,</span> <span class='ocrx_word' id='word_1_70' title='bbox 737 1423 779 1468; x_wconf 81' lang='lat' dir='ltr'>er</span> <span class='ocrx_word' id='word_1_71' title='bbox 792 1401 1004 1468; x_wconf 88' lang='lat' dir='ltr'>Benedictina</span> <span class='ocrx_word' id='word_1_72' title='bbox 1018 1403 1249 1468; x_wconf 90' lang='lat' dir='ltr'>constitutione</span> <span class='ocrx_word' id='word_1_73' title='bbox 1259 1422 1346 1467; x_wconf 80' lang='lat' dir='ltr'>exur-</span> 
     </span>
     <span class='ocr_line' id='line_1_11' title="bbox 240 1518 340 1600; baseline 0 -18"><span class='ocrx_word' id='word_1_74' title='bbox 240 1518 340 1600; x_wconf 78' lang='lat' dir='ltr'>geniti.</span> 
     </span>
    </p>
   </div>
   <div class='ocr_carea' id='block_1_3' title="bbox 755 1688 842 1764">
    <p class='ocr_par' dir='ltr' id='par_1_3' title="bbox 755 1688 842 1764">
     <span class='ocr_line' id='line_1_12' title="bbox 755 1688 842 1764; baseline -0.034 -12"><span class='ocrx_word' id='word_1_75' title='bbox 755 1692 770 1764; x_wconf 73' lang='grc'>5</span> <span class='ocrx_word' id='word_1_76' title='bbox 787 1688 842 1752; x_wconf 82' lang='lat' dir='ltr'>vl.</span> 
     </span>
    </p>
   </div>
   <div class='ocr_carea' id='block_1_4' title="bbox 305 1891 1285 2035">
    <p class='ocr_par' dir='ltr' id='par_1_4' title="bbox 305 1891 1285 2035">
     <span class='ocr_line' id='line_1_13' title="bbox 305 1891 1285 1956; baseline 0.007 -18"><span class='ocrx_word' id='word_1_77' title='bbox 305 1891 391 1940; x_wconf 82' lang='lat' dir='ltr'>Nomia</span> <span class='ocrx_word' id='word_1_78' title='bbox 413 1891 585 1941; x_wconf 78' lang='lat' dir='ltr'>informationis</span> <span class='ocrx_word' id='word_1_79' title='bbox 606 1891 722 1954; x_wconf 70' lang='lat' dir='ltr'>capiendis</span> <span class='ocrx_word' id='word_1_80' title='bbox 736 1891 765 1940; x_wconf 89' lang='lat' dir='ltr'>de</span> <span class='ocrx_word' id='word_1_81' title='bbox 780 1897 842 1940; x_wconf 78' lang='lat' dir='ltr'>stetu</span> <span class='ocrx_word' id='word_1_82' title='bbox 861 1893 935 1942; x_wconf 85' lang='lat' dir='ltr'>libero</span> <span class='ocrx_word' id='word_1_83' title='bbox 953 1907 1044 1955; x_wconf 88' lang='lat' dir='ltr'>eorum,</span> <span class='ocrx_word' id='word_1_84' title='bbox 1060 1895 1102 1956; x_wconf 92' lang='lat' dir='ltr'>qui</span> <span class='ocrx_word' id='word_1_85' title='bbox 1118 1897 1285 1945; x_wconf 84' lang='lat' dir='ltr'>ruutrirnonium</span> 
     </span>
     <span class='ocr_line' id='line_1_14' title="bbox 712 1986 874 2035; baseline 0.006 -2"><span class='ocrx_word' id='word_1_86' title='bbox 712 1986 771 2035; x_wconf 85' lang='lat' dir='ltr'>inire</span> <span class='ocrx_word' id='word_1_87' title='bbox 785 1987 874 2034; x_wconf 87' lang='lat' dir='ltr'>volunt.</span> 
     </span>
    </p>
   </div>
   <div class='ocr_carea' id='block_1_5' title="bbox 235 2193 1344 2512">
    <p class='ocr_par' dir='ltr' id='par_1_5' title="bbox 235 2193 1344 2512">
     <span class='ocr_line' id='line_1_15' title="bbox 284 2193 1342 2278; baseline 0.001 -20"><span class='ocrx_word' id='word_1_88' title='bbox 284 2197 315 2258; x_wconf 82' lang='lat'>1⁰</span> <span class='ocrx_word' id='word_1_89' title='bbox 334 2195 475 2260; x_wconf 79' lang='lat' dir='ltr'>Decreta</span> <span class='ocrx_word' id='word_1_90' title='bbox 496 2195 711 2260; x_wconf 72' lang='lat' dir='ltr'>ecclesiastica</span> <span class='ocrx_word' id='word_1_91' title='bbox 735 2193 796 2262; x_wconf 90' lang='lat' dir='ltr'>hac</span> <span class='ocrx_word' id='word_1_92' title='bbox 819 2193 861 2260; x_wconf 93' lang='lat' dir='ltr'>de</span> <span class='ocrx_word' id='word_1_93' title='bbox 881 2214 917 2260; x_wconf 90' lang='lat' dir='ltr'>re</span> <span class='ocrx_word' id='word_1_94' title='bbox 942 2199 1092 2260; x_wconf 82' lang='lat' dir='ltr'>emunata</span> <span class='ocrx_word' id='word_1_95' title='bbox 1108 2196 1342 2278; x_wconf 67' lang='lat' dir='ltr'>promittemus.</span> 
     </span>
     <span class='ocr_line' id='line_1_16' title="bbox 235 2309 1344 2396; baseline 0 -20"><span class='ocrx_word' id='word_1_96' title='bbox 235 2313 269 2376; x_wconf 75' lang='lat'>2⁰</span> <span class='ocrx_word' id='word_1_97' title='bbox 291 2309 519 2395; x_wconf 82' lang='lat' dir='ltr'>Expendemus</span> <span class='ocrx_word' id='word_1_98' title='bbox 534 2309 699 2396; x_wconf 82' lang='lat' dir='ltr'>quodnam</span> <span class='ocrx_word' id='word_1_99' title='bbox 715 2331 756 2376; x_wconf 80' lang='lat' dir='ltr'>ex</span> <span class='ocrx_word' id='word_1_100' title='bbox 777 2310 826 2376; x_wconf 89' lang='lat' dir='ltr'>his</span> <span class='ocrx_word' id='word_1_101' title='bbox 853 2310 995 2378; x_wconf 84' lang='lat' dir='ltr'>decretis</span> <span class='ocrx_word' id='word_1_102' title='bbox 1015 2331 1185 2378; x_wconf 86' lang='lat' dir='ltr'>commune</span> <span class='ocrx_word' id='word_1_103' title='bbox 1203 2311 1253 2396; x_wconf 86' lang='lat' dir='ltr'>jus</span> <span class='ocrx_word' id='word_1_104' title='bbox 1271 2314 1344 2377; x_wconf 90' lang='lat' dir='ltr'>cria·</span> 
     </span>
     <span class='ocr_line' id='line_1_17' title="bbox 236 2426 1344 2512; baseline 0 -20"><span class='ocrx_word' id='word_1_105' title='bbox 236 2436 301 2493; x_wconf 89' lang='lat' dir='ltr'>tnr.</span> <span class='ocrx_word' id='word_1_106' title='bbox 319 2431 356 2496; x_wconf 35' lang='lat'>3⁰,</span> <span class='ocrx_word' id='word_1_107' title='bbox 370 2427 588 2511; x_wconf 79' lang='lat' dir='ltr'>Exquiremus</span> <span class='ocrx_word' id='word_1_108' title='bbox 605 2447 646 2492; x_wconf 89' lang='lat' dir='ltr'>an</span> <span class='ocrx_word' id='word_1_109' title='bbox 660 2435 695 2492; x_wconf 90' lang='lat' dir='ltr'>et</span> <span class='ocrx_word' id='word_1_110' title='bbox 713 2435 875 2512; x_wconf 70' lang='lat' dir='ltr'>gulatenus</span> <span class='ocrx_word' id='word_1_111' title='bbox 887 2426 940 2512; x_wconf 87' lang='lat' dir='ltr'>jus</span> <span class='ocrx_word' id='word_1_112' title='bbox 954 2427 1038 2494; x_wconf 89' lang='lat' dir='ltr'>illud</span> <span class='ocrx_word' id='word_1_113' title='bbox 1057 2447 1229 2494; x_wconf 89' lang='lat' dir='ltr'>commune</span> <span class='ocrx_word' id='word_1_114' title='bbox 1244 2426 1344 2494; x_wconf 89' lang='lat' dir='ltr'>hodie·</span> 
     </span>
    </p>
   </div>
   <div class='ocr_carea' id='block_1_6' title="bbox 190 2543 1345 4490">
    <p class='ocr_par' dir='ltr' id='par_1_6' title="bbox 240 2543 825 2628">
     <span class='ocr_line' id='line_1_18' title="bbox 240 2543 825 2628; baseline -0.014 -16"><span class='ocrx_word' id='word_1_115' title='bbox 240 2545 320 2612; x_wconf 81' lang='lat' dir='ltr'>dunt</span> <span class='ocrx_word' id='word_1_116' title='bbox 337 2546 448 2628; x_wconf 89' lang='lat' dir='ltr'>vigere</span> <span class='ocrx_word' id='word_1_117' title='bbox 463 2543 666 2610; x_wconf 88' lang='lat' dir='ltr'>censendum</span> <span class='ocrx_word' id='word_1_118' title='bbox 680 2546 732 2610; x_wconf 84' lang='lat' dir='ltr'>sit.</span> <span class='ocrx_word' id='word_1_119' title='bbox 820 2592 825 2604; x_wconf 93' lang='lat'>.</span> 
     </span>
    </p>

    <p class='ocr_par' dir='ltr' id='par_1_7' title="bbox 190 2647 1344 3076">
     <span class='ocr_line' id='line_1_19' title="bbox 190 2647 1344 2758; baseline -0.003 -32"><span class='ocrx_word' id='word_1_120' title='bbox 190 2727 196 2758; x_wconf 55' lang='grc' dir='ltr'>Ι</span> <span class='ocrx_word' id='word_1_121' title='bbox 283 2665 447 2728; x_wconf 72' lang='lat' dir='ltr'>Pomorum</span> <span class='ocrx_word' id='word_1_122' title='bbox 463 2663 490 2726; x_wconf 86' lang='grc' dir='ltr'>Ι.</span> <span class='ocrx_word' id='word_1_123' title='bbox 508 2697 553 2710; x_wconf 90' lang='lat'>-·-</span> <span class='ocrx_word' id='word_1_124' title='bbox 566 2647 804 2728; x_wconf 76' lang='lat' dir='ltr'>Promittantor</span> <span class='ocrx_word' id='word_1_125' title='bbox 819 2665 874 2726; x_wconf 80' lang='lat' dir='ltr'>tce</span> <span class='ocrx_word' id='word_1_126' title='bbox 887 2667 924 2727; x_wconf 85' lang='lat' dir='ltr'>de</span> <span class='ocrx_word' id='word_1_127' title='bbox 940 2683 972 2726; x_wconf 83' lang='lat' dir='ltr'>re</span> <span class='ocrx_word' id='word_1_128' title='bbox 985 2669 1126 2728; x_wconf 74' lang='lat' dir='ltr'>manau</span> <span class='ocrx_word' id='word_1_129' title='bbox 1141 2666 1257 2726; x_wconf 82' lang='lat' dir='ltr'>decreto</span> <span class='ocrx_word' id='word_1_130' title='bbox 1270 2663 1344 2724; x_wconf 82' lang='lat' dir='ltr'>ecete-</span> 
     </span>
     <span class='ocr_line' id='line_1_20' title="bbox 236 2777 1344 2864; baseline -0.002 -21"><span class='ocrx_word' id='word_1_131' title='bbox 236 2786 372 2846; x_wconf 81' lang='lat' dir='ltr'>siastiea.</span> <span class='ocrx_word' id='word_1_132' title='bbox 398 2817 443 2828; x_wconf 88' lang='lat'>-</span> <span class='ocrx_word' id='word_1_133' title='bbox 465 2781 539 2844; x_wconf 90' lang='lat' dir='ltr'>Duo</span> <span class='ocrx_word' id='word_1_134' title='bbox 565 2787 678 2844; x_wconf 79' lang='lat' dir='ltr'>entant</span> <span class='ocrx_word' id='word_1_135' title='bbox 699 2777 857 2864; x_wconf 86' lang='lat' dir='ltr'>ejusmodi</span> <span class='ocrx_word' id='word_1_136' title='bbox 880 2779 1039 2846; x_wconf 87' lang='lat' dir='ltr'>decreta:</span> <span class='ocrx_word' id='word_1_137' title='bbox 1066 2781 1207 2844; x_wconf 87' lang='lat' dir='ltr'>alterum</span> <span class='ocrx_word' id='word_1_138' title='bbox 1228 2777 1344 2844; x_wconf 71' lang='lat' dir='ltr'>triden-</span> 
     </span>
     <span class='ocr_line' id='line_1_21' title="bbox 236 2895 1344 2980; baseline -0.002 -21"><span class='ocrx_word' id='word_1_139' title='bbox 236 2896 311 2960; x_wconf 82' lang='lat' dir='ltr'>tinae</span> <span class='ocrx_word' id='word_1_140' title='bbox 337 2895 470 2980; x_wconf 79' lang='lat' dir='ltr'>synodi3</span> <span class='ocrx_word' id='word_1_141' title='bbox 488 2897 630 2961; x_wconf 86' lang='lat' dir='ltr'>alterum</span> <span class='ocrx_word' id='word_1_142' title='bbox 648 2915 728 2962; x_wconf 80' lang='lat' dir='ltr'>vcro</span> <span class='ocrx_word' id='word_1_143' title='bbox 754 2898 856 2961; x_wconf 87' lang='lat' dir='ltr'>sancti</span> <span class='ocrx_word' id='word_1_144' title='bbox 880 2895 997 2975; x_wconf 82' lang='lat' dir='ltr'>Officii,</span> <span class='ocrx_word' id='word_1_145' title='bbox 1015 2917 1033 2961; x_wconf 87' lang='lat' dir='ltr'>a</span> <span class='ocrx_word' id='word_1_146' title='bbox 1049 2897 1219 2962; x_wconf 83' lang='lat' dir='ltr'>Clemente</span> <span class='ocrx_word' id='word_1_147' title='bbox 1239 2897 1265 2960; x_wconf 85' lang='lat' dir='ltr'>X</span> <span class='ocrx_word' id='word_1_148' title='bbox 1284 2913 1344 2960; x_wconf 88' lang='lat' dir='ltr'>eon</span> 
     </span>
     <span class='ocr_line' id='line_1_22' title="bbox 236 3011 413 3076; baseline -0.006 -1"><span class='ocrx_word' id='word_1_149' title='bbox 236 3011 413 3076; x_wconf 81' lang='lat' dir='ltr'>sumntum.</span> 
     </span>
    </p>

    <p class='ocr_par' dir='ltr' id='par_1_8' title="bbox 209 3107 1345 4490">
     <span class='ocr_line' id='line_1_23' title="bbox 282 3107 1340 3211; baseline 0.002 -21"><span class='ocrx_word' id='word_1_150' title='bbox 282 3128 308 3190; x_wconf 87' lang='grc' dir='ltr'>Ι.</span> <span class='ocrx_word' id='word_1_151' title='bbox 330 3107 502 3192; x_wconf 69' lang='lat' dir='ltr'>tricenum</span> <span class='ocrx_word' id='word_1_152' title='bbox 521 3131 823 3210; x_wconf 59' lang='lat' dir='ltr'>concorporantem.</span> <span class='ocrx_word' id='word_1_153' title='bbox 839 3165 884 3176; x_wconf 92' lang='grc'><strong>-</strong></span> <span class='ocrx_word' id='word_1_154' title='bbox 900 3127 1044 3211; x_wconf 72' lang='lat' dir='ltr'>Respicit</span> <span class='ocrx_word' id='word_1_155' title='bbox 1059 3126 1231 3193; x_wconf 75' lang='lat' dir='ltr'>dumtaxat</span> <span class='ocrx_word' id='word_1_156' title='bbox 1247 3143 1340 3211; x_wconf 81' lang='lat' dir='ltr'>vagos,</span> 
     </span>
     <span class='ocr_line' id='line_1_24' title="bbox 238 3241 1344 3330; baseline -0.001 -24"><span class='ocrx_word' id='word_1_157' title='bbox 238 3248 272 3306; x_wconf 88' lang='lat' dir='ltr'>et</span> <span class='ocrx_word' id='word_1_158' title='bbox 295 3249 344 3307; x_wconf 89' lang='lat' dir='ltr'>est</span> <span class='ocrx_word' id='word_1_159' title='bbox 361 3241 564 3326; x_wconf 87' lang='lat' dir='ltr'>hujusmodi:</span> <span class='ocrx_word' id='word_1_160' title='bbox 588 3267 603 3304; x_wconf 81' lang='lat' dir='ltr'>u</span> <span class='ocrx_word' id='word_1_161' title='bbox 622 3245 714 3310; x_wconf 80' lang='lat' dir='ltr'>Multi</span> <span class='ocrx_word' id='word_1_162' title='bbox 732 3253 809 3310; x_wconf 89' lang='lat' dir='ltr'>sunt</span> <span class='ocrx_word' id='word_1_163' title='bbox 832 3246 888 3330; x_wconf 90' lang='lat' dir='ltr'>qni</span> <span class='ocrx_word' id='word_1_164' title='bbox 907 3251 1067 3328; x_wconf 83' lang='lat' dir='ltr'>vagantur</span> <span class='ocrx_word' id='word_1_165' title='bbox 1089 3252 1122 3309; x_wconf 90' lang='lat' dir='ltr'>et</span> <span class='ocrx_word' id='word_1_166' title='bbox 1142 3245 1283 3309; x_wconf 89' lang='lat' dir='ltr'>incertas</span> <span class='ocrx_word' id='word_1_167' title='bbox 1302 3242 1344 3306; x_wconf 88' lang='lat' dir='ltr'>ho·</span> 
     </span>
     <span class='ocr_line' id='line_1_25' title="bbox 243 3357 1342 3444; baseline -0.004 -20"><span class='ocrx_word' id='word_1_168' title='bbox 243 3382 258 3416; x_wconf 80' lang='lat' dir='ltr'>n</span> <span class='ocrx_word' id='word_1_169' title='bbox 275 3358 355 3424; x_wconf 85' lang='lat' dir='ltr'>hent</span> <span class='ocrx_word' id='word_1_170' title='bbox 367 3357 463 3424; x_wconf 88' lang='lat' dir='ltr'>sedes</span> <span class='ocrx_word' id='word_1_171' title='bbox 475 3381 482 3441; x_wconf 89' lang='lat'>;</span> <span class='ocrx_word' id='word_1_172' title='bbox 496 3365 531 3426; x_wconf 91' lang='lat' dir='ltr'>et</span> <span class='ocrx_word' id='word_1_173' title='bbox 548 3367 586 3424; x_wconf 86' lang='lat' dir='ltr'>ut</span> <span class='ocrx_word' id='word_1_174' title='bbox 603 3361 742 3443; x_wconf 90' lang='lat' dir='ltr'>improbi</span> <span class='ocrx_word' id='word_1_175' title='bbox 758 3369 834 3426; x_wconf 87' lang='lat' dir='ltr'>snut</span> <span class='ocrx_word' id='word_1_176' title='bbox 843 3361 973 3444; x_wconf 87' lang='lat' dir='ltr'>ingenii,</span> <span class='ocrx_word' id='word_1_177' title='bbox 991 3361 1095 3443; x_wconf 89' lang='lat' dir='ltr'>prima</span> <span class='ocrx_word' id='word_1_178' title='bbox 1114 3379 1217 3426; x_wconf 79' lang='lat' dir='ltr'>uxore</span> <span class='ocrx_word' id='word_1_179' title='bbox 1229 3359 1342 3432; x_wconf 86' lang='lat' dir='ltr'>relicto,</span> 
     </span>
     <span class='ocr_line' id='line_1_26' title="bbox 241 3474 1345 3560; baseline 0.003 -27"><span class='ocrx_word' id='word_1_180' title='bbox 241 3499 257 3535; x_wconf 90' lang='lat'>«</span> <span class='ocrx_word' id='word_1_181' title='bbox 275 3475 369 3540; x_wconf 83' lang='lat' dir='ltr'>oliam</span> <span class='ocrx_word' id='word_1_182' title='bbox 391 3483 425 3540; x_wconf 89' lang='lat' dir='ltr'>et</span> <span class='ocrx_word' id='word_1_183' title='bbox 447 3476 640 3560; x_wconf 89' lang='lat' dir='ltr'>plerumque</span> <span class='ocrx_word' id='word_1_184' title='bbox 659 3477 786 3558; x_wconf 89' lang='lat' dir='ltr'>plures,</span> <span class='ocrx_word' id='word_1_185' title='bbox 805 3477 859 3542; x_wconf 91' lang='lat' dir='ltr'>illa</span> <span class='ocrx_word' id='word_1_186' title='bbox 889 3478 1038 3553; x_wconf 85' lang='lat' dir='ltr'>vivente,</span> <span class='ocrx_word' id='word_1_187' title='bbox 1055 3475 1195 3540; x_wconf 87' lang='lat' dir='ltr'>diversis</span> <span class='ocrx_word' id='word_1_188' title='bbox 1219 3476 1253 3540; x_wconf 93' lang='lat' dir='ltr'>in</span> <span class='ocrx_word' id='word_1_189' title='bbox 1277 3474 1345 3539; x_wconf 89' lang='lat' dir='ltr'>locis</span> 
     </span>
     <span class='ocr_line' id='line_1_27' title="bbox 241 3589 1341 3676; baseline 0.004 -26"><span class='ocrx_word' id='word_1_190' title='bbox 241 3589 413 3656; x_wconf 78' lang='lat' dir='ltr'>«ducunt.</span> <span class='ocrx_word' id='word_1_191' title='bbox 445 3591 503 3655; x_wconf 85' lang='lat' dir='ltr'>Cui</span> <span class='ocrx_word' id='word_1_192' title='bbox 538 3591 652 3658; x_wconf 85' lang='lat' dir='ltr'>morbo</span> <span class='ocrx_word' id='word_1_193' title='bbox 678 3593 812 3676; x_wconf 89' lang='lat' dir='ltr'>cupiens</span> <span class='ocrx_word' id='word_1_194' title='bbox 844 3589 1125 3676; x_wconf 83' lang='lat' dir='ltr'>sanctasynodus</span> <span class='ocrx_word' id='word_1_195' title='bbox 1158 3609 1341 3664; x_wconf 81' lang='lat' dir='ltr'>occurrere,</span> 
     </span>
     <span class='ocr_line' id='line_1_28' title="bbox 241 3705 1344 3792; baseline 0.003 -24"><span class='ocrx_word' id='word_1_196' title='bbox 241 3731 256 3767; x_wconf 92' lang='lat'>«</span> <span class='ocrx_word' id='word_1_197' title='bbox 274 3724 387 3772; x_wconf 86' lang='lat' dir='ltr'>omnes</span> <span class='ocrx_word' id='word_1_198' title='bbox 400 3706 442 3772; x_wconf 91' lang='lat' dir='ltr'>ad</span> <span class='ocrx_word' id='word_1_199' title='bbox 459 3727 540 3792; x_wconf 86' lang='lat' dir='ltr'>qnos</span> <span class='ocrx_word' id='word_1_200' title='bbox 555 3715 681 3791; x_wconf 87' lang='lat' dir='ltr'>spectat</span> <span class='ocrx_word' id='word_1_201' title='bbox 697 3717 833 3792; x_wconf 88' lang='lat' dir='ltr'>paterne</span> <span class='ocrx_word' id='word_1_202' title='bbox 849 3716 971 3785; x_wconf 89' lang='lat' dir='ltr'>monet,</span> <span class='ocrx_word' id='word_1_203' title='bbox 991 3728 1032 3772; x_wconf 91' lang='lat' dir='ltr'>ne</span> <span class='ocrx_word' id='word_1_204' title='bbox 1054 3708 1115 3772; x_wconf 93' lang='lat' dir='ltr'>hoc</span> <span class='ocrx_word' id='word_1_205' title='bbox 1136 3705 1344 3791; x_wconf 73' lang='lat' dir='ltr'>genushomi·</span> 
     </span>
     <span class='ocr_line' id='line_1_29' title="bbox 242 3823 1343 3908; baseline 0.004 -26"><span class='ocrx_word' id='word_1_206' title='bbox 242 3846 257 3881; x_wconf 88' lang='lat'>«</span> <span class='ocrx_word' id='word_1_207' title='bbox 274 3841 351 3886; x_wconf 90' lang='lat' dir='ltr'>num</span> <span class='ocrx_word' id='word_1_208' title='bbox 373 3824 554 3906; x_wconf 84' lang='lat' dir='ltr'>vegentium</span> <span class='ocrx_word' id='word_1_209' title='bbox 574 3823 616 3888; x_wconf 86' lang='lat' dir='ltr'>ad</span> <span class='ocrx_word' id='word_1_210' title='bbox 631 3825 871 3890; x_wconf 83' lang='lat' dir='ltr'>matrimonium</span> <span class='ocrx_word' id='word_1_211' title='bbox 889 3824 983 3890; x_wconf 85' lang='lat' dir='ltr'>facile</span> <span class='ocrx_word' id='word_1_212' title='bbox 1000 3824 1168 3908; x_wconf 85' lang='lat' dir='ltr'>recipiunt.</span> <span class='ocrx_word' id='word_1_213' title='bbox 1193 3824 1343 3906; x_wconf 83' lang='lat' dir='ltr'>Magistro·</span> 
     </span>
     <span class='ocr_line' id='line_1_30' title="bbox 243 3939 1342 4006; baseline -0.004 -3"><span class='ocrx_word' id='word_1_214' title='bbox 243 3965 256 3994; x_wconf 88' lang='lat'>«</span> <span class='ocrx_word' id='word_1_215' title='bbox 275 3946 328 4003; x_wconf 84' lang='lat' dir='ltr'>tna</span> <span class='ocrx_word' id='word_1_216' title='bbox 343 3941 439 4004; x_wconf 88' lang='lat' dir='ltr'>etiam</span> <span class='ocrx_word' id='word_1_217' title='bbox 454 3941 623 4006; x_wconf 75' lang='lat' dir='ltr'>saeculares</span> <span class='ocrx_word' id='word_1_218' title='bbox 638 3941 788 4006; x_wconf 87' lang='lat' dir='ltr'>hortatur</span> <span class='ocrx_word' id='word_1_219' title='bbox 811 3949 849 4005; x_wconf 89' lang='lat' dir='ltr'>nt</span> <span class='ocrx_word' id='word_1_220' title='bbox 871 3961 926 4006; x_wconf 88' lang='lat' dir='ltr'>eos</span> <span class='ocrx_word' id='word_1_221' title='bbox 946 3959 1062 4006; x_wconf 88' lang='lat' dir='ltr'>severe</span> <span class='ocrx_word' id='word_1_222' title='bbox 1087 3947 1272 4005; x_wconf 87' lang='lat' dir='ltr'>coerceant.</span> <span class='ocrx_word' id='word_1_223' title='bbox 1292 3939 1342 4002; x_wconf 87' lang='lat' dir='ltr'>Pa·</span> 
     </span>
     <span class='ocr_line' id='line_1_31' title="bbox 209 4051 1340 4140; baseline -0.005 -20"><span class='ocrx_word' id='word_1_224' title='bbox 209 4088 222 4097; x_wconf 47' lang='grc' dir='ltr'><em>ν</em></span> <span class='ocrx_word' id='word_1_225' title='bbox 244 4077 259 4112; x_wconf 79' lang='lat' dir='ltr'>u</span> <span class='ocrx_word' id='word_1_226' title='bbox 277 4054 383 4120; x_wconf 89' lang='lat' dir='ltr'>rochis</span> <span class='ocrx_word' id='word_1_227' title='bbox 401 4063 511 4120; x_wconf 88' lang='lat' dir='ltr'>antem</span> <span class='ocrx_word' id='word_1_228' title='bbox 523 4058 670 4140; x_wconf 73' lang='lat' dir='ltr'>precipit</span> <span class='ocrx_word' id='word_1_229' title='bbox 688 4077 728 4122; x_wconf 86' lang='lat' dir='ltr'>nc</span> <span class='ocrx_word' id='word_1_230' title='bbox 744 4058 874 4122; x_wconf 88' lang='lat' dir='ltr'>illorum</span> <span class='ocrx_word' id='word_1_231' title='bbox 888 4056 1098 4122; x_wconf 87' lang='lat' dir='ltr'>matrimoniis</span> <span class='ocrx_word' id='word_1_232' title='bbox 1115 4057 1277 4131; x_wconf 86' lang='lat' dir='ltr'>intersint,</span> <span class='ocrx_word' id='word_1_233' title='bbox 1293 4051 1340 4116; x_wconf 91' lang='lat' dir='ltr'>nisi</span> 
     </span>
     <span class='ocr_line' id='line_1_32' title="bbox 244 4171 1339 4259; baseline -0.004 -23"><span class='ocrx_word' id='word_1_234' title='bbox 244 4195 259 4229; x_wconf 87' lang='lat'>«</span> <span class='ocrx_word' id='word_1_235' title='bbox 272 4174 364 4255; x_wconf 88' lang='lat' dir='ltr'>prius</span> <span class='ocrx_word' id='word_1_236' title='bbox 373 4171 562 4256; x_wconf 87' lang='lat' dir='ltr'>diligentem</span> <span class='ocrx_word' id='word_1_237' title='bbox 576 4175 815 4259; x_wconf 86' lang='lat' dir='ltr'>inquisitionem</span> <span class='ocrx_word' id='word_1_238' title='bbox 828 4174 978 4251; x_wconf 88' lang='lat' dir='ltr'>fecerint,</span> <span class='ocrx_word' id='word_1_239' title='bbox 996 4181 1030 4238; x_wconf 88' lang='lat' dir='ltr'>et</span> <span class='ocrx_word' id='word_1_240' title='bbox 1045 4191 1082 4238; x_wconf 91' lang='lat' dir='ltr'>re</span> <span class='ocrx_word' id='word_1_241' title='bbox 1094 4171 1137 4236; x_wconf 91' lang='lat' dir='ltr'>ad</span> <span class='ocrx_word' id='word_1_242' title='bbox 1149 4171 1339 4238; x_wconf 77' lang='lat' dir='ltr'>ordinarium</span> 
     </span>
     <span class='ocr_line' id='line_1_33' title="bbox 244 4285 1335 4375; baseline -0.002 -27"><span class='ocrx_word' id='word_1_243' title='bbox 244 4312 260 4348; x_wconf 76' lang='lat' dir='ltr'>a</span> <span class='ocrx_word' id='word_1_244' title='bbox 278 4287 400 4367; x_wconf 78' lang='lat' dir='ltr'>delata,</span> <span class='ocrx_word' id='word_1_245' title='bbox 419 4289 461 4354; x_wconf 87' lang='lat' dir='ltr'>ab</span> <span class='ocrx_word' id='word_1_246' title='bbox 476 4309 516 4355; x_wconf 89' lang='lat' dir='ltr'>ee</span> <span class='ocrx_word' id='word_1_247' title='bbox 527 4290 691 4356; x_wconf 87' lang='lat' dir='ltr'>licentiam</span> <span class='ocrx_word' id='word_1_248' title='bbox 705 4289 740 4356; x_wconf 93' lang='lat' dir='ltr'>id</span> <span class='ocrx_word' id='word_1_249' title='bbox 759 4289 900 4355; x_wconf 83' lang='lat' dir='ltr'>faciendi</span> <span class='ocrx_word' id='word_1_250' title='bbox 911 4289 1122 4356; x_wconf 83' lang='lat' dir='ltr'>obtinuerint.</span> <span class='ocrx_word' id='word_1_251' title='bbox 1145 4307 1161 4349; x_wconf 83' lang='lat' dir='ltr'>a</span> <span class='ocrx_word' id='word_1_252' title='bbox 1184 4289 1276 4375; x_wconf 82' lang='lat' dir='ltr'>(sess.</span> <span class='ocrx_word' id='word_1_253' title='bbox 1294 4285 1335 4358; x_wconf 80' lang='lat' dir='ltr'>nt,</span> 
     </span>
     <span class='ocr_line' id='line_1_34' title="bbox 243 4399 1337 4490; baseline -0.007 -20"><span class='ocrx_word' id='word_1_254' title='bbox 243 4425 272 4472; x_wconf 86' lang='lat' dir='ltr'>c.</span> <span class='ocrx_word' id='word_1_255' title='bbox 293 4413 323 4481; x_wconf 89' lang='lat'>7,</span> <span class='ocrx_word' id='word_1_256' title='bbox 342 4409 379 4467; x_wconf 84' lang='lat' dir='ltr'>de</span> <span class='ocrx_word' id='word_1_257' title='bbox 392 4410 458 4489; x_wconf 76' lang='lat' dir='ltr'>Itos.</span> <span class='ocrx_word' id='word_1_258' title='bbox 470 4402 619 4490; x_wconf 70' lang='lat' dir='ltr'>taetrior.)</span> <span class='ocrx_word' id='word_1_259' title='bbox 632 4407 670 4471; x_wconf 85' lang='lat' dir='ltr'>&#39;Vi</span> <span class='ocrx_word' id='word_1_260' title='bbox 685 4405 780 4490; x_wconf 76' lang='lat' dir='ltr'>huius</span> <span class='ocrx_word' id='word_1_261' title='bbox 795 4404 974 4474; x_wconf 81' lang='lat' dir='ltr'>Tridentini</span> <span class='ocrx_word' id='word_1_262' title='bbox 986 4404 1123 4482; x_wconf 88' lang='lat' dir='ltr'>decreti,</span> <span class='ocrx_word' id='word_1_263' title='bbox 1138 4404 1226 4470; x_wconf 89' lang='lat' dir='ltr'>licite</span> <span class='ocrx_word' id='word_1_264' title='bbox 1243 4399 1337 4484; x_wconf 85' lang='lat' dir='ltr'>nequit</span> 
     </span>
    </p>
   </div>
   <div class='ocr_carea' id='block_1_7' title="bbox 0 0 1464 5114">
    <p class='ocr_par' dir='ltr' id='par_1_9' title="bbox 0 0 1464 5114">
     <span class='ocr_line' id='line_1_35' title="bbox 0 0 1464 5114; baseline 0 0"><span class='ocrx_word' id='word_1_265' title='bbox 0 0 1464 5114; x_wconf 95' lang='lat' dir='ltr'> </span> 
     </span>
    </p>
   </div>
  </div>
 </body>
</html>
