2838 5114
454 397 533 444 rccs
556 395 714 442 srconnc.
1076 381 1141 443 355

40 528 150 588 tantum
173 521 316 588 decisum
334 521 445 600 fuisse,
465 520 621 607 suspendi
636 539 729 605 posse
745 519 786 585 ab
805 519 959 586 exercitio
975 518 1140 606 beneflcii3

40 635 117 722 quod
140 621 353 723 privationem
378 638 547 705 fructuum
573 633 724 704 beneficii
739 655 850 702 secum
869 655 935 702 non
951 636 1064 704 trahit.
1090 638 1138 702 lin

39 755 125 838 ipsius
142 755 244 822 verba
263 778 270 820 ε

79 872 205 936 clnnixi
222 873 297 938 huie
313 873 481 940 sentencie
501 869 596 937 dictae
611 872 714 937 Sacroe
731 870 997 954 congregationis
1014 872 1143 959 (nempe

43 987 147 1073 «qood
166 989 268 1072 possit
286 990 464 1073 Episcopus
487 1005 528 1054 ex
542 989 714 1055 informata
732 988 926 1053 conscientia
943 987 1143 1073 suspendere

43 1127 56 1163 c
70 1125 85 1168 c
100 1106 257 1189 susceptis
278 1103 462 1182 ordinibus,
482 1103 757 1189 dignitatibusque
774 1111 808 1170 et
826 1103 995 1188 gradibus,
1018 1123 1142 1170 necnon

43 1219 259 1306 timoribus),
278 1222 391 1305 plures
408 1222 505 1287 etiarn
521 1221 761 1297 existimarunt,
784 1239 878 1304 posse
894 1217 1087 1304 Episcopum
1104 1241 1144 1287 ex

43 1359 55 1395 c
70 1337 237 1403 informata
262 1337 459 1403 conscientia
477 1335 680 1421 suspendere
697 1357 714 1401 a
734 1333 893 1403 beneficio
920 1358 926 1402 :
956 1335 1054 1421 idque
1071 1339 1145 1422 quia

44 1475 56 1510 c
70 1449 119 1517 ubi
128 1455 236 1537 agitur
248 1452 292 1517 de
305 1453 513 1535 suspensione
528 1452 569 1517 ab
583 1452 738 1518 exercitio
752 1451 874 1516 ordinis
885 1454 1041 1535 suscepti,
1057 1451 1146 1517 vide·

45 1575 118 1634 ctnr
138 1571 234 1636 simul
258 1569 311 1652 ugi
334 1568 376 1634 de
392 1569 602 1651 suspensione
628 1589 647 1634 a
672 1567 843 1644 beneficio,
868 1575 906 1632 ut
929 1566 1146 1650 praeseferunt

46 1685 166 1752 «verba
181 1683 257 1764 illa,
277 1693 331 1749 out
345 1691 396 1766 qai
419 1705 439 1747 a
463 1690 526 1748 scis
544 1687 715 1760 ordinibus,
734 1705 785 1748 seo
800 1687 963 1766 praelibas,
986 1686 1034 1746 uel
1044 1687 1147 1766 dipsi-

43 1824 56 1860 c
71 1806 175 1866 tatibro
188 1805 397 1866 ecclesiasticis
405 1804 500 1882 fucrit
514 1819 682 1883 uesperam

79 1943 93 1978 c
107 1919 226 1984 Contra
239 1919 295 1984 alii
310 1919 342 1981 in
364 1935 402 1982 ea
426 1917 686 1999 summissione,
704 1923 742 1982 ut
752 1917 972 2000 Episcopus...
989 1937 1031 1983 en
1045 1918 1146 1982 infor-

44 2044 147 2101 cmctc
162 2033 361 2100 conscientia
379 2031 581 2117 suspendere
596 2053 658 2097 nec
676 2033 782 2098 valeat
802 2032 844 2097 ab
865 2034 1021 2100 exercitio
1050 2033 1147 2100 hene·

45 2150 127 2216 clicii
143 2151 273 2238 (confer
286 2151 356 2216 Van
369 2149 553 2232 Espenium,
572 2153 609 2212 de
621 2153 774 2230 censuris,
794 2153 943 2235 cap.10;
962 2149 1143 2230 Altaserrce,

45 2291 57 2326 c
72 2267 182 2334 eodem
195 2271 361 2344 tractatu,
380 2285 414 2329 n.
430 2268 462 2342 2,
481 2264 605 2348 disput.
632 2267 683 2344 14,
703 2284 774 2348 cap.
797 2263 840 2350 l).

79 2409 92 2442 c
109 2385 148 2450 la
161 2383 252 2449 dicta
268 2381 484 2465 congregatio
503 2381 655 2445 sustinuit
671 2382 926 2464 suspensionem,
951 2402 1048 2467 quam
1070 2384 1147 2467 lipi-

45 2522 56 2558 c
70 2517 176 2585 scopus
190 2519 233 2566 ex
246 2497 421 2562 infcrmccta
443 2497 638 2561 conscientia
653 2495 816 2564 iniliuerat
829 2498 870 2564 ab
884 2501 1040 2566 exercitio
1059 2520 1145 2565 curre

46 2637 58 2673 c
76 2615 116 2700 (in
128 2614 324 2700 sagonensi,
343 2615 385 2676 25
398 2610 479 2696 junii
497 2609 637 2694 162⁵)...

81 2755 94 2790 c
109 2731 220 2797 lidbuc
239 2729 385 2795 decisum
400 2726 489 2793 hand
505 2733 574 2805 est,
589 2747 631 2791 cn
647 2729 824 2812 Episcopus
835 2729 1035 2814 suspendere
1049 2740 1147 2816 queat

48 2870 60 2904 c
74 2865 108 2911 cx
116 2847 293 2913 informata
309 2845 531 2910 conscientias
544 2843 719 2929 benefici03
738 2845 797 2910 sed
811 2847 915 2912 solum
926 2845 1070 2914 decisum
1081 2858 1143 2927 est,

48 2987 59 3020 c
75 2981 157 3046 posse
172 2961 378 3047 suspendere
393 2979 434 3025 ex
452 2960 624 3026 informata
647 2963 844 3028 conscientia
859 2963 900 3028 ab
916 2965 1074 3030 exercitio
1088 2965 1148 3031 be·

48 3101 59 3136 c
73 3081 189 3165 neflcii;
210 3097 284 3165 quae
298 3077 466 3161 suspensio
481 3076 625 3159 partialis
639 3085 707 3154 est,
729 3097 790 3143 nec
804 3079 966 3146 fructibus
987 3081 1104 3165 privat.
1127 3105 1143 3142 s

47 3194 205 3278 (lemaris,
233 3213 315 3261 voce
338 3198 516 3274 Suspcrrsc'o,
539 3194 677 3259 articulo
708 3199 738 3272 i,
759 3213 896 3289 numero
917 3201 937 3264 8
960 3206 993 3263 et
1009 3214 1146 3284 sequen-

45 3309 140 3397 iilms.)
931 3349 935 3356 ·

79 3429 134 3494 Sed
149 3445 258 3514 neque
271 3425 368 3502 mihi,
389 3425 491 3490 scere
508 3425 773 3510 Gongregationis
788 3429 920 3496 concilii
933 3432 1148 3498 resolutiones

45 3544 209 3621 evolventi,
228 3540 406 3627 quidquam
422 3541 564 3606 occurrit
580 3561 620 3606 ex
644 3560 709 3627 quo
729 3545 872 3627 rigorose
888 3563 949 3628 pro
966 3547 1016 3611 vel
1033 3555 1144 3612 contra

44 3653 134 3724 iniat
146 3657 413 3744 questionaleat.
431 3657 513 3720 ilinc
531 3674 736 3739 supponens,
755 3678 829 3724 cnm
854 3663 990 3743 prelato
1006 3663 1145 3728 Ferrarii

44 3782 235 3851 cunctatore,
261 3791 332 3838 rem
347 3771 491 3837 nondum
509 3771 609 3838 luisse
625 3793 778 3856 expresse
794 3774 955 3855 decisam,
978 3778 1057 3864 qnid
1070 3797 1146 3864 pro-

45 3883 166 3954 babilius
182 3888 340 3955 videatur
358 3907 398 3952 ex
419 3894 514 3951 textu
530 3888 600 3970 ipso
620 3887 816 3955 Tridentince
833 3891 967 3975 synodi,
987 3895 1146 3978 generall-

46 3997 153 4089 bosque
161 4005 245 4090 juris
260 4003 441 4087 principiis,
460 4019 628 4086 proposse
648 4005 842 4071 enucleabo.

80 4123 117 4186 ll.
132 4123 269 4190 Duobus
280 4120 458 4186 mtionibus
468 4123 657 4205 possetqnis
672 4123 831 4206 Episcopo
844 4123 1011 4193 vindicare
1021 4126 1150 4194 dictam
1218 4124 1221 4128 ’

47 4241 225 4314 potestatem
241 4255 283 4302 ex
299 4234 472 4300 informata
488 4236 683 4301 conscientia
700 4237 892 4304 chenciicio
904 4239 1141 4325 suspendendi:

47 4350 135 4428 primo
151 4353 291 4429 scilicet,
314 4350 388 4435 quia
407 4358 501 4415 certo
510 4355 620 4433 potest
635 4353 812 4437 Episcopus
826 4375 867 4421 ex
881 4355 1055 4422 informata
1070 4372 1146 4422 conc·

48 4467 165 4534 scientia
184 4466 387 4551 suspendere
409 4467 451 4531 ab
471 4466 585 4545 officio,
603 4475 636 4532 et
652 4472 820 4551 suspensio
834 4471 876 4535 ab
894 4471 996 4537 officio
1012 4489 1146 4558 suspen*
