2836 5118
477 359 556 407 rans
579 361 737 409 succum.
1100 343 1162 408 293

75 484 171 550 «niue
191 483 337 566 prolate,
358 483 444 549 vela
462 483 537 570 jure
552 484 579 548 si
590 491 741 550 occurrat
758 483 895 550 dubium
909 483 999 561 iacti,
1018 483 1072 548 vel
1089 501 1165 566 pro

74 598 189 664 «babile
205 597 340 665 dubium
353 598 456 684 juris,
475 598 686 666 concedenda
700 601 781 683 erit;
806 607 949 684 tuncque
974 595 1017 663 aci
1034 604 1164 680 tempus

75 714 183 780 «breve
210 733 284 780 cum
299 714 530 794 reincidentia,
554 723 589 781 et
609 717 752 803 prestita
769 733 829 800 per
852 715 1163 800 excommunicatum

74 832 231 897 «cautione
243 829 286 896 de
295 830 410 897 stando
417 830 483 917 juri
491 839 525 898 et
536 833 682 916 parendo
691 831 849 898 mandatis
860 831 1010 897 Ecclesiae
1018 838 1143 895 tantum
1155 855 1161 896 :

74 954 129 1024 cet,
145 947 171 1012 si
187 945 281 1032 juxta
294 947 431 1012 formam
447 967 466 1013 a
480 946 554 1033 jure
568 949 789 1031 praescriptam
804 946 985 1032 apparebit,
1007 965 1104 1032 quem
1122 948 1164 1014 ob

73 1043 286 1128 «nanffes'tam
301 1061 454 1128 offensam
463 1055 775 1129 excommunicatum
785 1062 895 1138 fuisse,
909 1061 1053 1128 debitam
1065 1064 1163 1128 etium

73 1179 332 1245 «satisfactionem
342 1186 498 1262 praestare
513 1201 520 1244 :
538 1188 583 1257 et,
598 1181 625 1244 si
639 1179 681 1246 ob
697 1180 930 1263 contumacium
946 1180 1160 1257 manifestam,

72 1295 232 1378 «expensis
244 1297 368 1378 pariter
379 1296 585 1380 satisfacere3
600 1303 634 1361 et
645 1315 763 1362 cauere
778 1295 820 1362 de
831 1295 954 1382 judicio
971 1297 1040 1362 sisti
1055 1315 1162 1362 coram

72 1411 403 1476 «excommunicatore
423 1410 642 1489 istenebitur,
661 1413 846 1497 priusquam
866 1411 907 1476 ad
929 1412 1089 1477 cautelam
1107 1413 1163 1478 ab·

72 1527 238 1592 «solvatur.

105 1665 116 1700 u
136 1643 187 1706 14⁰
206 1643 233 1707 A
254 1643 412 1708 sententia
428 1641 524 1708 etiam
542 1641 710 1708 definitiva
730 1647 843 1707 contra
864 1661 979 1706 verum
997 1645 1161 1708 contuma-

71 1778 156 1824 ccem
173 1759 312 1844 prolata,
323 1759 498 1843 appellatio
516 1779 580 1826 non
593 1760 780 1844 recipiatur,
795 1778 855 1824 uec
866 1757 1015 1824 inhibitio
1030 1766 1086 1823 aut
1101 1759 1162 1824 alia

72 1877 203 1959 uquaeuis
222 1876 374 1960 provisio,
394 1873 537 1960 quandiu
553 1876 720 1959 appellans
735 1875 767 1938 in
783 1871 967 1957 hujusmodi
981 1893 1060 1939 uera
1085 1893 1162 1939 con-

72 1992 217 2057 «tumacia
233 1992 424 2075 perstiterit,
449 1991 660 2056 concedatur.

104 2109 245 2185 «Rome,
262 2109 294 2174 iu
309 2109 405 2174 Sacra
417 2109 685 2193 congregatione,
704 2108 757 2173 die
775 2109 814 2173 16
834 2106 975 2174 octobris
993 2109 1088 2173 1600.
1120 2131 1136 2170 s
