2876 5114
249 309 313 370 sto
591 325 779 374 morosus
803 325 1016 374 uniuersus.

244 455 278 514 r'n
308 455 477 514 eatoorirun
499 452 666 531 mutauit.
685 455 759 514 Aeto
775 459 845 514 sart
866 453 967 516 nne...
986 485 1031 500 -·
1055 455 1119 533 Epo
1145 454 1200 530 N„
1231 455 1357 515 i'ieon'us

243 569 404 646 petieratis.
420 603 465 614 -
479 570 542 648 Epa
557 569 587 630 N
590 615 612 645 .,
630 573 797 631 actuarius.
814 591 829 626 u

288 679 343 746 tv.
366 678 398 742 si
417 697 493 744 sero
512 678 567 742 ille
587 677 679 762 eujus
697 697 815 744 nomen
833 679 1049 746 subscribitur
1067 665 1305 746 denuntiationi
1320 679 1356 743 ad

244 795 439 878 Episcopum
458 796 670 872 transmisse,
691 803 820 861 ostensu
838 796 899 862 sibi
917 797 976 862 hac
995 796 1257 874 denuntiatione,
1279 795 1357 862 diest

244 931 279 976 se
293 911 476 978 nullatenus
491 931 561 976 earn
578 911 755 996 scripsisse,
771 912 878 977 statim
894 911 1097 978 claudendus
1110 921 1162 977 est
1176 931 1355 996 proeessus;

244 1024 333 1110 qnod
357 1026 429 1092 tisri
455 1032 563 1110 potest
589 1024 735 1092 adhibite
764 1026 877 1092 ultima
902 1027 1040 1092 formula
1065 1043 1170 1110 usqne
1197 1026 1239 1092 nd
1264 1027 1355 1092 reris

244 1149 391 1226 emporio
411 1146 505 1222 ἱρέων
523 1143 789 1220 authenticam...;
805 1160 944 1227 quorum
959 1143 1032 1208 loeo
1046 1143 1091 1208 sie
1108 1142 1210 1208 scribi
1229 1150 1354 1225 potest:

247 1261 437 1340 «Comperto
462 1263 557 1338 ipitur
583 1279 622 1322 en:
647 1260 825 1340 praemittis
855 1263 971 1326 nullom
995 1264 1088 1340 satine
1110 1264 1357 1326 denuntiationem

244 1376 391 1455 Episcopo
412 1381 687 1455 transmeamus
707 1379 838 1456 eoquod
858 1395 918 1438 non
940 1384 1086 1458 appareat
1102 1395 1234 1458 peream
1256 1379 1356 1440 derton-

246 1494 377 1567 tiotoris,
392 1491 523 1554 deerevit
540 1494 719 1554 reverendus
729 1495 767 1556 Ν.
784 1494 809 1552 V
809 1496 922 1554 nortus
933 1495 1083 1571 peneralis
1094 1512 1155 1554 non
1170 1511 1233 1554 esse
1242 1493 1359 1554 ulterius

240 1605 471 1684 procedendum.
487 1609 561 1671 Aeto
574 1612 643 1668 send
657 1606 758 1674 dee..
782 1641 827 1654 -
847 1609 910 1687 Epo
924 1610 951 1670 Ν
956 1655 978 1684 .,
995 1610 1132 1670 Vieorins
1144 1608 1305 1688 peneruiis.
1318 1641 1358 1654 -

243 1720 307 1800 Epa
329 1723 385 1798 N„
403 1726 568 1788 actuarius.
584 1744 600 1780 u

775 1920 829 1980 vt,

244 2145 268 2192 Si
283 2143 426 2192 denuntiatio
447 2156 487 2205 per
503 2143 592 2190 litteras
614 2142 686 2190 missa
709 2142 792 2199 inerit,
806 2149 829 2188 et
842 2139 983 2190 denuntians
997 2149 1063 2192 extro
1077 2139 1197 2191 dioeeesinr
1212 2144 1308 2202 existat,
1322 2157 1357 2190 aer

345 2237 453 2300 expedint
466 2249 518 2286 euru
532 2235 562 2284 ad
578 2237 667 2285 curiora
682 2237 772 2298 vocari,
788 2235 881 2298 procedi
896 2245 919 2284 et
930 2237 1001 2286 scribi
1015 2237 1100 2300 poterit
1116 2238 1161 2286 hoc
1175 2237 1244 2286 uredo
1260 2253 1266 2286 ι

287 2467 377 2532 Tune
406 2465 531 2531 scilieet
561 2463 602 2529 sd
630 2463 837 2530 ordinarium
865 2463 1010 2549 judicem
1042 2465 1231 2544 dioeceseos
1248 2467 1281 2528 iu
1299 2485 1354 2550 qur

243 2579 334 2664 degit
348 2581 554 2658 denuntians,
574 2579 796 2664 expediuntur
812 2585 922 2646 littera
936 2585 1162 2662 remissorioles,
1181 2582 1299 2667 quihus
1313 2601 1355 2645 ro

242 2703 349 2779 gutur,
371 2704 408 2760 ut
426 2697 687 2762 informationem
710 2706 816 2763 sumat
840 2705 873 2762 et
899 2707 1011 2781 posteo
1038 2699 1239 2765 transmittat
1264 2717 1354 2782 super

243 2811 314 2890 hoe,
337 2833 378 2878 su
397 2819 575 2896 praetensus
602 2812 796 2878 denuntians
820 2833 937 2880 revera
966 2814 1220 2881 denuntiationis
1238 2813 1280 2880 de
1299 2834 1352 2899 qun

242 2929 349 3012 egitur
366 2937 481 2995 auctor
499 2929 550 2994 sit.
574 2929 720 2994 Formam
741 2939 850 2995 nutem
870 2929 1030 3014 ejusmodi
1049 2931 1235 2996 litterarum
1252 2931 1352 2997 remis-

241 3045 415 3120 soriuiiutn,
436 3051 470 3109 et
488 3041 619 3109 modum
643 3064 707 3128 quo
729 3045 800 3109 illes
819 3048 936 3132 exequi
961 3045 1062 3111 debet
1078 3045 1182 3130 judex
1205 3045 1248 3112 ed
1263 3065 1351 3132 quem

240 3158 425 3238 mittuntur,
443 3159 494 3224 hic
510 3160 708 3243 omittimus3
727 3163 800 3246 quin
816 3162 948 3227 mutetis
964 3161 1129 3226 mutandis
1146 3161 1242 3227 facile
1257 3159 1350 3245 optari

241 3283 399 3356 poterunt
419 3274 462 3339 ad
480 3291 627 3339 normam
650 3275 851 3354 eorumdem,
873 3276 957 3341 infru
979 3275 1185 3356 tradendam,
1207 3297 1265 3362 pro
1288 3297 1350 3342 exn·

241 3389 393 3456 minando
408 3397 504 3467 teste,
523 3391 556 3454 in
572 3393 676 3456 aliena
693 3392 826 3458 dioeoesi
842 3392 994 3477 degente.

685 3679 818 3744 CAPUT
843 3683 913 3746 Vll.

410 3936 521 3984 PORMA
544 3935 713 3984 FACIENDAE
736 3935 967 3998 lsputslntonts
990 3895 1183 3988 emendus

283 4184 410 4269 Duplex
425 4191 473 4252 est
486 4187 652 4270 inquisitio
664 4189 832 4270 genersiis,
849 4194 985 4272 paterne
999 4191 1121 4256 seilicet
1132 4197 1167 4256 et
1177 4188 1337 4275 judioiai's.
1429 4252 1432 4258 .

238 4303 297 4368 iiio
311 4303 354 4370 de
368 4302 514 4388 judioieli
529 4300 698 4369 dumtaxat
713 4304 830 4387 egitur,
847 4323 921 4370 euni
937 4312 1073 4389 paterno
1089 4305 1131 4372 ed
1146 4323 1274 4389 scopum
1291 4321 1340 4368 no·

239 4427 341 4485 suum
356 4439 420 4484 non
437 4419 611 4504 pertinent.
