2878 5114
266 321 344 386 598Δ
608 325 796 384 amerinus
819 333 862 383 nn
884 327 1032 387 raorcns.

262 469 381 530 dissipat
394 468 535 546 Episcopi
549 465 577 526 N
581 511 603 540 .‚
624 466 761 526 Vieara'us
773 464 932 542 peroratio,
950 470 1105 546 recepisset
1118 447 1140 527 a
1148 469 1291 530 reuueudo
1300 471 1319 530 N
1323 517 1337 544 .‚

261 590 294 646 iu
303 586 421 646 dioeoest
436 583 466 644 N
469 629 492 658 .‚
512 582 630 642 Vieario
646 582 781 660 peperoli
797 587 827 643 et
840 581 996 642 ordtuaria
1007 583 1124 663 judae,
1138 585 1273 662 praedam
1285 585 1342 644 titte-

259 720 311 763 rna
324 697 550 776 remissorium,
569 715 634 776 qua
654 700 811 778 iucipiuut.
822 745 844 760 ..
863 703 892 759 et
908 699 1106 776 desinant...,
1129 706 1159 761 et
1178 706 1246 762 aaut
1260 704 1342 761 tenuia

258 819 417 897 sequeutia,
433 815 572 876 uidelicet
587 811 642 898 (ibi
656 811 775 877 litterae
791 810 1033 896 describantur)
1051 833 1060 878 :
1075 816 1146 877 Ideo
1159 818 1295 896 prefatus
1310 834 1344 876 re·

258 934 464 1019 oereudusN·2
472 933 610 994 Vioarr'us
618 934 778 1010 poneretis,
791 934 921 995 decrevit
926 939 1019 1014 prout
1028 935 1140 1015 dejure
1152 953 1201 996 eas
1210 940 1345 998 ermuini

256 1048 447 1111 demandare.
466 1049 654 1126 Quapropter
664 1065 710 1107 rue
723 1047 859 1109 odttotto
873 1049 1079 1131 infrascripto,
1093 1054 1186 1111 eumue
1201 1052 1347 1132 episcopatis

256 1169 403 1243 actuario,
424 1165 533 1225 statuit
541 1163 583 1223 ad
592 1162 810 1243 sormamjurr‘s
825 1183 950 1226 eramen
962 1165 999 1226 de
1007 1183 1063 1244 quo
1076 1166 1138 1244 suit
1150 1172 1269 1246 ropatus
1281 1171 1350 1228 irati-

257 1289 349 1344 tuere.
365 1284 440 1345 Aeta
452 1287 522 1341 aaut
532 1278 592 1340 ttae
603 1280 708 1357 die...,
723 1285 858 1343 mensis..
869 1329 889 1356 .,
903 1299 1024 1348 auuo...
1037 1318 1081 1328 --
1092 1281 1155 1361 Epo
1165 1285 1195 1346 N
1198 1331 1219 1360 .,
1235 1284 1351 1346 uacarios

255 1399 415 1480 peroratis.
438 1432 477 1442 -
496 1399 560 1477 Epo
576 1397 616 1459 N
622 1428 632 1472 ‚·
655 1401 823 1460 actuarius.

302 1539 318 1576 a
335 1517 549 1594 cousequenter
566 1519 687 1574 uocatus
709 1515 771 1592 fuit
787 1515 925 1576 domiuus
939 1519 969 1578 N
971 1537 998 1592 .;
1015 1522 1043 1577 et
1058 1519 1260 1594 iuterropataa
1282 1531 1352 1594 super

250 1631 502 1714 primoarta'oulo,
523 1629 718 1709 respoudit...
738 1631 834 1710 Super
847 1633 984 1709 seeundo,
1007 1631 1232 1712 respoudit...»
1257 1631 1352 1696 Postea

254 1749 386 1832 ponitur
410 1744 553 1812 clausula·
575 1747 683 1826 quitus
710 1746 833 1825 dabitis,
855 1755 926 1826 ete,
954 1763 1018 1832 qua
1046 1747 1130 1814 solet
1149 1765 1278 1832 semper
1296 1767 1353 1813 aon-

254 1863 342 1930 etndi
365 1880 501 1928 examen
518 1859 717 1938 testium„et
738 1879 834 1945 qnam
851 1861 950 1928 habes
968 1863 1064 1928 infra.
1095 1863 1238 1930 Examen
1263 1870 1353 1930 auten

252 1978 425 2064 sigillatum
448 1977 688 2043 transmittatur
711 1975 753 2042 ad
768 1975 913 2062 judicem
932 1979 987 2063 qui
1006 1977 1239 2046 remissoriales
1265 1977 1351 2044 dedit.

700 2370 833 2437 onear
856 2324 923 2438 nv.

249 2643 360 2697 FORMA
377 2641 421 2690 ΑΒ
439 2640 619 2692 nnuman
642 2640 883 2688 DEPOSITIONRM
904 2642 1014 2692 TESTIS
1035 2642 1207 2702 ausuum,
1226 2643 1258 2689 In
1278 2642 1352 2690 DIOE·

292 2756 362 2804 Gfflt
379 2753 491 2802 TAMEN
507 2753 704 2811 nxtsnnanls,
722 2752 816 2814 QUEM
839 2747 943 2802 Junnx
965 2753 1188 2803 onaoaumun
1208 2754 1272 2802 NON
1295 2753 1351 2800 EXI-

290 2871 410 2934 811ssss
424 2870 468 2918 AB
483 2867 610 2916 GURIAM
626 2867 755 2916 vocant.

290 3145 339 3211 nd
358 3146 444 3212 hane
462 3145 616 3212 effectum
641 3145 761 3211 dantur
789 3143 918 3223 litterae,
941 3160 1011 3229 qnae
1039 3149 1288 3212 commissiouaim
1308 3143 1348 3209 di·

244 3259 375 3342 euntur,
394 3263 511 3348 quibus
532 3282 649 3347 nempe
667 3261 763 3328 alieni
778 3263 991 3327 committitur
1005 3270 1043 3329 nt
1056 3269 1177 3330 testem
1193 3265 1226 3329 in
1239 3259 1347 3330 Iaeoin

247 3398 312 3464 quo
328 3375 418 3464 degit
429 3378 537 3457 adeat,
557 3379 610 3444 vel
626 3375 669 3444 ad
685 3397 719 3444 se
738 3385 844 3458 vocet,
863 3383 961 3463 atque
984 3395 1058 3444 eum
1084 3382 1258 3446 examinet.
1278 3379 1345 3460 Qua

246 3496 375 3574 littera,
395 3496 419 3560 si
436 3514 496 3580 per
514 3514 568 3560 eas
584 3494 679 3560 simul
696 3495 767 3578 quis
783 3495 815 3559 in
831 3495 995 3560 notarium
1010 3490 1180 3577 publicum
1200 3493 1345 3562 creandus

242 3613 296 3689 sit,
313 3611 354 3677 ab
369 3611 526 3695 Episcopo
542 3609 613 3676 dari
632 3608 766 3688 dehent,
785 3628 858 3674 eum
876 3612 1019 3677 notarius
1033 3599 1051 3676 n
1066 3612 1194 3679 vicario
1208 3607 1344 3697 'genardi

242 3729 347 3792 creari
362 3732 513 3812 nequeat.
533 3727 591 3791 flio
607 3723 808 3812 subjicienda
827 3725 966 3792 formula
984 3725 1145 3811 ejusmodi
1162 3727 1342 3794 commissio

239 3844 360 3910 nalium
382 3844 587 3920 litterarum,
606 3850 639 3908 et
664 3842 766 3909 forma
782 3862 800 3907 a
818 3844 1035 3909 commissario
1051 3845 1083 3908 in
1100 3846 1139 3911 iis
1156 3840 1341 3931 exequendis

237 3957 392 4024 tenenda.
