2878 5114
241 340 305 407 448
590 355 778 404 maculatis
801 355 846 402 na
868 355 1016 403 runicus.

242 481 512 548 «matrimonium
527 479 627 562 possit
646 481 707 559 uir,
724 481 871 565 quamvis
886 499 927 545 ex
946 486 1039 562 parte
1055 481 1156 564 ipsius
1168 481 1352 564 impotentia

241 618 306 664 use
322 604 491 679 teneat...;
508 595 582 679 quia
596 596 657 658 riri
672 597 809 661 interest
823 598 929 681 ipsum
944 595 1093 675 dissolvi,
1112 617 1153 662 ne
1167 607 1303 681 cogatur
1314 596 1353 662 ad

241 731 371 777 «onera
398 711 592 775 matrimonii
617 709 701 775 irriti
728 710 929 777 sustinenda.
956 713 1084 794 Excipit
1109 713 1250 778 Sanchez
1277 711 1356 778 duos

240 845 363 892 «casus
380 847 388 921 ,²
403 847 496 890 uuum
511 824 642 910 quando
654 826 704 889 vir
718 827 920 908 proclamans
934 835 1047 891 contra
1063 828 1303 892 matrimonium
1318 847 1355 894 eo

240 943 379 1009 «tendit
397 951 434 1008 ut
457 942 517 1007 sibi
539 941 581 1006 ad
604 941 681 1006 alius
704 943 833 1024 nuptias
852 943 1007 1007 transitus
1024 943 1235 1026 permittatur
1254 965 1262 1009 :
1281 951 1356 1008 tuno

241 1083 258 1122 u
273 1061 359 1124 enim
372 1060 515 1143 allegans
532 1057 746 1142 frigiditatem
760 1059 925 1142 propriam
939 1057 1046 1124 audiri
1059 1076 1125 1122 non
1140 1058 1253 1137 debet,
1271 1059 1356 1143 quod

241 1201 255 1236 a
272 1175 385 1260 petitio
401 1173 471 1259 ejus
490 1173 683 1240 adversetur
704 1173 891 1256 allegationi
909 1195 915 1239 :
933 1193 1027 1239 secus
1041 1175 1069 1239 si
1084 1175 1243 1257 allegaret
1257 1177 1356 1258 impo

236 1313 256 1354 a
270 1291 404 1357 tentiam
417 1289 555 1356 foeminae
567 1298 624 1356 aut
635 1291 839 1370 maleficium,
850 1295 924 1378 quia
936 1293 1130 1359 maleficium
1141 1295 1355 1360 communiter

241 1416 321 1473 «est
346 1415 473 1472 tantum
498 1414 651 1490 respectu
674 1408 760 1473 illius
784 1408 924 1474 foeminae
950 1429 1023 1474 oum
1050 1429 1113 1494 qua
1137 1417 1352 1476 contraxerat.

238 1528 429 1604 «Alterum,
456 1525 482 1588 si
505 1524 667 1589 contraxit
691 1526 838 1590 conscius
862 1526 1061 1609 impotentiae
1086 1527 1224 1610 propria
1248 1549 1256 1591 ε
1280 1534 1355 1591 tnnc

238 1641 355 1706 aeuim
374 1659 439 1705 non
457 1640 537 1722 ipse,
558 1639 618 1704 aed
635 1640 752 1706 mulier
767 1660 841 1705 oum
857 1659 921 1725 qua
937 1643 1098 1706 contraxit
1118 1641 1279 1707 aduersus
1291 1661 1355 1706 ma-

238 1779 256 1819 a
270 1757 457 1822 trimonium
469 1757 669 1840 proclamare
682 1755 838 1841 deberet;
852 1758 912 1821 nisi
923 1757 1106 1841 periculum
1118 1758 1354 1823 incontinentiae

240 1873 420 1950 «subesset
435 1891 475 1936 ea
490 1872 652 1937 consortio
664 1891 738 1937 cum
752 1892 791 1937 ea
804 1891 907 1939 uxore
920 1873 1121 1957 existimata3
1138 1893 1212 1938 nam
1227 1890 1266 1938 eo
1279 1892 1354 1938 casu

239 2011 256 2051 a
272 1997 385 2074 petere
402 1995 512 2072 posset
525 2009 544 2052 a
557 1985 668 2073 judice
685 1996 721 2053 ut
737 2008 778 2054 ex
791 1987 895 2054 officio
910 2007 969 2054 suo
986 2007 1043 2054 eos
1056 1997 1200 2072 separet.

284 2111 412 2190 «Major
435 2107 600 2186 difficultas
623 2113 678 2184 est,
705 2104 898 2189 anquando
920 2106 1111 2188 impotentia
1135 2125 1171 2170 se
1194 2112 1283 2172 tenet
1311 2123 1351 2168 er

236 2230 360 2307 «parte
375 2221 516 2286 foeminae
531 2221 619 2286 illam
634 2197 812 2304 ignorantis
823 2230 968 2305 tempore
984 2221 1191 2298 matrimonii,
1203 2222 1229 2285 si
1239 2228 1350 2305 postea

235 2362 252 2402 u
267 2359 338 2406 eam
349 2338 536 2420 comperiat,
548 2336 603 2402 illa
613 2337 712 2419 possit
720 2338 922 2420 proclamare
932 2337 1091 2403 adversus
1099 2337 1347 2413 matrimonium,

236 2452 438 2539 «allegando
453 2473 542 2518 suam
562 2453 797 2536 impotentiam.
816 2451 956 2519 Videtur
971 2451 1059 2537 quod
1080 2472 1163 2535 ncn;
1186 2451 1271 2536 qood
1289 2451 1350 2516 fm-

234 2593 251 2633 u
267 2571 350 2636 mina
367 2568 423 2635 tali
444 2587 520 2634 casu
543 2585 607 2632 non
628 2567 756 2632 intersit
772 2566 807 2632 id
822 2567 1063 2633 matrimonium
1082 2565 1214 2632 dissolri
1232 2589 1239 2631 :
1257 2572 1290 2630 et
1306 2567 1349 2629 ita

234 2693 377 2751 «tenere
397 2684 555 2752 videntur
577 2683 698 2767 glossa,
719 2685 859 2749 loannes
881 2681 1082 2762 Andreas...,
1102 2684 1160 2768 qui
1182 2689 1297 2766 putant
1315 2679 1347 2744 id

233 2803 406 2886 «speciale
432 2821 502 2866 csse
524 2801 558 2864 in
581 2801 670 2877 viro,
691 2807 728 2864 ut
753 2799 913 2866 liberetur
935 2819 953 2863 a
976 2797 1174 2864 sustinendis
1199 2797 1347 2863 oneribus

234 2918 481 2995 «matrimonii,
508 2935 579 3000 quaa
605 2917 687 2980 ratio
711 2915 821 2981 locum
850 2932 916 2979 non
943 2915 1038 2980 habet
1063 2915 1097 2978 in
1120 2914 1262 2979 ioemiaa.
1285 2911 1346 2976 Sed

233 3034 381 3098 amelius
399 3030 498 3098 docet
512 3030 673 3107 Sanchez,
693 3031 790 3096 etiam
808 3029 973 3094 foeminam
992 3031 1207 3114 impotentem
1226 3027 1345 3112 procla-
1436 3093 1437 3112 ,

232 3169 352 3215 amare
365 3147 524 3214 adversus
539 3147 779 3212 matrimonium
791 3165 832 3211 ex
845 3164 939 3210 eausa
954 3145 1152 3228 impotentiae
1164 3163 1229 3210 sum
1243 3161 1341 3228 posse3

232 3265 339 3350 aquia
362 3265 438 3330 satis
461 3264 562 3347 ipsius
580 3263 718 3327 interest
740 3245 888 3343 separari
906 3259 947 3325 ab
969 3278 1019 3338 eo,
1036 3260 1093 3344 qui
1116 3277 1192 3326 vere
1215 3263 1342 3324 nonest

232 3400 340 3446 cauus
354 3381 418 3459 uir,
434 3399 495 3444 neu
508 3379 569 3462 ipsi
583 3375 716 3462 subjici,
735 3385 769 3442 et
785 3376 913 3442 restitui
926 3375 987 3441 sibi
999 3375 1124 3440 dotem.
1144 3397 1161 3436 u
1183 3372 1341 3462 (schmalz-

228 3496 384 3581 grueber,
402 3497 435 3559 iu
450 3495 502 3559 tit.
523 3497 575 3571 15,
591 3493 668 3559 libri
683 3493 701 3556 4
719 3490 862 3568 decret,
882 3511 914 3554 n.
936 3493 971 3556 71
993 3489 1128 3575 etseq.)

239 3669 245 3678 .
272 3613 556 3693 Qumsr103·.-
580 3613 732 3689 Quantum
754 3613 895 3688 temporis
912 3609 1085 3688 conjugibis
1109 3609 1283 3670 amedutur
1302 3603 1339 3665 od

223 3731 385 3812 petendum
407 3731 595 3789 matrimonii
617 3727 793 3787 solutionem
814 3743 853 3784 ex
875 3727 1057 3804 impotentiae
1071 3727 1187 3786 camo?
1204 3757 1245 3772 -
1260 3715 1337 3785 Dilli-

228 3845 384 3911 cultatem
407 3841 531 3906 iaciunt
549 3839 695 3906 nonnulli
711 3837 792 3923 juris
810 3844 939 3913 textus,
964 3838 1020 3921 qui
1039 3835 1198 3904 videntur
1211 3839 1290 3902 inter
1305 3851 1335 3898 se

228 3960 392 4027 contrarii.
414 3959 494 4024 Nam
519 3958 626 4039 capite
651 3959 799 4036 Acceptstt
817 3955 860 4040 (l,
880 3953 967 4018 tituli
987 3955 1037 4028 15,
1062 3952 1139 4017 libri
1155 3955 1174 4017 4
1192 3946 1330 4031 decret),

227 4075 369 4152 mulieri,
388 4081 460 4156 post
481 4091 601 4138 annum
617 4079 651 4136 et
666 4069 833 4136 dimidium
849 4069 1000 4152 alleganti
1015 4069 1239 4150 impotentiam
1259 4063 1329 4138 riri,
1387 4109 1390 4116 ·

223 4191 408 4272 denegatur
426 4186 607 4270 audientia3
627 4193 660 4250 et
679 4185 811 4250 rationis
829 4184 901 4249 looo
917 4186 948 4247 ei
964 4181 1129 4266 objicitur,
1147 4202 1206 4248 cur
1223 4174 1328 4246 uada

226 4305 384 4383 tacuerit,
405 4322 479 4368 cum
501 4301 595 4368 facile
611 4308 645 4366 et
669 4302 754 4366 intra
777 4299 880 4366 breve
900 4303 1031 4381 tempus
1047 4297 1131 4364 scire
1146 4295 1281 4382 potuerit
1293 4309 1328 4354 aa

226 4421 361 4487 maritus
386 4421 427 4484 sit
454 4424 549 4503 aptus
582 4417 624 4483 ad
650 4417 809 4502 copulam.
838 4417 863 4480 Ε
891 4415 1063 4480 contrata
1092 4415 1207 4480 ultimo
1235 4406 1326 4492 capite
