2948 5126
509 430 595 478 rans
617 430 776 480 saccant.
1168 417 1211 481 iio

103 575 168 624 cum
184 557 320 642 proprio
330 555 529 624 detrimento
543 573 731 640 procurare,
749 555 785 622 id
799 557 918 644 exigat.
936 555 1034 644 Atqui
1052 556 1086 622 in
1105 555 1210 643 hypo·

102 672 175 738 thesi
183 673 324 738 criminis
333 672 465 750 occulti,
482 671 543 738 sed
553 692 616 740 nec
623 675 844 741 communitati
855 693 917 739 nec
932 675 1080 758 proximo
1089 675 1206 749 nocivi,

101 786 186 854 sitiat
198 788 375 873 inquisitio,
388 787 520 855 laeditur
530 790 589 854 liei
602 789 698 867 fama,
717 790 796 875 quio
808 797 942 856 excuset
957 788 1113 874 praedicta
1130 791 1208 859 boni

26 891 27 894 ¹
100 905 212 989 publici
223 906 326 989 rati03
342 924 422 989 erqo
435 905 509 972 talis
521 907 685 992 inquisitio
698 906 875 992 contrajac
886 909 1034 974 naturale
1048 906 1211 976 censenda

99 1029 152 1087 esi.
167 1023 234 1088 Nec
250 1020 426 1106 objiciatur
441 1027 523 1104 tunc
545 1020 774 1108 negligendam
799 1022 872 1089 fore
892 1044 911 1090 a
927 1025 1095 1108 superiore
1110 1024 1210 1108 ipsius

99 1134 309 1222 delinquentis
328 1137 477 1204 salntem.
499 1138 581 1204 Nam
597 1137 714 1204 adhoc
729 1138 852 1232 bonum
874 1157 933 1205 reo
955 1138 1209 1223 impertiendum

98 1259 181 1334 patet
195 1252 246 1317 via
263 1260 402 1335 paterna
416 1252 630 1337 inquisitionis
639 1260 673 1318 et
687 1254 913 1320 correctionis.

135 1371 216 1436 item
226 1390 292 1436 non
306 1369 479 1454 objiciatur
488 1389 688 1456 perpoenam
697 1370 1028 1456 publicamefficacius
1039 1391 1135 1457 quam
1148 1392 1209 1457 per

97 1483 362 1568 sclampaternam
378 1487 618 1568 correptionem
630 1485 727 1550 saluti
738 1486 942 1554 occultorum
951 1485 1209 1571 delinquentium

97 1599 265 1683 provideri.
282 1601 363 1666 Nam
380 1619 487 1686 neque
503 1600 567 1666 hoc
579 1601 701 1669 bonum
715 1600 918 1688 delinquenti
935 1603 1065 1671 occulto
1083 1603 1209 1687 prasti-

96 1727 169 1798 lum,
186 1739 292 1806 neque
309 1721 494 1806 exemplum
509 1740 549 1786 ex
561 1719 705 1788 vindicio
721 1721 869 1806 publica,
890 1726 1045 1789 ordinarie
1059 1742 1208 1806 compen·

34 1827 37 1836 '
96 1844 140 1902 sat
151 1836 336 1903 scandalum
355 1835 494 1922 quodex
505 1837 675 1922 productis
689 1839 723 1903 in
737 1838 905 1924 publicum
929 1839 1064 1906 occultis
1081 1838 1209 1906 deliciis

95 1952 201 2018 oritur.
226 1953 295 2018 Hac
316 1970 435 2036 nempe
462 1952 673 2037 publicante,
707 1956 888 2038 prasertim
912 1953 1041 2040 quando
1070 1952 1207 2039 alicujus

96 2069 216 2135 Prolati
230 2070 285 2136 vel
299 2069 421 2147 clerici,
434 2087 494 2154 pro
504 2070 716 2154 integerrimo
726 2069 790 2138 buc
805 2090 908 2156 usque
918 2069 1029 2148 habiti,
1042 2071 1207 2138 occultum

95 2185 211 2252 facinus
237 2183 438 2270 judicialiter
467 2185 633 2270 panditur,
663 2188 757 2254 multi
781 2186 907 2254 debiles
932 2186 1203 2263 scandalizantur,

95 2309 183 2386 atque
196 2302 228 2367 iu
243 2301 418 2369 discrimen
433 2301 513 2370 fidei
537 2311 688 2388 aguntur,
704 2305 819 2390 reique
835 2303 999 2370 catholice
1015 2302 1124 2370 hostes
1148 2322 1206 2368 aa·

95 2435 154 2482 sam
167 2416 376 2503 vituperandi
387 2426 421 2484 et
435 2418 576 2485 nocendi
591 2419 762 2506 arripiunt.

133 2536 195 2600 Nec
206 2534 340 2600 tandem
350 2534 525 2621 objiciatur
536 2555 667 2622 semper
685 2535 801 2602 adesse
813 2535 1003 2604 nocumenti
1017 2534 1139 2620 publici
1150 2554 1203 2602 ra-

94 2651 214 2732 tionem,
233 2670 309 2716 cum
328 2650 490 2718 indirecte
515 2653 631 2720 saltem
654 2655 805 2720 nocivum
831 2671 960 2736 semper
980 2652 1203 2717 communitati

94 2766 139 2844 sit,
150 2787 210 2833 non
225 2769 374 2850 coerceri
382 2767 503 2834 delicta
517 2771 646 2836 occulta
653 2787 725 2854 quae
731 2768 865 2853 probari
875 2769 908 2834 in
920 2765 1041 2853 judicio
1050 2773 1196 2850 possunt.

93 2883 163 2947 Nam
173 2883 283 2967 positis
302 2883 552 2951 circumstantiis
566 2884 599 2949 in
615 2884 888 2970 qmbusiicctesiae
904 2882 1066 2948 catholice
1077 2879 1199 2948 familia

93 2997 243 3069 ordinarie
260 3007 425 3078 versatur,
443 3008 558 3084 aperta
573 3000 697 3066 scilicet
723 3019 765 3064 ex
786 3017 850 3066 una
872 3007 964 3082 parte
990 2997 1200 3063 correctionis

92 3121 222 3195 paternae
238 3117 302 3192 via,
322 3113 454 3180 aliunde
467 3132 547 3180 vero
561 3113 749 3181 imminente
764 3111 844 3180 dicti
854 3111 998 3179 scandab
1014 3111 1052 3198 (si
1062 3110 1199 3196 judicia·

91 3225 157 3294 liter
170 3229 381 3315 procedatur)
405 3230 573 3314 periculo,
594 3231 699 3296 minus
714 3231 835 3296 malum
851 3237 920 3307 est,
940 3226 1136 3314 regulariter
1150 3226 1198 3293 lo·

91 3346 219 3428 queodo,
234 3348 364 3414 occulta
379 3345 509 3426 delicta,
528 3365 599 3432 quae
615 3345 742 3414 directe
757 3345 1022 3412 communitatem
1029 3351 1085 3408 aut
1094 3342 1197 3432 proxi·

91 3477 169 3526 mum
182 3483 248 3529 non
257 3460 395 3540 ledani,
412 3461 570 3546 impunita
583 3462 733 3547 relinqui.

129 3579 190 3662 Ego
206 3586 318 3644 tamen
332 3597 403 3644 eam
414 3597 456 3643 ex
471 3576 546 3662 jure
559 3575 699 3667 naturali
713 3575 937 3662 probationem
949 3592 1015 3639 non
1030 3574 1191 3658 sustinco;

89 3692 187 3760 sedat
201 3697 386 3782 quaestionis
402 3693 573 3761 dumtaxat
586 3693 728 3778 maritas
740 3692 840 3777 magis
851 3689 1090 3768 attenderetur,
1107 3688 1192 3754 deli-

89 3816 203 3876 ueatam
217 3810 319 3876 volui.

129 3927 318 3994 Pnorosrrro
330 3927 387 3992 112.
405 3963 448 3976 -
464 3929 626 4016 Promissa
640 3927 789 4007 poneretis
807 3925 934 4006 rapula,
953 3939 1019 4004 'quo
1030 3941 1132 4004 nempe
1151 3925 1193 3986 ad

91 4045 298 4122 inquisitorium
305 4061 476 4124 processum
480 4046 599 4123 praevia
610 4045 738 4122 infamia
745 4045 921 4122 requiritur,
932 4040 1047 4120 aliquot
1055 4041 1193 4106 admittit

92 4156 278 4223 limitationes.
287 4157 365 4224 -b
379 4157 515 4242 prefata
532 4156 677 4240 generali
687 4157 801 4240 regula
813 4162 921 4223 certos
935 4152 1091 4240 quosdam
1104 4155 1192 4220 exci-

92 4269 212 4352 piendos
232 4295 301 4342 esse
325 4293 418 4342 casus
446 4281 573 4340 constat
593 4293 634 4339 ex
653 4273 723 4358 ipso
749 4272 846 4338 etiam
864 4270 940 4357 jure
964 4270 1129 4345 canonico,
1153 4276 1220 4372 et‘,

91 4381 610 4462 doctorumcommuniseutentia.
872 4477 875 4482 Ι

129 4502 246 4574 Primus
263 4525 358 4574 casas
374 4502 692 4590 excipienduaest,
720 4503 746 4570 si
775 4503 847 4592 quis
875 4501 997 4572 crimen
1021 4497 1186 4594 occultum
