2878 5114
257 309 323 376 460
488 341 494 358 ·
599 328 787 378 umcrarus
812 329 856 378 nn
879 327 1028 403 rnnmns.

259 451 333 518 «ab
357 454 421 531 rei,
444 452 485 520 de
511 460 759 538 quatractatur,
778 455 1020 538 importantiam
1042 462 1077 521 et
1105 456 1304 541 graritmem
1323 465 1350 522 ct

258 568 380 654 «quod
403 568 551 635 imminet
575 587 671 652 poena
689 571 870 636 triremium
893 579 928 636 et
952 570 1171 656 instigationis
1195 571 1350 656 deponenti

258 707 275 746 n
291 683 420 750 falsum.

300 803 336 864 2⁰
354 822 370 861 n
386 799 613 884 interrogetur
643 799 684 866 de
708 801 855 880 nomine,
882 801 1090 886 cognomine,
1124 803 1239 887 patria,
1261 809 1350 879 etate,

259 915 445 982 «exercitio
462 922 496 981 et
514 915 724 983 habitatione.

297 1033 332 1096 3⁰
350 1053 366 1091 «
382 1028 430 1094 An
445 1031 486 1096 sit
501 1032 578 1096 civis
589 1032 643 1098 vel
657 1037 806 1116 exterus3
823 1040 858 1098 et
874 1042 1033 1118 quatenns
1054 1037 1096 1101 sit
1114 1043 1256 1115 exterus,
1272 1055 1354 1122 aqna

259 1151 439 1228 «tempora
455 1153 506 1210 est
516 1145 550 1209 in
566 1145 637 1211 loco
652 1146 685 1210 in
701 1163 767 1230 quo
781 1147 872 1211 testis
886 1146 955 1230 ipse
970 1146 1117 1230 deponit.

302 1261 338 1324 4⁰
355 1283 371 1321 «
390 1261 436 1326 An
449 1259 490 1326 ad
507 1279 642 1326 examen
655 1263 828 1328 accesserit
843 1269 959 1346 sponte
973 1265 1028 1329 vel
1042 1267 1219 1351 requisitus
1231 1267 1271 1332 :si
1282 1265 1355 1332 dixe·

260 1376 331 1440 «rit
346 1377 517 1442 accessisse
541 1377 656 1459 sponte
672 1396 690 1440 a
708 1378 836 1442 nemine
858 1379 1060 1463 requisitum,
1083 1380 1277 1459 dimittatur,
1295 1382 1355 1466 quia

260 1492 497 1576 «presumitur
510 1490 661 1558 mendax.
684 1492 715 1556 si
735 1511 815 1558 vero
835 1491 955 1559 dixerit
975 1495 1148 1580 accessisse
1165 1499 1350 1583 requisitum,

260 1610 513 1693 «interrogetur
534 1629 553 1673 a
577 1627 652 1694 quo,
679 1610 768 1674 vela
794 1609 922 1694 quibua,
947 1611 1013 1691 uhi,
1032 1610 1175 1696 qnando,
1196 1613 1350 1700 quomodo,

260 1741 398 1788 «coram
421 1723 556 1808 quibus,
581 1731 616 1790 et
643 1725 771 1809 quoties
797 1726 898 1790 fuerit
927 1727 1119 1811 requisitus,
1150 1736 1185 1794 et
1221 1749 1261 1794 an
1286 1729 1352 1793 sciat

261 1863 276 1900 a
290 1837 403 1905 adesse
421 1839 553 1924 aliquod
567 1839 838 1923 impedimentum
851 1841 938 1906 inter
952 1843 1146 1909 contrahere
1161 1846 1312 1910 volentes.

305 1961 338 2021 5⁰
360 1957 615 2040 «Interrogetnr
633 1975 674 2021 an
691 1957 752 2022 sihi
766 1975 826 2040 pro
842 1957 903 2022 hoc
917 1959 1103 2024 testimonio
1121 1959 1258 2026 ferendo
1270 1959 1355 2025 inerit

261 2072 413 2158 «aliquid
433 2071 563 2150 datum,
585 2073 792 2156 promissum,
812 2073 996 2151 remissum,
1015 2075 1069 2139 vel
1091 2075 1238 2140 oblatum
1261 2097 1277 2141 a
1299 2095 1356 2140 con·

261 2216 278 2254 a
293 2191 424 2257 trahere
435 2189 630 2268 volentibus,
646 2191 699 2255 vel
714 2190 755 2255 ab
765 2190 837 2269 alio,
854 2191 999 2274 ipsorum
1011 2183 1153 2258 nomine.

235 2292 246 2296 ⁸
303 2311 338 2372 6⁰
355 2329 372 2367 a
389 2308 615 2388 Interrogatur
638 2325 680 2370 an
695 2313 867 2390 cognoscat
889 2307 975 2388 ipsos
996 2307 1192 2374 contrahere
1208 2309 1350 2383 volentes,

262 2432 359 2490 «eta
379 2430 500 2508 quanto
516 2430 684 2505 tempore;
704 2423 739 2486 in
757 2441 821 2509 qno
843 2424 927 2500 loco,
947 2440 1009 2508 qua
1022 2425 1203 2502 occasione,
1222 2431 1256 2490 et
1275 2422 1352 2508 cnjus

260 2540 456 2627 «qualitatis
474 2540 526 2604 val
551 2538 911 2606 conditionis'existant.
939 2539 971 2603 Si
993 2539 1202 2624 responderit
1222 2541 1352 2624 negative

261 2683 279 2720 «
293 2657 395 2734 testis,
417 2653 600 2720 dimittatur
615 2656 662 2719 :si
680 2673 760 2720 vero
774 2655 974 2734 affirmative,

305 2779 338 2840 7⁰
357 2797 373 2834 a
390 2774 616 2855 interrogetur
628 2791 669 2838 an
683 2771 874 2838 contrahere
890 2771 1037 2838 volentes
1058 2771 1123 2859 sint
1146 2771 1236 2836 cives
1253 2771 1303 2836 vel
1313 2791 1354 2834 er·

261 2892 367 2957 «teri.
383 2927 428 2940 -
445 2888 476 2953 Si
490 2886 698 2972 responderit
715 2907 785 2954 esse
801 2896 943 2965 exterae,
956 2887 1215 2971 supersedeatur
1229 2888 1261 2952 in
1274 2887 1354 2952 licen·

262 3007 335 3070 «tia
354 3001 580 3080 contrahendi,
602 3001 706 3069 donec
729 3021 790 3088 per
814 3003 939 3068 litteras
955 3002 1119 3068 Ordinarii
1134 3003 1281 3086 ipsorum
1302 3019 1358 3065 mn-

264 3119 424 3186 ‹ctrahere
447 3119 627 3184 volentium
651 3117 809 3184 doceatur
832 3117 874 3182 de
898 3136 1013 3184 eorum
1036 3117 1140 3184 libero
1156 3125 1255 3195 statu,
1277 3115 1314 3182 de
1328 3133 1357 3179 eo

265 3261 282 3302 «
294 3247 442 3321 tempore
458 3255 522 3322 quo
537 3244 787 3320 permanserunt
804 3235 838 3300 in
861 3255 920 3300 sna
935 3235 1067 3301 civitate
1083 3235 1137 3299 vel
1160 3233 1302 3299 dioecesi.
1322 3228 1358 3296 hd

243 3356 282 3418 'a
297 3353 502 3441 probandum
516 3371 596 3420 vero
620 3352 812 3418 eorumdem
841 3351 1036 3418 contrahere
1055 3351 1237 3416 volentium
1258 3356 1359 3416 statum

264 3495 281 3536 o
292 3473 431 3540 liberum
447 3489 507 3555 pro
519 3471 645 3554 reliquo
658 3470 814 3554 temporis
828 3471 942 3552 spatio,
958 3469 1091 3546 scilicet,
1108 3485 1211 3552 usque
1236 3466 1278 3531 ad
1297 3473 1359 3529 ten·

265 3609 356 3674 «pus
381 3607 445 3674 quo
462 3587 577 3652 volunt
601 3585 806 3663 contrahere,
826 3583 1041 3650 admittantur
1062 3590 1164 3648 testes
1185 3582 1304 3659 idonei,
1318 3580 1359 3665 qni

265 3706 437 3788 «legitime
456 3711 491 3769 et
512 3700 749 3768 concludenter
762 3700 929 3784 deponant
952 3707 1072 3764 statum
1088 3699 1232 3764 liberum
1252 3705 1358 3764 contra·

265 3843 281 3882 a
295 3820 375 3886 here
390 3819 577 3895 volentium,
595 3823 629 3880 et
647 3815 788 3881 reddant
805 3815 1018 3881 sufficientem
1037 3815 1196 3880 rationem
1211 3832 1307 3880 cause
1317 3831 1358 3876 eo·

265 3959 282 3998 «
298 3954 372 4000 rum
390 3933 542 4020 scientie,
557 3931 679 4017 absque
699 3952 738 3998 eo
758 3931 847 4016 qnod
862 3938 1038 3997 teneantur
1053 3929 1188 3996 deferre
1204 3927 1358 3996 caesario
1411 3935 1412 3942 ’

266 4075 283 4113 «
300 4070 359 4117 nes
382 4049 625 4118 Ordinariorum
645 4049 809 4125 locorum,
827 4047 860 4110 in
887 4045 1003 4131 quihus
1025 4044 1219 4111 contrahere
1234 4044 1356 4110 volentes

267 4192 283 4230 a
300 4187 423 4236 mamm
435 4173 617 4234 traxerunt.
634 4165 726 4230 -Si
745 4184 823 4230 vero
837 4162 1046 4248 responderit
1060 4163 1253 4229 contrahere
1270 4159 1355 4226 rolen-

267 4310 285 4348 n
298 4294 350 4352 tes
363 4283 542 4360 saracinos,
991 4267 993 4269 ’

311 4406 345 4467 8⁰
367 4423 383 4460 o
404 4397 717 4482 interrogetursub
741 4415 804 4484 qua
831 4395 981 4483 parochia
1009 4391 1165 4467 hactenus
1189 4389 1351 4460 contrahere
