2848 5118
460 324 540 371 nnus
562 323 720 371 secunus.
1084 315 1145 378 195

77 456 177 538 cupitur
190 455 415 539 juramentum
445 450 612 520 calumnie
646 451 767 514 versari
791 447 876 514 ciro'a
903 458 1007 516 totum
1027 451 1143 519 litem:

75 568 125 634 item
135 567 168 634 nd
177 567 260 634 illud
271 587 338 633 non
344 586 414 635 esse
426 564 610 630 necessario
623 561 852 637 concedendos
863 562 1033 634 dilationes
1045 589 1053 652 ;
1070 569 1144 654 quin

75 682 161 768 litigans
177 684 287 749 statim
308 681 418 747 dicere
435 687 559 766 potest,
576 687 689 744 utrum
712 673 814 744 ereum
839 699 941 746 necne
962 701 1053 748 suom
1073 704 1147 762 caue

74 818 184 868 sanese
201 800 322 886 justam
340 822 346 864 :
365 818 429 864 non
448 799 534 863 enim
556 795 646 882 jurat
661 816 751 862 suum
768 817 897 863 causam
919 819 989 865 esse
1015 801 1144 891 bonnm,

74 915 144 982 sulse
156 915 293 982 credere
305 935 377 981 eam
395 914 609 981 essebonum.

100 1033 229 1112 Qomsrro
241 1035 287 1096 2³.
318 1069 364 1082 υ-
389 1033 470 1111 Quid
479 1035 519 1092 sit
528 1035 735 1113 jurameutum
753 1036 892 1093 veritatis
903 1039 933 1094 et
944 1036 1092 1099 malitie?
1105 1074 1150 1086 -

71 1145 259 1213 loramentum
273 1147 419 1212 veritatis
434 1143 516 1210 illud
536 1151 586 1208 est
597 1164 660 1230 quo
674 1144 745 1229 quis
760 1142 850 1230 jurat
877 1165 910 1210 se
926 1148 1011 1214 velle
1031 1133 1151 1216 verito-

71 1267 112 1326 ten
124 1263 241 1328 dicere.
261 1259 357 1327 Unde
381 1259 536 1343 implicite
557 1260 743 1324 continetur
766 1260 800 1324 in
814 1258 1003 1344 juramento
1028 1265 1150 1331 colum-

71 1376 115 1456 nie,
133 1381 204 1466 quia
226 1378 282 1463 qui
302 1376 425 1462 juravit
449 1395 483 1441 se
510 1395 637 1441 omnem
653 1375 805 1441 fraudem
822 1378 1013 1458 vitaturum,
1029 1379 1152 1464 juravit

70 1487 176 1576 hocipso
189 1491 344 1574 implicite
359 1490 401 1555 de
415 1489 553 1555 dicenda
571 1491 720 1555 veritate.
744 1491 957 1559 Nihilominus
981 1503 1055 1578 post
1070 1515 1152 1579 prae-

69 1606 150 1671 snum
160 1608 251 1672 initio
268 1606 334 1670 litis
348 1605 515 1670 calumnie
529 1603 761 1690 juramentum,
782 1606 892 1672 locum
909 1608 1030 1675 hahere
1043 1617 1152 1693 potest

68 1721 310 1810 circe'specioles
326 1721 481 1787 articulos
502 1721 723 1807 juramentum
747 1724 904 1788 veritatis.
934 1726 1040 1812 Atque
1063 1727 1151 1796 idem

68 1835 214 1904 licendum
231 1837 273 1907 de
285 1845 460 1922 juramento
479 1839 628 1916 molitioe;
645 1855 709 1920 quo
725 1857 842 1922 nempe
857 1839 984 1924 litigans
997 1841 1086 1926 jurat
1103 1863 1149 1923 se,

67 1955 183 2032 pertale
204 1973 298 2019 suum
324 1953 448 2018 dictum
466 1960 523 2018 out
546 1952 679 2030 tactum,
695 1971 899 2040 nequaquem
926 1956 1076 2038 incudem
1096 1959 1154 2026 od·

67 2073 184 2138 versario
196 2069 322 2152 moliri;
343 2067 402 2134 sed
416 2068 500 2133 bona
518 2067 605 2147 fide,
624 2066 667 2133 ad
683 2067 845 2152 jussuum
865 2074 1150 2161 prosequendum,

66 2202 152 2268 ogere.

550 2360 566 2432 5
588 2355 631 2420 11.

62 2580 162 2636 ‚uomodo
173 2595 246 2644 usque
259 2579 289 2630 ed
298 2578 427 2628 recentiora
440 2583 545 2638 tempora
556 2575 699 2626 intellectum
719 2577 789 2627 luerit
806 2593 820 2628 o
833 2582 959 2632 cononicus
976 2585 1016 2644 jus
1037 2597 1156 2638 commum

288 2670 366 2735 quoad
378 2669 491 2732 ejusmodi
503 2669 635 2730 juramenta
649 2669 674 2717 in
697 2671 774 2719 causis
788 2673 917 2724 civilibus?

94 2896 332 2958 Proemtoudum.
350 2927 396 2938 -
414 2888 601 2955 Decretoles
614 2907 684 2972 quae
697 2888 738 2954 de
753 2889 812 2956 hac
833 2894 970 2960 materia
993 2901 1152 2982 statuunt,

64 3003 214 3074 brevitatis
232 3027 328 3072 causo
356 3025 420 3070 uon
443 3004 697 3070 transcribimus.
721 3007 783 3072 Eos
802 3010 946 3092 reperiet
970 3011 1076 3079 lector
1096 3016 1157 3086 sul)

63 3125 141 3190 titulo
155 3134 183 3204 7,
201 3125 279 3190 libri
296 3126 316 3187 2
336 3121 565 3198 decretalium,
582 3140 708 3186 necnon
723 3123 783 3188 suh
801 3125 899 3191 titulo
918 3128 950 3205 4,
974 3128 1049 3195 lihri
1071 3135 1102 3209 2,
1124 3134 1156 3197 in

64 3247 148 3304 sento.
170 3239 357 3328 (Adeundus
372 3240 468 3304 etium
489 3237 668 3315 titulusltl,
687 3238 763 3304 libri
779 3243 998 3308 ilustiuiumn'
1020 3249 1155 3333 codicis.)

63 3350 209 3438 Ejusmodi
231 3355 366 3420 decreto
389 3352 614 3435 chronologice
637 3354 872 3436 percurrendo,
895 3358 990 3423 etad
1017 3362 1158 3446 inuicem

62 3471 255 3549 conferendo,
282 3469 436 3535 advertet
452 3469 620 3534 nonnullus
642 3475 827 3551 temporum
852 3470 994 3540 decursu
1014 3477 1159 3545 interve·

60 3585 130 3651 nisse
145 3588 356 3662 variationem
375 3603 455 3668 quos
471 3583 604 3649 adnotat
622 3583 747 3652 Giroldi
770 3585 939 3670 (Expositio
952 3595 1037 3675 juris
1051 3597 1159 3659 Poutt-
1224 3663 1226 3668 ,

59 3701 121 3781 ficti,
145 3712 230 3770 tom·
246 3707 276 3778 l,
294 3701 436 3766 sectione
454 3702 515 3766 233
539 3705 572 3770 en
595 3717 677 3783 seq.‚
702 3719 829 3765 necnon
849 3704 993 3769 sectione
1008 3705 1098 3792 275).
1118 3710 1160 3777 lis

60 3826 154 3883 tutem
170 3817 348 3902 perpensis,
363 3814 416 3900 jus
434 3833 602 3878 commune
613 3812 721 3898 quood
735 3814 821 3880 dictu
835 3815 1019 3910 juramenta
1035 3823 1069 3888 iu
1083 3843 1159 3906 opu.

60 3933 94 3996 sis
110 3935 253 4000 civilibus
271 3930 468 4016 prestanda,
494 3928 707 3996 determinari
730 3931 813 4000 solet
831 3953 850 3998 o
868 3937 1042 4014 edocuistis
1060 3947 1160 4018 utse

62 4049 177 4128 quitur:

100 4164 243 4244 QuAEsrto
265 4169 362 4229 1·.-
383 4165 431 4226 Au
448 4171 478 4224 ct
501 4180 661 4244 quoscum
678 4167 712 4226 iu
738 4169 835 4228 causis
853 4169 991 4241 ciuilibus
1014 4180 1160 4256 prestari

65 4276 156 4342 debeat
167 4287 370 4362 jurameutum
385 4280 554 4354 columm’oe,
572 4283 712 4339 ueritatis
726 4286 754 4342 ct
765 4283 914 4356 multllm?
936 4319 981 4354 -,-
1003 4286 1031 4349 Ι.
1054 4291 1161 4356 Neues.

67 4401 137 4454 sorto
146 4403 284 4478 prestari
298 4399 382 4458 debet
391 4401 599 4474 jurameutum
612 4396 779 4474 culumuioe,
795 4401 913 4479 quaudo
927 4403 1077 4472 alterutro
1083 4426 1161 4492 pomp
