2836 5118
233 365 297 427 331
583 379 771 427 morasus
794 381 837 426 on
859 377 1007 426 romeus.

230 503 499 570 oecultacrinrina
512 511 706 588 potestatem
721 503 933 587 episcopalem
946 523 988 568 ex
998 503 1172 568 informata
1182 505 1330 570 conscien-

229 619 276 683 tia
295 619 530 703 suspendendi3
551 620 645 686 verbi
663 621 784 704 gratia,
810 618 1026 685 Benedictum
1053 619 1124 684 le
1150 619 1206 704 (de
1226 623 1330 702 summ

229 735 359 814 dicaces,
376 735 433 802 lib.
451 738 502 813 10,
517 739 623 820 capite
642 733 687 820 8).

272 855 451 934 despondeo.
469 850 666 917 Benedictus
684 853 768 931 xiv,
796 853 895 917 citato
927 853 1045 935 capite,
1074 852 1190 917 asserit
1213 851 1331 936 quiden

228 967 393 1050 Episcopis
407 974 593 1051 competere
605 973 800 1050 potestatem
814 966 1115 1052 eutrajudicialiter
1125 966 1332 1050 suspendendi

226 1085 262 1145 ob
284 1089 395 1147 crimen
413 1089 581 1164 comitum·
601 1083 661 1149 sed
676 1102 880 1169 nequaquam
900 1085 1015 1148 asserit
1037 1089 1160 1146 nonnisi
1178 1087 1214 1147 01
1231 1089 1330 1148 eumen

225 1202 370 1262 aconitum
389 1219 482 1282 posse
502 1221 558 1267 eos
576 1221 617 1266 ex
634 1202 808 1270 informata
826 1199 1020 1266 conscientia
1039 1196 1231 1283 procedere.

269 1316 468 1383 Puerostrio
476 1319 529 1382 11¹.
549 1355 591 1365 -
607 1322 658 1382 ltu
674 1323 812 1401 cornpeiit
830 1321 985 1399 Episcopis
1001 1319 1083 1380 dictu
1093 1319 1226 1396 facultas
1242 1328 1331 1382 entra·

216 1436 409 1517 judicialiter
417 1437 538 1498 clericos
547 1439 757 1518 suspendendi,
771 1443 805 1498 ui
823 1442 1047 1499 nonleneuutur
1064 1440 1266 1514 suspensionis
1273 1457 1331 1498 cuu-

224 1565 288 1609 sum
312 1553 386 1630 ipsis
411 1553 630 1630 manifestare?
658 1587 701 1598 --
723 1549 889 1614 Probatur
919 1550 951 1612 1⁰
977 1567 1018 1612 ex
1045 1549 1117 1630 ipso
1144 1546 1329 1613 Tridentine

223 1661 339 1747 synodi
356 1671 466 1742 textu,
486 1667 519 1729 in
540 1684 605 1751 quo
629 1664 759 1730 firmum
787 1664 976 1731 declaratur
1000 1662 1160 1749 judicium
1177 1665 1327 1748 Episcopi,

222 1797 390 1845 ascensum
413 1779 454 1845 ad
475 1775 604 1847 er‘dines
624 1781 860 1860 interdicentis,
885 1783 938 1846 voi
956 1781 997 1846 ab
1010 1780 1180 1847 ordinibus
1195 1789 1229 1846 et
1243 1780 1331 1864 digni-

220 1895 341 1960 tatibus
365 1895 584 1982 gradibusque
606 1895 851 1981 suspeudentis,
870 1899 1105 1979 quomodolibet,
1125 1904 1217 1961 etium
1241 1907 1331 1962 entre·
1408 1895 1409 1984 ,

217 2013 420 2092 judicialiter.
444 2013 477 2076 Si
499 2013 658 2097 Episcopo
683 2013 781 2078 liceat
807 2016 1021 2094 quomodolibet
1048 2013 1241 2097 procedere,
1262 2033 1330 2098 ergo
1408 1995 1409 2026 ¹

226 2125 323 2191 etiam
342 2128 403 2212 ipsi
423 2127 533 2194 licebit
556 2130 749 2194 sententiam
775 2129 874 2208 ferre,
893 2131 970 2214 quin
985 2149 1078 2194 reum
1097 2127 1139 2194 de
1163 2147 1329 2195 00010101-

224 2243 386 2326 pensionis
397 2253 538 2328 moneat;
550 2245 688 2330 quiaille
699 2243 815 2310 modus
825 2245 943 2330 agendi
953 2243 1015 2309 sub
1026 2245 1170 2329 generali
1180 2245 1328 2312 vocabulo

223 2363 438 2441 marendulibet
452 2369 542 2427 certo
557 2360 745 2430 includitur.
761 2362 924 2428 Probatur
938 2364 973 2426 2⁰
988 2382 1030 2426 ex
1044 2362 1147 2426 Sacrae
1163 2363 1329 2446 Congrege-

222 2477 320 2542 tiouis
344 2477 475 2544 Concilii
500 2476 782 2545 declarationibus
809 2481 847 2544 Iu
867 2498 961 2543 eausa
976 2479 1178 2544 vercellensi
1201 2482 1237 2543 21
1258 2499 1328 2544 mar-

221 2593 259 2657 tii
278 2595 372 2671 1613,
389 2594 433 2659 110
447 2594 510 2659 1011
525 2593 671 2660 decisum
689 2617 695 2660 :
715 2599 808 2661 Sucro
823 2599 1020 2676 Conqrcpotio
1038 2599 1233 2677 responsali...
1252 2599 1328 2660 omli·
1406 2613 1408 2620 ’

220 2715 352 2789 murium,
369 2717 397 2772 si
411 2715 573 2792 suspendat
587 2714 716 2793 aliquem
735 2717 953 2795 uipereeupitis
966 2717 1062 2794 primi
1077 2717 1216 2775 sessionis
1234 2716 1270 2776 ll
1288 2711 1327 2797 (de

221 2823 315 2909 Bel),
333 2847 393 2890 nou
409 2834 503 2891 teneri
522 2835 689 2911 exprimere
702 2831 842 2892 delicium
857 2849 907 2892 seu
925 2849 1045 2891 causum
1064 2835 1264 2912 suspensionis
1277 2835 1327 2910 ipsi
1407 2849 1408 2854 ¹

220 2960 282 3019 reo,
298 2945 350 3006 sed
363 2950 480 3006 tuntum
495 2948 567 3008 Sedi
581 2947 768 3026 Apostolum,
787 2948 827 3008 ud
840 2965 930 3025 quum
947 2963 1014 3006 reus
1031 2963 1184 3006 recursum
1202 2946 1325 3007 habuerit
1405 2927 1406 2930 ¹

224 3055 267 3143 (in
282 3056 365 3124 libro
384 3061 421 3125 17
440 3057 661 3138 decretorum,
680 3060 759 3126 10110
777 3063 850 3137 169,
867 3055 1016 3143 atergo).
1034 3059 1074 3123 Et
1089 3059 1135 3123 110
1150 3065 1324 3125 constanter

220 3170 388 3259 respondit
407 3181 540 3257 prefata
559 3176 781 3262 congregatio.

265 3303 462 3369 Puerosmo
485 3302 555 3366 111¹.
581 3333 627 3344 --
645 3302 670 3362 A
683 3301 773 3361 dietis
788 3301 944 3359 sententiis
958 3315 998 3356 en
1011 3297 1176 3375 informata
1190 3299 1322 3358 consum

222 3427 265 3485 tia
276 3441 336 3484 nou
349 3424 441 3484 datur
458 3419 633 3500 appellatio.
662 3411 877 3478 -Probutur
898 3416 930 3476 1⁰
947 3430 987 3475 ex
1002 3411 1074 3492 ipso
1088 3417 1184 3476 textu
1200 3408 1321 3475 Triden-

219 3539 294 3602 tinae
323 3532 439 3620 synodi
458 3554 464 3596 :
481 3532 528 3597 ibi
552 3532 639 3596 euim
658 3528 701 3594 de
736 3549 775 3593 eo
801 3527 853 3591 cui
877 3525 1055 3608 Episcopus
1086 3545 1127 3589 ex
1158 3525 1319 3590 informata

216 3653 414 3729 conscientia
430 3668 597 3717 ascensum
609 3647 652 3713 ad
662 3645 791 3712 ordines
804 3642 993 3719 interdixit,
1012 3642 1057 3706 ita
1072 3643 1296 3726 pronuntiatur
1311 3659 1316 3701 :

218 3773 313 3836 Nulla
327 3767 378 3856 (ei)
394 3776 498 3832 contra
508 3771 603 3848 ipsim
618 3766 745 3828 Preeiuii
764 3757 946 3824 uoluntatem
963 3779 1098 3823 concesso
1113 3761 1235 3821 licentio
1252 3759 1284 3822 de
1294 3773 1318 3817 se

213 3891 385 3970 promoueri
407 3886 543 3963 faciendo
557 3883 756 3960 sussrupeiur.
780 3877 865 3959 Ergo
883 3894 943 3939 nee
970 3874 1248 3956 Metropolitanus
1265 3887 1317 3936 nee

217 4002 298 4068 alius
311 3999 469 4082 superior,
488 4003 596 4082 potest
613 3994 741 4059 irritare
760 3991 910 4074 Episcopi
924 3990 1130 4067 seutentiam,
1150 4008 1213 4074 qua
1227 3988 1316 4074 quise

216 4117 420 4203 susceptione
435 4115 586 4180 ordinum
605 4111 801 4178 interdictus
813 4109 888 4174 fuit.
908 4108 948 4173 At
964 4108 990 4171 si
1004 4105 1143 4172 daretur
1161 4107 1316 4172 atalisen·

218 4235 320 4300 tentia
337 4231 529 4318 appellatio,
552 4235 661 4312 posset
674 4225 776 4310 judex
791 4227 833 4288 uel
850 4243 936 4307 quem
955 4241 1026 4286 eam
1046 4223 1197 4305 irritare3
1217 4235 1314 4302 ergon

217 4351 337 4418 talibus
363 4349 531 4414 sententiis
554 4365 618 4412 non
637 4344 735 4410 datur
752 4341 938 4426 appellatio.
972 4341 1056 4405 Item
1082 4339 1117 4404 in
1139 4336 1313 4405 Tridentino

217 4473 327 4542 textu,
344 4463 386 4530 de
405 4483 445 4530 eo
462 4481 561 4549 quem
579 4461 755 4544 Episcopus
781 4457 821 4521 ab
838 4455 1016 4531 ordinibus,
1049 4451 1307 4537 dignitatibusque
