2930 5114
235 404 297 468 aad
574 412 761 462 meamus
783 415 827 460 nn
849 414 997 462 suamne

231 547 384 623 admirata,
404 541 459 606 aaa
472 542 578 620 die...,
595 543 760 620 menas...,
778 545 908 619 anni...,
928 545 1018 605 ira...
1031 577 1078 590 -
1092 543 1157 622 Epo
1170 545 1227 622 Ν.,
1245 547 1353 605 artua·

232 668 309 726 rias.
328 683 347 724 a

275 778 308 844 si
319 775 494 860 appellatio
510 769 688 858 rejicienda
700 772 775 850 erit,
793 770 992 838 decernatur
1008 772 1043 838 in
1058 773 1146 841 inane
1163 771 1297 841 modum
1316 796 1327 840 t

277 897 525 974 «emmer
543 891 722 954 reverendas
737 891 778 954 N.
782 937 793 968 ,
816 894 957 954 Viearias
974 893 1135 972 peneralia,
1153 898 1267 955 attente
1282 911 1355 955 ema-

229 1014 364 1076 aideraia
380 1010 708 1092 appeltattentseanra,
725 1025 746 1070 α
759 1010 891 1088 prefato
915 1010 1036 1071 dernino
1053 1012 1094 1073 Ν.
1111 1029 1162 1072 reo
1179 1011 1347 1092 prodacta,

228 1133 344 1194 invenit
360 1147 424 1190 eam
444 1130 557 1207 injure
567 1131 597 1190 et
610 1129 644 1188 in
656 1126 737 1205 saeta
751 1126 1008 1205 traaabristentem·
1019 1128 1149 1207 proinde
1161 1145 1226 1189 enm
1242 1132 1355 1210 rejecit

226 1254 367 1330 tanquam
382 1245 525 1325 frivolam
540 1249 569 1306 et
587 1243 703 1306 adilina
717 1243 842 1320 valoris,
861 1249 890 1304 et
906 1243 1048 1323 decrevit,
1068 1261 1103 1306 ea
1116 1263 1176 1306 non
1194 1245 1349 1324 adstante,

224 1365 265 1428 ad
275 1365 421 1428 ulteriora
431 1361 602 1442 procedere.
617 1360 702 1440 and
713 1361 875 1437 decretam,
893 1377 959 1421 enm
972 1362 1079 1440 fnisset
1090 1379 1145 1442 per
1157 1379 1203 1423 me
1212 1363 1356 1443 prefato

223 1481 671 1555 meermannianam,
697 1477 748 1539 illi
769 1479 929 1558 nepadevit.
956 1480 1031 1541 Aeta
1054 1486 1124 1541 auat
1148 1479 1209 1540 doee
1232 1481 1350 1559 die...‚

223 1602 388 1676 mentia...,
403 1601 534 1660 anni...
549 1629 594 1644 --
605 1596 669 1674 Epo
683 1596 740 1672 N„
755 1597 923 1656 acinarius.
939 1615 962 1652 n

266 1714 386 1780 sivero
399 1710 564 1795 appellans
575 1728 640 1776 non
659 1709 855 1794 acquiescat,
870 1706 931 1774 sed
945 1707 1055 1774 denuo
1070 1707 1226 1792 appellet,
1243 1709 1352 1776 scribi

221 1827 283 1896 hoa
296 1825 528 1911 modopoterit
549 1847 556 1890 :

267 1969 283 2007 a
303 1947 389 2026 Quod
405 1945 554 2008 merdam
579 1959 645 2006 ram
661 1944 769 2021 fuisset
787 1961 844 2022 per
864 1959 911 2004 me
934 1911 1166 2024 infrascriptam
1188 1944 1270 2005 dieto
1288 1945 1352 2006 do-

220 2067 301 2126 mine
321 2065 360 2126 Ν.
384 2079 433 2124 reo
455 2065 646 2137 intinitatem,
671 2060 766 2121 denno
782 2059 966 2140 appellavit,
991 2065 1020 2122 et
1042 2063 1152 2122 iterem
1161 2063 1256 2140 petiit
1269 2078 1352 2140 apa·

222 2179 314 2241 stelas
329 2181 478 2240 instanter
491 2183 522 2239 et
537 2179 767 2240 instantissime.
785 2176 860 2238 Aeta
872 2182 943 2239 rant
957 2175 1076 2241 dee...
1091 2196 1108 2236 a

629 2459 761 2526 CAPUT
775 2461 889 2527 LVIII.

356 2737 467 2785 nontin
489 2734 743 2784 APPELLATIONIS
758 2737 780 2782 A
798 2735 975 2785 simmam
1000 2737 1204 2786 narnimvn.

268 3013 306 3076 ln
330 3006 547 3091 appellatione
575 3023 594 3068 a
616 3004 779 3070 sententia
797 3003 966 3070 definitiva
990 3006 1078 3072 nulla
1098 3007 1285 3072 necessario
1301 3006 1347 3072 de
1459 2991 1460 2994 ¹

222 3129 296 3214 jure
310 3123 474 3190 communi
486 3119 675 3206 assignanda
692 3128 742 3186 est
764 3141 859 3187 eausa
883 3119 1124 3206 appellationis;
1151 3122 1211 3188 sed
1227 3123 1348 3190 suffieit

225 3243 414 3327 simpliciter
430 3239 596 3322 appellare
612 3245 646 3304 et
668 3239 831 3322 apostolos
845 3245 971 3323 petere.
989 3239 1096 3318 Unde,
1115 3241 1244 3324 prolata
1268 3259 1348 3306 sen·
1456 3291 1457 3294 ,

225 3363 338 3438 teatin,
354 3359 469 3423 elneus
481 3354 580 3433 dieat,
593 3355 722 3438 appello
732 3364 766 3422 et
778 3363 854 3440 peta
870 3356 1043 3440 apostolos,
1062 3359 1228 3423 actuarius
1241 3356 1348 3424 debet

227 3475 479 3564 appellationem
493 3472 668 3556 registrare
682 3479 720 3536 ut
736 3473 883 3557 sequitur
902 3495 909 3539 :

274 3597 385 3658 «Cam
406 3593 481 3652 lecta
504 3597 533 3652 et
557 3595 699 3652 intimata
724 3593 842 3670 fuisset,
869 3597 904 3654 dt
922 3595 1099 3673 prefertur,
1124 3597 1256 3674 prefata
1279 3615 1351 3658 sen-
1452 3635 1453 3640 κ

230 3716 325 3776 tentia
335 3709 481 3790 predere
492 3708 614 3768 dorrdno
628 3709 667 3769 N.
671 3753 682 3784 ,
699 3723 759 3785 reo,
775 3713 838 3787 ipse
851 3710 1019 3789 appellavit
1033 3715 1062 3771 et
1076 3711 1227 3791 apostoles
1236 3716 1350 3792 petiit·

228 3835 276 3891 cai
298 3825 478 3888 reverendas
495 3825 633 3885 Vieariaa
650 3825 799 3902 poneretis
822 3826 989 3905 respondit,
1009 3845 1040 3888 se
1058 3831 1269 3907 praesidat-am
1295 3848 1345 3907 ea,

228 3963 293 4027 quoe
307 3945 343 4006 de
354 3946 426 4023 jere
441 3958 502 4002 ease
514 3940 676 4020 iadtenbtt.
694 3939 770 4003 Aeta
785 3946 856 4003 arant
872 3939 933 4003 doee
951 3943 1055 4021 die...,
1074 3949 1131 4006 ete.
1158 3979 1203 3990 -
1225 3945 1290 4024 Epo
1304 3947 1346 4009 Ν.

229 4060 347 4142 appella
360 4063 389 4119 et
401 4061 472 4137 peta
484 4055 645 4136 apostotos.
661 4091 708 4104 --
721 4057 785 4136 Epo
800 4059 840 4120 Ν.
845 4103 855 4136 ,
875 4061 1041 4123 actuariae.
1060 4083 1075 4118 n

274 4175 357 4242 Casa
370 4187 435 4257 quo
455 4188 532 4235 rena
555 4187 622 4234 non
640 4169 785 4253 appellet
797 4169 983 4237 immediate
1001 4176 1075 4255 post
1089 4173 1285 4238 sententiam
1302 4173 1348 4238 la·

228 4301 295 4360 tam
311 4289 407 4377 (intra
427 4287 603 4352 terminum
618 4291 728 4352 tamen
746 4286 941 4370 assignatum
957 4285 1072 4372 ajune,
1095 4287 1213 4356 decem
1227 4307 1346 4374 nempe

229 4403 368 4490 dierum)
393 4411 501 4490 potest
532 4401 697 4470 actuarius
722 4402 970 4485 appellationem
993 4403 1147 4487 excipere
1176 4405 1274 4488 preat
1294 4424 1345 4470 ae-

230 4523 341 4609 quiter
363 4542 370 4586 ε
