2838 5114
481 326 559 374 rans
582 325 739 373 secunus.
1097 311 1163 372 ³81·

75 449 265 536 «quoadalia
284 470 303 514 a
325 446 549 534 jurisdictione
574 446 826 513 ordinariorum.
853 469 869 508 u
897 444 1104 530 (Leurenius,
1130 449 1163 512 in

72 569 113 633 tit.
130 575 156 644 7,
171 567 227 633 lib.
254 570 273 632 5
302 564 444 642 decret,
466 572 584 651 quaest.
607 561 697 647 184.)
716 564 850 629 Constat
876 570 986 628 autem
1004 563 1164 646 generalis

71 683 126 750 huo
141 684 246 766 regula
271 682 491 748 decretalibus
508 684 671 747 Accusatus
690 686 723 744 et
748 682 796 744 Ad
818 680 995 742 abolendam
1015 677 1160 764 (ritant,

70 800 133 865 libri
155 803 172 862 5
194 796 351 881 decret),
374 816 499 864 necnon
519 795 680 862 decretali
703 799 743 860 Ut
767 797 896 875 officum
919 795 968 880 (de
986 798 1160 875 ,Horetum

70 916 95 980 iu
109 911 154 997 6).

105 1029 141 1094 II.
157 1033 352 1114 Exceptiqoes
367 1031 408 1090 od
415 1033 604 1109 promissum
620 1029 766 1108 sepulum.
793 1063 837 1076 «-
860 1030 891 1090 1⁰
907 1026 1021 1092 Nullus
1034 1026 1165 1111 inquisi-

69 1151 111 1210 tor
121 1142 283 1228 delegatus
294 1151 403 1226 potest
419 1140 601 1226 procedere
618 1151 733 1208 contra
748 1143 952 1224 Episcopum,
970 1143 1031 1208 nisi
1044 1143 1166 1226 speciu-

69 1258 130 1324 liter
145 1261 203 1324 hoc
225 1261 256 1325 ei
281 1280 300 1324 a
319 1257 403 1324 Sede
423 1259 604 1342 Apostolica
627 1258 742 1323 fuisset
760 1259 979 1324 commissum.
1001 1262 1167 1325 Tenentur
1195 1311 1196 1314 ,

68 1381 160 1441 tamen
177 1376 384 1460 inquisitores
396 1375 592 1458 Episcopum
611 1373 812 1451 haereticum,
834 1372 947 1438 velue
970 1373 1084 1440 haeresi
1098 1393 1167 1440 sus-

69 1501 194 1573 pectum,
207 1493 338 1557 Summo
353 1492 501 1557 Pontifici
517 1477 730 1573 denuntiare3
745 1498 778 1555 et
789 1490 820 1553 in
833 1487 946 1554 ordine
963 1489 1006 1556 ad
1018 1489 1099 1556 huno
1111 1489 1168 1556 de·

68 1611 294 1685 nuntiationem,
318 1615 452 1692 possunt
477 1605 696 1690 depositiones
712 1605 843 1672 testium
865 1605 1014 1688 recipere
1036 1614 1070 1672 et
1090 1605 1166 1672 Sedi

66 1724 238 1806 Apostolioae
258 1725 493 1790 transmittere.
521 1725 571 1789 Ita
588 1723 807 1788 communiter
827 1721 978 1788 doctores
996 1721 1166 1791 deducunt

67 1845 213 1925 excipite
230 1847 428 1924 Inquisitores
446 1841 493 1927 (de
506 1846 675 1918 Hoerctiots,
692 1840 725 1903 iu
739 1836 771 1922 6)
789 1847 879 1905 etex
896 1841 1001 1922 cupite
1019 1844 1038 1906 5
1054 1843 1167 1907 sessio·

67 1957 106 2019 nis
121 1959 157 2022 ii
182 1958 231 2045 (de
262 1954 492 2040 Reformotiooe)
522 1955 702 2022 Tridentini
723 1955 860 2020 concilii.
890 1955 1038 2022 Diximus
1059 1957 1168 2024 nullus

66 2072 219 2156 inquisitor
251 2077 428 2154 deteratur:
457 2092 530 2138 num
557 2069 754 2147 ordinarius,
781 2069 884 2149 idest,
915 2072 1111 2156 Episcopus,
1142 2074 1169 2137 si

66 2186 92 2250 in
113 2189 207 2272 ipsius
231 2189 366 2255 dioecesi
391 2196 483 2255 extet
510 2188 591 2253 alius
616 2186 801 2270 Episcopus,
819 2187 874 2271 qui
902 2188 935 2251 in
954 2187 1102 2254 haeresim
1124 2188 1170 2254 ia·

66 2300 157 2382 batur,
176 2305 232 2370 vel
246 2303 288 2370 de
305 2324 343 2370 eu
361 2305 403 2370 sit
418 2312 598 2388 suspectus,
617 2311 726 2387 potest
745 2311 859 2368 contre
875 2323 950 2369 eum
964 2303 1166 2389 procedere;

67 2439 99 2483 er
126 2429 286 2504 potestate
315 2422 439 2487 seilicet
465 2421 495 2486 ei
520 2418 628 2504 quoad
654 2418 716 2484 hoc
735 2419 886 2503 delegato
912 2439 972 2502 per
995 2428 1094 2504 caput
1122 2423 1170 2485 Ad

66 2539 229 2602 abolendam
244 2540 294 2626 (de
312 2535 494 2621 Hoeretiois).

103 2655 133 2718 2⁰
147 2655 213 2721 Neo
230 2653 398 2730 ordinarii,
420 2673 481 2719 nee
499 2652 642 2736 delegati
664 2651 871 2736 inquisitores
890 2650 1073 2735 procedere
1098 2670 1170 2734 pos·

66 2776 130 2833 sunt
146 2780 258 2836 contra
284 2769 374 2836 Sedis
393 2769 583 2853 Apostolicae
608 2766 744 2850 legatos,
763 2768 910 2845 nuncios,
935 2776 992 2832 sut
1006 2765 1167 2832 officiales.

66 2887 107 2953 lta
122 2888 312 2974 dispositum
332 2888 365 2950 in
388 2885 612 2968 extravaganti
629 2885 799 2960 Mattheus,
822 2885 910 2949 iuter
923 2901 1120 2960 communes,
1135 2887 1172 2947 de

68 3009 220 3072 Euroticts.

103 3127 134 3188 3⁰
155 3125 276 3189 Contra
292 3120 500 3206 inquisitores
518 3115 684 3202 delegatos
699 3111 834 3199 procedi
850 3115 963 3199 nequit
978 3114 1027 3206 ul)¹
1038 3115 1107 3180 aliis
1123 3116 1173 3178 in-

66 3239 264 3321 quisitoribus
279 3237 449 3320 delegetis,
464 3254 570 3320 nequo
590 3234 631 3298 ab
652 3231 829 3316 Episcopis.
842 3230 999 3314 Arguitur
1014 3249 1054 3296 ex
1074 3229 1172 3296 modo

67 3355 153 3446 citato
167 3355 400 3439 extravaganti.

559 3600 574 3673 5
605 3594 659 3658 vi.

159 3837 193 3885 in
214 3838 238 3886 in
260 3845 331 3882 eausa
348 3829 444 3880 heresis
468 3827 543 3889 possit
566 3824 674 3874 adhiberi
700 3835 825 3902 processus
847 3823 969 3872 summarii
986 3823 1069 3873 formu.

108 4068 237 4131 Certum
257 4069 317 4140 est,
337 4063 370 4125 iu
384 4054 569 4144 judicandis
590 4051 778 4120 criminibus
789 4049 832 4116 ad
848 4051 995 4117 haeresim
1011 4053 1176 4136 pertinen

69 4180 157 4261 tibus,
173 4201 239 4248 uon
253 4177 410 4260 adstringi
422 4174 637 4259 inquisitores,
653 4170 721 4234 sive
735 4166 915 4234 ordinarios
930 4166 1026 4253 (idest
1048 4169 1177 4252 Episco-

70 4297 144 4381 pos),
165 4299 232 4364 sive
256 4296 434 4378 delegatos,
454 4290 495 4355 ud
518 4279 714 4355 servandum
729 4283 886 4350 ordinarii
911 4283 1086 4349 criminalis
1101 4279 1187 4369 pro?

70 4430 171 4480 cessus
187 4415 323 4480 formem
341 4431 348 4476 :
365 4407 426 4474 sed
442 4412 576 4490 possunt
590 4408 751 4468 sumomrte
769 4397 964 4483 procedere.
986 4399 1121 4466 Constat
1137 4421 1178 4468 ex
