2948 5126
511 409 590 458 rsus
612 409 771 461 secunus.
1160 397 1198 462 tt

93 536 240 603 Homulli
261 535 373 602 clerici
393 535 436 602 de
465 535 659 620 quibusdam
680 535 867 602 criminibus
891 537 1084 624 Episcopum
1110 557 1206 605 suum

93 652 373 734 denuntiaverant.
390 652 518 739 Objecit
536 653 712 737 Episcopus
731 651 911 720 audiendos
930 673 996 718 non
1014 673 1086 721 esse
1111 653 1206 748 cleri·

93 788 142 837 cos
155 770 241 848 iilos,
258 774 330 834 tum
346 771 420 854 quia
432 769 553 854 publici
567 768 786 835 concubinarii
799 775 905 848 erant,
926 777 962 836 et
979 769 1039 836 bac
1049 768 1091 836 de
1110 789 1207 836 causa

92 884 151 971 jam
164 885 447 965 excommunicati,
464 892 535 951 tum
548 885 623 970 quia
639 885 732 950 ilium
746 892 821 952 ante
840 883 1118 952 denuntiationem
1142 903 1206 951 nou

94 1010 365 1088 pramonuerant,
384 1011 454 1069 tum
483 1001 626 1087 denique
649 1002 724 1088 quis
745 1003 780 1067 in
803 1001 909 1088 ipsum
927 1003 1204 1086 conspiraverant.

95 1119 157 1199 Qua
171 1117 215 1184 de
228 1135 268 1184 rc
279 1137 298 1183 11
309 1115 475 1202 judicibus
488 1116 655 1182 consultus
665 1116 873 1182 Innocentius
899 1116 988 1200 Papa
1002 1117 1060 1195 111,
1077 1133 1210 1200 respon-

95 1229 162 1314 dit:
185 1230 252 1294 *Si
274 1229 367 1295 vobis
393 1230 575 1296 constiterit
599 1228 789 1312 praedictos,
814 1209 954 1314 quorum
977 1229 1107 1294 nomine
1131 1234 1208 1294 sunt

100 1377 111 1400 a
128 1364 279 1413 excessus
296 1343 481 1431 hujusmodi
499 1343 542 1411 de
556 1345 714 1429 Episcopo
731 1343 888 1422 nuntiati,
906 1343 1036 1428 publice
1058 1342 1210 1410 concubi·

101 1493 112 1516 «
129 1463 236 1528 uarios
250 1469 330 1527 tunc
344 1461 456 1540 fuisse,
473 1456 713 1545 propterquod
742 1459 775 1524 in
794 1477 850 1524 eos
873 1458 937 1524 iuit
951 1457 1210 1526 excommunica-

101 1609 114 1634 ι
129 1579 222 1645 bonis
231 1579 395 1646 sententia
409 1578 625 1662 promulgata,
641 1576 693 1642 vel
707 1575 881 1659 praefatum
890 1576 1084 1660 Episcopum
1092 1574 1135 1644 de
1144 1573 1211 1662 jam
1288 1649 1292 1657 ⁵

102 1692 223 1762 ·dictis
241 1693 429 1760 excessibus
451 1711 517 1758 non
546 1692 646 1758 inisse
673 1692 900 1776 premonitum
918 1690 960 1756 ab
989 1690 1132 1770 1111111111,
1159 1691 1212 1758 rei

103 1840 114 1862 «
130 1810 212 1894 ipsos
225 1810 427 1894 conspirasse
438 1809 568 1887 ineum,
585 1805 859 1875 adeuuutistioue
875 1807 1041 1890 repellatis
1055 1804 1210 1876 eosdem:

104 1927 468 2015 «adequitantibus»

139 2045 256 2112 Erbac
271 2055 383 2113 autem
398 2046 557 2116 decretali
565 2046 646 2134 quid
657 2049 800 2132 rigorose
816 2045 968 2116 concludi
977 2049 1078 2132 possit
1091 2065 1213 2133 erpen-

100 2161 221 2229 damus.
234 2164 267 2228 si
280 2163 406 2250 liquido
420 2171 585 2231 constaret
599 2163 645 2232 ibi
661 2165 714 2248 agi
727 2163 770 2230 de
783 2166 915 2249 proprie
935 2163 1023 2231 dicta
1042 2165 1215 2232 denuntia·

101 2277 194 2358 tione,
210 2299 276 2346 non
291 2299 374 2346 vero
387 2279 430 2346 de
445 2282 662 2360 accusatione,
680 2283 798 2348 merito
813 2281 946 2367 quidem
959 2279 1215 2350 concluderetur

102 2393 143 2460 ad
155 2393 409 2462 denuntiandum
417 2395 576 2462 inhabiles
588 2415 658 2464 esse
673 2397 919 2464 concubinarios
925 2399 1082 2483 publicos,
1090 2417 1215 2464 ercom-

103 2511 283 2592 muricatos,
303 2513 553 2598 conspiratores,
571 2519 605 2580 et
619 2513 751 2597 insuper
765 2533 820 2580 ecs
834 2513 890 2600 qui
907 2516 1028 2599 prasio
1043 2513 1216 2581 denuntia·

104 2633 242 2696 tumuou
255 2637 466 2696 monuerunt.
482 2629 524 2696 At
539 2647 620 2696 vero
645 2637 773 2696 certum
790 2649 855 2696 non
880 2637 930 2697 est
950 2631 995 2697 ibi
1019 2638 1215 2697 memoratos

105 2746 231 2814 clericos
240 2751 467 2812 denuntiatores
478 2746 648 2814 dnmuxst
663 2748 779 2833 fuisse3
802 2765 909 2833 neque
931 2746 968 2814 id
982 2748 1125 2832 rigorose
1139 2766 1217 2832 pro-

108 2862 179 2929 bant
205 2864 308 2932 verba
336 2865 414 2944 baeo,
440 2885 564 2948 paenam
596 2872 714 2931 nomine
734 2873 805 2930 11111
822 2885 958 2930 secessas
986 2867 1156 2950 hujusmodi
1179 2867 1217 2930 dc

109 2984 241 3066 Episcopo
253 2987 412 3062 1111111111,·
425 2981 511 3066 quia,
528 2982 663 3048 etiamsi
680 2991 864 3047 accusatores
889 2983 1021 3068 proprie
1037 2980 1117 3047 dicti
1135 2982 1217 3048 exti-

109 3095 209 3175 terint,
221 3103 402 3180 potuerunt
427 3116 466 3163 ea
480 3097 581 3163 verba
597 3097 639 3162 ab
655 3098 843 3163 Innocentio
859 3098 1010 3182 usurpari
1027 3119 1034 3162 :
1056 3115 1131 3162 nam
1158 3096 1215 3162 ille

95 3211 199 3278 etiam
215 3213 272 3299 qui
285 3221 426 3292 accusat,
448 3217 590 3278 delictum
599 3220 738 3294 1111111111·
751 3214 831 3280 licet
846 3215 918 3280 vice
933 3233 1028 3279 versa
1046 3213 1148 3278 omnis
1161 3213 1217 3298 qui

112 3325 281 3408 denuntiat,
300 3329 415 3395 stricto
427 3327 508 3415 juris
527 3347 623 3395 sensu
637 3349 703 3394 uon
717 3336 860 3395 accuset.
884 3329 965 3394 Cum
984 3347 1062 3412 ergo
1089 3334 1217 3394 certum

113 3461 169 3510 non
182 3447 224 3511 sit
236 3447 282 3512 ibi
296 3465 361 3512 non
380 3446 432 3530 agi
446 3444 490 3511 de
508 3446 724 3523 accusatione,
746 3443 806 3511 sed
826 3444 868 3510 de
887 3445 1022 3528 simplici
1043 3444 1216 3510 denuntia·

116 3559 201 3641 tione,
214 3561 294 3627 nibil
313 3581 354 3627 ex
368 3561 465 3626 111111
478 3560 636 3628 decretali
646 3562 788 3646 rigorose
800 3560 950 3628 concludi
963 3579 1056 3644 posse
1068 3558 1212 3627 videtur.

151 3679 181 3743 i.
204 3676 230 3744 A
250 3675 414 3744 nonnullis
427 3677 524 3742 etiam
544 3677 715 3743 canonistis
733 3675 908 3743 adducitur
922 3681 1020 3762 caput
1032 3681 1068 3742 st·
1083 3681 1150 3758 pots
1171 3673 1214 3762 (2,

115 3790 158 3856 tit.
176 3793 205 3872 l,
224 3793 301 3859 libri
318 3789 501 3876 5decret.),
517 3793 550 3856 in
564 3812 628 3878 quo
642 3793 687 3858 sic
697 3795 872 3860 statuitur:
892 3821 906 3847 κ
922 3793 954 3857 Si
964 3793 1035 3876 quis
1043 3791 1219 3876 Episcopus

121 3909 184 3976 «ab
200 3912 262 3977 iliis
272 3910 518 3976 accusatoribus
531 3911 587 3996 qui
610 3908 790 3995 recipiendi
804 3917 890 3989 suut,
912 3917 1082 3976 accusatus
1103 3909 1216 3990 fuerit,

121 4053 132 4076 ·
147 4037 309 4113 postquam
317 4027 359 4092 ab
368 4027 414 4092 eis
423 4027 611 4094 charitative
623 4034 801 4092 conventus
813 4027 914 4093 fuerit
925 4033 962 4093 ut
974 4047 1102 4094 causam
1110 4047 1221 4095 emen-

122 4171 132 4194 a
150 4143 213 4225 det,
231 4151 265 4211 et
283 4163 354 4212 eam
370 4145 534 4228 corrigere
552 4144 704 4224 uoluerit,
723 4164 789 4211 non
803 4143 892 4223 olim,
914 4144 973 4210 sed
997 4152 1076 4210 tunc
1089 4144 1133 4212 ad
1148 4145 1221 4212 Pri-

124 4269 242 4328 «mates
256 4281 353 4328 causa
368 4261 437 4348 ejus
462 4263 615 4327 canonice
631 4260 812 4328 deferatur.
830 4291 843 4317 a
865 4263 987 4328 Putant
1009 4279 1127 4346 nempe
1142 4259 1221 4334 dicti

121 4377 290 4457 canonista,
305 4377 395 4464 quod
409 4377 454 4444 ibi
468 4376 510 4443 de
524 4383 744 4444 accusatoribus
759 4378 961 4459 decernitur,
972 4377 1055 4446 etde
1065 4382 1222 4444 denuntio·

124 4497 305 4566 1111111111
318 4493 579 4582 intelligendum.
607 4496 648 4565 dt
672 4500 812 4585 gratuita
825 4517 959 4586 prorsus
973 4497 1042 4566 baec
1059 4495 1205 4584 asserum
