2878 5114
242 311 306 373 sii
578 309 766 371 mosmos
789 314 832 370 ns
855 316 1004 372 scatens.

237 435 352 515 accim
376 453 417 514 act
437 451 568 532 paeltam
591 451 749 514 Bibiarmm
774 423 939 532 scripsisse,
967 456 996 511 et
1019 467 1084 530 pace
1107 462 1126 510 a
1151 453 1220 512 teste·
1240 454 1286 530 N„
1303 457 1328 514 ia

237 569 376 631 amathas
397 567 465 645 fisci
485 570 608 647 faeraat
629 570 780 648 deposita,
799 571 918 627 cacavit
939 585 958 626 c
981 569 1123 627 sacristia
1142 564 1263 626 ecclesia
1283 566 1327 642 N„

238 686 297 748 sibi
311 687 417 765 afferri
430 689 577 765 repostam
590 685 813 764 baptismorum,
827 687 859 744 ta
870 701 926 762 qao
938 687 1048 744 cataat
1059 684 1150 762 ptara
1162 689 1238 760 acta,
1256 701 1331 745 aiam

237 803 364 864 Amarea
382 804 422 865 N.
438 806 518 861 certo
531 803 670 861 sacrata.
687 802 752 878 οπο
767 799 879 876 habita,
895 801 1014 859 caraait
1028 799 1151 878 iasapcr
1168 800 1331 861 diversorem

238 921 405 997 scripturas
416 918 533 995 offerri,
549 916 591 976 act
601 915 764 977 attendam
778 933 818 975 aa
833 920 931 993 testes,
950 920 1002 994 pai
1016 917 1161 977 ciicaatar
1170 917 1286 978 Aacirea
1297 919 1329 980 Ν.

237 1037 418 1113 scripturam
440 1035 549 1112 optime
570 1048 699 1109 noscere,
722 1049 786 1091 cara
808 1035 888 1094 iater
911 1035 1015 1092 varias
1037 1032 1117 1094 alias
1139 1033 1330 1095 aisecraercat.

237 1151 286 1213 Act
305 1159 389 1232 ptem
416 1147 505 1224 ficem
524 1133 620 1209 citctos
644 1151 731 1208 testes
748 1163 854 1208 occare
875 1153 904 1208 et
921 1151 1097 1210 exomiaare
1119 1149 1334 1213 meratitae

237 1274 308 1329 mat
321 1267 382 1328 aaa
393 1267 499 1343 die...‚
515 1267 680 1341 mmsis...,
696 1281 816 1327 amaa...

284 1387 410 1444 Vocatas
429 1386 524 1462 ipitar
541 1384 707 1460 comparuit
729 1381 892 1442 Geraasias
906 1383 961 1459 N„
981 1388 1010 1444 et
1034 1383 1169 1464 deposito
1183 1388 1337 1464 jaromcata

125 1525 127 1529 ’
236 1501 274 1560 cie
295 1499 421 1561 dicanda
444 1503 582 1573 acritate,
604 1498 741 1576 depaseit
755 1504 788 1557 at
809 1502 944 1576 sepaitm
959 1519 969 1558 .·

284 1635 299 1670 a
320 1614 368 1675 Act
385 1611 539 1692 pancratio
560 1630 570 1669 :

283 1751 299 1787 c
321 1731 352 1791 1⁰
366 1711 574 1808 Iaierrapatas
588 1737 598 1786 ὲ
613 1726 757 1805 paomocic
781 1729 925 1788 aocetari
941 1730 1145 1810 Respondit„
1172 1729 1219 1814 (et
1232 1728 1338 1812 relique

235 1843 273 1908 ni
291 1841 414 1928 supra).

283 1985 298 2021 a
319 1963 367 2026 Aa
386 1962 528 2042 specialia
549 1979 558 2020 :

283 2101 299 2138 c
321 2081 352 2141 ίο
367 2081 575 2158 laterrapatas
596 2097 606 2137 .·
626 2095 666 2139 aa
682 2085 838 2156 copmscat
860 2079 1009 2141 caeream
1025 2079 1086 2140 tt?
1099 2113 1144 2123 -
1166 2079 1334 2159 Respondit:

235 2177 371 2275 apprime
390 2212 541 2274 copaosca.

283 2333 298 2370 a
316 2313 350 2374 2⁰
364 2313 571 2390 Iatcmopatas
587 2329 597 2371 :
612 2329 653 2371 aa
667 2309 795 2372 itabeaat
815 2311 863 2371 aet
879 2309 1038 2371 aabmriat
1063 2311 1300 2389 familiaritatem
1313 2317 1336 2370 ct

234 2432 440 2488 commercium
464 2427 635 2488 litterarum
648 2427 689 2488 oct
704 2428 854 2488 iaaicem?
867 2461 912 2472 -
926 2424 1089 2505 Respamtit
1099 2446 1109 2487 :
1127 2425 1252 2488 caietae
1266 2428 1332 2500 aeae,

234 2545 286 2606 ceci
299 2562 318 2605 a
332 2544 444 2606 ambas
459 2547 548 2605 camis
563 2561 623 2604 aaa
636 2544 778 2623 amplias.

281 2661 349 2723 «3⁰
366 2661 575 2738 {atemapatas
596 2678 606 2719 :
629 2676 669 2720 aa
691 2660 760 2720 beroe
782 2663 937 2739 capacem
961 2659 1162 2721 characterem
1182 2667 1211 2722 et
1231 2677 1335 2721 amcam

233 2777 349 2837 domiai
366 2775 493 2838 Andreae
511 2777 541 2838 N
544 2777 579 2836 .?
598 2811 641 2821 —
658 2777 821 2855 Respamtit
840 2797 850 2837 .·
868 2779 997 2857 perfecte
1013 2795 1166 2855 eopaosco.

280 2913 295 2948 c
314 2890 349 2952 4⁰
364 2893 572 2969 Iaterropatas
593 2909 633 2952 aa
648 2895 728 2952 irater
752 2893 832 2953 alias
850 2894 956 2972 piaras
979 2897 1146 2972 scriptaras
1169 2898 1335 2974 copmsceret

232 3026 354 3070 mamam
380 3013 410 3068 et
434 3007 634 3068 characterem
664 3009 789 3070 Aactrece
806 3011 838 3072 N
840 3011 875 3071 .?
893 3044 938 3054 —
955 3011 1119 3089 Respmate't
1138 3030 1148 3070 :
1166 3015 1245 3073 iater
1266 3007 1337 3070 mitte

233 3140 445 3203 copaoscercm.

281 3243 398 3301 «Tam
420 3258 482 3302 rea.
498 3241 599 3318 praec
621 3243 726 3300 varias
752 3243 999 3319 scripturas-mia
1023 3259 1094 3301 cam
1113 3242 1264 3322 scriptam
1287 3243 1337 3304 Aa·

234 3357 313 3418 drea
333 3346 389 3432 N„
410 3358 513 3435 posatt
534 3359 604 3416 arcte
626 3360 739 3432 testem,
759 3359 804 3417 ita
831 3363 932 3418 tamea
950 3362 987 3417 at
1005 3357 1116 3418 amitiit
1131 3357 1260 3438 aticajas
1279 3356 1337 3417 aa

235 3473 362 3551 scriptio
378 3467 498 3552 pateret
516 3489 526 3532 .·
544 3476 573 3531 et
590 3470 674 3531 atate
691 3475 721 3531 ei
734 3477 770 3532 at
788 3465 924 3551 scimea
942 3477 1123 3552 scripta-rem
1145 3475 1273 3536 Acorea
1288 3475 1337 3549 N.‚·

234 3593 286 3669 pai
299 3607 358 3650 rma
373 3589 501 3649 mattam
518 3587 689 3648 deliberem
707 3592 847 3650 eztraait
860 3604 953 3650 aream
972 3582 1078 3667 foliam
1096 3591 1220 3668 diceas,·
1234 3583 1337 3652 mccc

233 3709 386 3786 scriptara
406 3698 522 3770 domiai
543 3705 672 3765 Amarea
684 3705 743 3781 N.‚·
756 3711 857 3783 ¹praat
876 3696 968 3766 eiiam
985 3711 1061 3767 emt.
1080 3705 1197 3782 Qattas
1219 3705 1331 3779 tacito,

133 3855 136 3860 -
233 3828 263 3882 et
282 3826 310 3882 ci
326 3827 357 3882 et
372 3825 405 3883 ia
423 3826 567 3900 permotam
582 3823 785 3899 acceptetis..*.
808 3817 854 3903 (et
872 3819 1005 3900 ponitur
1022 3817 1217 3882 clausulam
1237 3819 1269 3882 in
1289 3833 1334 3880 su-

233 3936 354 4019 pastori
375 3932 576 4018 paragrapho
595 3949 732 3998 numero
752 3931 831 4016 ipa

238 4079 243 4086 ·
276 4050 399 4117 Eodem
418 4048 734 4116 modoexaminatuc
748 4048 833 4114 alter
846 4050 949 4114 testis.
970 4049 1086 4114 Postea
1104 4049 1143 4114 fit
1161 4054 1334 4133 comparem

233 4172 420 4249 litterariam·
446 4186 517 4252 quae
531 4164 564 4231 in
589 4185 629 4230 eo
647 4166 791 4231 consistit
816 4173 854 4232 ut
871 4168 967 4265 yeriae
983 4167 1151 4251 scripturae
1164 4184 1238 4252 qua
1253 4171 1333 4232 ceria

232 4293 307 4351 iant
322 4286 452 4369 scriptae
465 4301 560 4348 manu
575 4283 645 4359 Rei,
668 4281 878 4347 conferantur
898 4283 972 4347 cum
986 4279 1038 4347 illa
1052 4283 1214 4366 scriptura
1224 4281 1265 4349 de
1279 4299 1330 4366 qua

232 4405 283 4465 ssi
297 4401 442 4484 questio.
460 4401 525 4464 Pro
539 4414 604 4482 quo
626 4397 827 4480 deputamur
841 4395 907 4464 duo
923 4407 1076 4482 expemes
1091 4397 1165 4476 viri,
1184 4402 1241 4484 qui
1261 4395 1331 4484 iuis
