2878 5114
218 355 222 364 ·
252 335 317 400 456
605 351 792 400 rmcrarns
813 353 858 399 nn
880 349 1028 399 rnnrcns.

294 477 375 544 Hinc
389 478 424 543 in
441 476 552 544 libello
572 478 722 562 supplici,
744 497 808 563 qao
831 476 1025 542 matrimonii
1048 477 1111 544 rati
1133 495 1199 542 non
1218 497 1345 544 conann-

251 597 330 662 mati
354 594 550 680 dispensatio
576 596 779 678 postulatur„
793 595 880 660 clare
901 593 1175 661 ostendendascu
1197 595 1345 678 probanda

250 719 326 776 sunt
340 709 409 776 haeo
427 708 515 776 duo:
542 711 780 776 matrimonium
810 729 875 775 non
906 709 1005 774 fuisse
1030 717 1296 788 consummatum,
1318 721 1346 777 et

246 826 366 912 justam
393 824 507 892 adame
524 825 741 892 concedenda
774 824 1020 910 dispensationis
1042 845 1197 892 eausam:
1222 827 1345 912 alioquin

249 940 522 1025 dispensationem
536 939 748 1008 concedetur.
1205 937 1207 940 ’

293 1057 349 1121 ΙΠ.
379 1061 452 1136 (tate
468 1061 531 1120 sint
540 1064 646 1138 partas
665 1061 765 1121 snare
779 1059 1027 1138 Cmtprepaiionis
1041 1059 1171 1121 Coamilii
1187 1061 1280 1138 quoad
1294 1061 1347 1121 dis·

243 1178 434 1258 pausationes
459 1175 629 1256 ejnnnodi?
647 1209 692 1222 -
710 1175 742 1236 1⁰
758 1155 878 1256 Nequit
900 1173 968 1256 ipsa
989 1172 1259 1256 dispensationem
1283 1193 1347 1240 con·

248 1289 377 1367 cedere,
407 1288 465 1356 sed
481 1296 609 1354 tantum
625 1296 738 1354 votum
763 1287 980 1354 consultirnm
1007 1291 1159 1361 emittere
1178 1308 1274 1373 snper
1296 1289 1347 1356 hoe

245 1404 356 1484 dubio,
374 1425 446 1469 nam
458 1411 499 1468 sit
515 1407 595 1468 locas
607 1407 798 1468 concedenda
812 1407 1041 1486 dispensationi.
1062 1407 1197 1471 Constat
1211 1426 1251 1471 ex
1263 1404 1347 1470 modo

248 1523 346 1588 citata
366 1520 535 1587 Benedicti
555 1521 626 1586 XIV
642 1520 884 1587 constitutione.
906 1525 938 1586 2⁰
957 1523 1028 1587 Non
1045 1521 1147 1588 debet
1165 1520 1207 1587 ad
1227 1539 1346 1586 eramen

246 1636 407 1724 ejusmodi
418 1638 641 1704 instantiarum
657 1635 851 1720 procedere,
873 1637 933 1702 nisi
945 1643 1117 1722 postquam
1132 1657 1268 1702 examen
1277 1636 1345 1702 illud

246 1757 408 1821 aSummo
421 1751 577 1820 Pontidoe
601 1754 647 1820 illi
668 1753 769 1819 fuerit
790 1739 1007 1820 commissum.
1028 1755 1164 1820 Constat
1179 1755 1297 1838 pariter
1312 1773 1345 1818 er

246 1861 456 1928 Benedictina
465 1861 705 1926 constitutione.
718 1865 753 1926 3⁰
763 1862 843 1926 Tota
851 1861 1015 1944 indagatio
1024 1861 1067 1928 ad
1077 1861 1345 1930 determinandum

247 1979 349 2043 Sacrae
367 1977 629 2061 congregationis
641 1983 753 2041 votum
768 1975 910 2062 (qnando
929 1977 991 2060 ipsi
1011 1977 1264 2061 expendendum
1276 1996 1345 2042 eom-

247 2091 555 2177 mittiturejusmcdi
564 2091 841 2175 dispensationum
850 2091 1345 2178 negotium)‚versatureircodno

247 2209 317 2274 haee
338 2231 346 2273 ε
372 2228 413 2273 an
430 2208 591 2293 probetur
612 2208 854 2273 matrimonium
876 2228 940 2274 non
961 2207 1060 2274 fuisse
1081 2214 1343 2289 consummatnm3

248 2334 283 2392 et
298 2345 349 2402 an,
373 2324 434 2390 hoc
453 2323 602 2408 probato,
625 2321 713 2408 justa
736 2324 898 2406 allegetur
917 2323 1125 2408 dispensandi
1151 2343 1258 2390 causa.
1281 2325 1345 2404 Qua

248 2440 315 2506 duo
330 2441 356 2505 si
368 2445 527 2515 constent,
545 2441 640 2506 Sacra
654 2437 868 2522 Congregatic
880 2438 1057 2522 respondet
1068 2440 1262 2519 affirmative,
1275 2436 1346 2504 idest
1422 2523 1423 2526 Ἴ

249 2556 320 2622 dari
343 2556 451 2622 locum
474 2553 690 2622 concedenda
717 2552 969 2638 dispensationi3
989 2555 1018 2620 si
1038 2563 1149 2621 antem
1169 2557 1345 2622 alterumnm
1422 2591 1423 2596 κ

248 2671 350 2749 desit,
366 2677 504 2752 nepotiane
519 2670 709 2754 respondet.
738 2668 835 2750 Quod
857 2677 970 2736 votnm
989 2671 1206 2736 consultivum
1225 2677 1346 2736 secreta·

249 2787 317 2851 rius
343 2787 446 2852 Sacrae
468 2785 730 2868 Gongregationis
748 2782 860 2850 defert
874 2783 918 2850 od
936 2785 1196 2869 sanctissimum
1214 2795 1249 2852 et
1264 2792 1347 2872 pmut

250 2901 473 2968 Sanctissimae
490 2900 570 2968 illud
584 2901 744 2986 approbat
757 2899 811 2966 vel
832 2900 950 2985 rejicit,
965 2901 1141 2984 expeditur
1156 2904 1211 2968 vel
1224 2901 1347 2985 denega·

248 3024 306 3084 tur
320 3017 480 3100 postulata
496 3015 704 3103 dispensatio.

295 3135 351 3198 IV.
376 3137 425 3198 An
437 3139 471 3198 in
481 3137 667 3216 eapmienda
678 3153 768 3198 consa
782 3137 1014 3216 dispensationis
1029 3140 1217 3198 matrimonii
1231 3141 1290 3198 rati
1301 3151 1348 3196 non

250 3255 461 3327 mnmmmatm
483 3253 638 3314 sananda
659 3256 722 3314 sint
753 3253 835 3332 aptad
858 3255 981 3315 Sacram
1004 3254 1270 3332 Cmtprepottonem
1288 3251 1348 3314 scm

250 3373 424 3431 mnitoteso
441 3370 600 3430 Benedicta
619 3371 692 3432 XlV
700 3373 887 3449 prescripta
909 3369 943 3431 in'
962 3374 1060 3432 eaesis
1080 3369 1237 3432 nuditatis
1257 3370 1348 3430 nntri-

250 3485 366 3547 monii?
384 3521 429 3534 -
447 3486 479 3547 1⁰
508 3483 610 3548 Causa
631 3481 877 3566 dispensationis
899 3483 1095 3548 matrimonii
1114 3483 1179 3549 rati
1201 3503 1265 3549 ncn
1286 3500 1348 3546 eon·

250 3598 425 3674 summati,
458 3612 588 3680 semper
624 3598 781 3682 implicite
823 3600 969 3692 continet
998 3606 1033 3664 et
1067 3598 1207 3665 involvit
1238 3613 1348 3664 cauma

249 3715 406 3781 nullitatis
420 3715 615 3780 matrimonii
632 3737 639 3780 :
658 3735 733 3782 nam
750 3715 783 3780 in
802 3735 898 3782 eausa
920 3714 1015 3782 diotre
1032 3715 1289 3798 dispensationis,
1306 3713 1348 3778 Sc·

250 3849 313 3896 eroe
329 3831 576 3916 Congregationi
591 3831 785 3898 solvendum
798 3831 956 3898 incumbit
974 3831 1035 3899 hoc
1051 3830 1199 3909 dubium,
1215 3853 1256 3895 on
1275 3849 1348 3912 aare·
1421 3861 1422 3924 p

249 3951 316 4012 diat
326 3968 424 4012 neena
438 3952 557 4014 concedi
571 3949 765 4014 matrimonii
785 3949 884 4035 (quod
901 3949 1120 4033 praetenditur
1134 3967 1201 4013 non
1222 3963 1347 4014 consum
1421 3959 1422 3988 ¹

248 4062 382 4148 maium)
411 4067 672 4147 dispensationem,
699 4068 768 4132 Hoc
790 4075 901 4132 autam
920 4063 1053 4130 dubium
1074 4064 1262 4130 affirmative
1279 4059 1346 4128 sold
1421 4141 1422 4160 ξ

247 4181 370 4266 nequit,
386 4180 447 4246 nisi
460 4183 551 4264 prius
565 4182 669 4248 soluto
684 4182 744 4247 hoo
759 4184 864 4250 altero
876 4181 987 4258 dnbio,
1002 4189 1106 4246 atram
1115 4201 1219 4244 aeram
1233 4187 1281 4260 sit,
1297 4193 1344 4240 nm

243 4302 436 4360 intervenisse
451 4302 638 4362 enotrimonii
647 4304 939 4364 consummationem.
963 4297 1066 4363 Proui
1084 4303 1195 4362 autem
1215 4295 1273 4362 hoc
1285 4290 1342 4357 ulti·

160 4459 162 4464 .
245 4429 334 4475 mum
359 4409 494 4478 dubium
509 4411 698 4510 affirmative
718 4414 771 4478 vel
796 4412 946 4494 negative
969 4412 1116 4488 solvitur,
1135 4409 1341 4494 pronuntiatur
