2914 5122
515 378 594 428 rans
618 378 776 428 sacrans.
1155 359 1209 426 int

121 513 149 571 et
162 507 243 570 citra
268 503 422 570 solemnia
450 506 689 570 accusationum
716 521 809 587 posse
836 499 998 588 perpendi
1023 497 1223 588 incognitum'

119 627 245 687 nonest.
265 645 281 682 a
297 620 394 707 (Lege
416 629 432 686 7
449 619 579 700 codicis,
597 623 634 702 cle
648 618 799 704 Accusat.)

156 739 225 803 aiu
243 755 445 821 quacumque
475 755 570 803 causa
593 755 652 802 reo
674 734 837 814 adhibito,
871 735 939 802 sive
969 741 1137 801 accusator
1157 738 1225 832 exi7

118 860 182 940 stat,
204 853 273 918 sive
294 871 369 918 eum
383 851 525 935 publicae
552 851 779 921 sollicitudinis
793 871 871 918 cura
889 850 1093 937 perduxerit,
1116 853 1224 918 statim

117 967 207 1034 debet
219 967 446 1054 quaestiofieri,
463 976 501 1033 ut
514 969 630 1034 noxius
642 967 808 1051 puniatur,
821 968 976 1034 innocens
990 967 1189 1036 absolvamur.
1205 991 1221 1029 a

120 1085 207 1168 (lage
230 1089 241 1148 l
268 1082 399 1162 codicis
417 1087 455 1148 de
469 1087 613 1149 Custodia
624 1081 800 1168 carcerum.)

156 1226 170 1261 a
190 1202 373 1281 Delatores,
391 1201 459 1267 sine
483 1201 552 1268 fisci
577 1201 736 1268 advocato
752 1201 996 1281 denuntiantes,
1022 1202 1128 1288 poenis
1141 1201 1223 1270 adti-

116 1337 194 1384 cere.
217 1344 232 1378 o
251 1317 348 1404 (Lege
365 1321 384 1382 5
400 1318 532 1397 codicis,
552 1321 589 1384 de
601 1317 818 1403 Delotcrtbus.)

153 1436 302 1519 Reperiri
318 1455 395 1519 ergo
413 1437 446 1501 in
461 1435 534 1521 jure
550 1436 692 1502 Romano
713 1435 907 1521 inquisitorii
925 1453 1095 1519 processus
1118 1435 1223 1522 aliqua

116 1551 196 1615 initia
211 1556 244 1616 et
263 1551 369 1617 veluti
385 1547 517 1628 rudera,
536 1551 650 1636 negari
663 1553 788 1636 nequit.
812 1551 907 1617 Unde
934 1559 968 1616 et
992 1549 1071 1616 scite
1092 1550 1222 1618 moder-

114 1687 169 1732 nus
182 1667 288 1733 Gallia
301 1669 441 1752 scriptor
457 1689 464 1734 ε
487 1668 543 1733 «ΙΙ
557 1669 681 1734 resulta
696 1667 771 1733 bien
788 1665 1012 1734 evidemmeut
1031 1665 1075 1734 de
1092 1687 1146 1734 ces
1161 1667 1223 1734 dii·
1253 1643 1255 1648 ¹

115 1781 230 1848 iirents
243 1791 352 1849 tentes
366 1803 428 1869 que
447 1785 479 1848 le
492 1781 579 1849 droit
595 1782 816 1849 d'accusution
829 1782 957 1849 tendait
972 1780 1077 1868 dejaa
1094 1801 1221 1850 remon·

114 1907 164 1964 ter
177 1899 344 1964 desmains
356 1900 414 1966 des
424 1901 570 1984 eitoyens
586 1897 665 1966 dans
680 1901 778 1966 celles
788 1900 829 1966 de
841 1899 1007 1966 l'autcritd
1018 1899 1217 1985 publique...

115 2015 139 2080 ll
158 2021 204 2080 esi
221 2015 350 2081 difficile
374 2016 416 2082 dc
437 2036 478 2081 ne
497 2035 594 2100 pasy
617 2015 690 2081 voir
711 2015 743 2080 le
759 2034 871 2099 garine
890 2013 932 2081 da
950 2013 1157 2082 l’institaticn
1175 2017 1220 2083 du

115 2131 269 2198 ministare
287 2132 409 2216 public,
430 2133 497 2216 qui,
508 2135 604 2215 apres
623 2133 714 2198 avoir
739 2133 791 2196 dte
813 2131 983 2204 recueillis
1003 2150 1063 2216 par
1079 2132 1111 2197 le
1133 2132 1221 2199 droit

116 2248 284 2332 canocique
301 2266 342 2313 au
354 2247 463 2314 milieu
477 2245 536 2313 des
552 2245 662 2313 debris
674 2245 718 2314 du
735 2247 946 2330 bas-empire,
964 2245 1074 2314 devait
1086 2245 1221 2314 eurohic·

116 2363 183 2444 pius
198 2361 282 2442 tard,
300 2363 380 2429 mais
390 2382 475 2446 pour
488 2365 521 2428 la
537 2362 703 2442 feconder,
716 2371 810 2429 notre
822 2363 1003 2446 legislation
1015 2362 1184 2431 moderna.
1202 2389 1217 2426 a

118 2479 491 2565 transcurreremus
514 2486 550 2546 cle
574 2485 776 2546 l'iastructiou
802 2483 978 2562 criminalis,
1001 2481 1059 2546 liv.
1080 2485 1110 2562 1,
1135 2501 1166 2546 c.
1184 2483 1216 2558 l,

117 2602 130 2674 5
146 2595 207 2682 23.)
224 2601 263 2666 at
279 2617 358 2664 vcro
374 2617 435 2682 per
453 2597 585 2664 modurn
599 2600 797 2683 exceptionis
812 2598 983 2664 admissam
998 2597 1096 2664 fuisse
1115 2599 1218 2683 inqui·

117 2713 247 2779 sitcriam
273 2715 424 2792 formam,
443 2720 477 2779 et
499 2721 591 2779 extra
610 2733 704 2779 casus
730 2720 885 2798 exceptos
907 2732 972 2779 non
1004 2711 1132 2779 licuisse
1157 2711 1222 2778 nisi

116 2838 283 2896 oemsators'e
297 2828 490 2915 procedere,
512 2827 665 2896 clariores
677 2829 796 2916 quique
813 2827 993 2915 jurisperiti
1013 2836 1125 2895 contra
1143 2847 1220 2913 pau·

117 2962 163 3011 cos
176 2947 410 3013 sustinuerunt.

154 3063 190 3127 lit
212 3069 303 3128 certe
323 3060 376 3147 jus
394 3061 573 3127 Romanum
600 3061 756 3127 noscebat
782 3063 897 3128 Festus
911 3061 977 3138 ille,
1001 3062 1105 3128 sancti
1128 3061 1220 3130 Pauli

115 3175 216 3258 judex,
233 3178 335 3263 quiin
353 3175 479 3242 actibus
491 3176 720 3262 Apostolorum
737 3177 819 3263 (cup.
835 3179 890 3255 25,
912 3197 944 3241 r.
968 3176 1018 3262 ¹4)
1035 3178 1080 3244 sic
1103 3175 1146 3244 ad
1171 3197 1221 3244 re

118 3311 181 3375 gem
193 3294 364 3379 Agrippam
383 3293 513 3361 locutus
530 3295 701 3361 refertur:
722 3297 777 3359 Vir
798 3297 921 3376 quidem
949 3303 993 3357 ast
1019 3295 1178 3367 derelictus
1201 3315 1221 3358 e

118 3413 200 3476 Felice
213 3419 341 3477 ciectus.
363 3417 405 3477 De
418 3433 475 3494 quc
493 3433 559 3476 cum
575 3433 666 3476 essem
680 3413 884 3494 lerosolymam,
906 3415 1049 3477 adierunt
1065 3431 1112 3476 me
1132 3415 1222 3495 priu-

118 3533 185 3608 cipes
198 3531 382 3594 sacerdotum
393 3535 422 3592 et
432 3535 560 3592 seniores
572 3531 756 3612 Judaeorum,
765 3505 1124 3609 postulantesedcersum
1133 3531 1221 3593 illum

120 3645 338 3722 damnationem.
364 3649 412 3712 Ae
431 3667 502 3728 ques
528 3649 668 3729 respondi
680 3667 690 3709 :
706 3651 784 3726 Quia
804 3665 864 3709 uera
885 3653 930 3709 est
944 3647 1087 3710 Romanis
1101 3663 1221 3709 cerum-

118 3765 180 3826 tudo
196 3765 337 3829 domuere
348 3766 478 3844 aliquem
490 3766 647 3842 homiuem,
661 3769 838 3846 priusquam
853 3739 948 3845 isqui
963 3769 1130 3842 accusatur,
1144 3780 1221 3846 prce·

118 3887 201 3942 sentes
210 3882 316 3944 habeat
326 3887 522 3959 accusatores,
538 3883 686 3961 locumque
695 3881 875 3960 defendendi
883 3885 1011 3961 accipiat
1022 3879 1064 3943 ed
1072 3881 1221 3946 abluenda

118 4000 242 4061 cumina.
261 3999 333 4062 Jam
350 4015 430 4061 vero
449 4014 514 4060 non
538 3997 643 4060 minus
662 3994 792 4062 aliunde
817 4001 943 4060 certum
962 4001 1022 4070 cst,
1040 3993 1220 4062 Romanum

116 4105 162 4189 jus
178 4113 390 4178 ecclesiastico
407 4113 480 4177 foro
494 4130 640 4177 normam
656 4111 766 4189 fuisse,
783 4113 842 4178 ubi
854 4111 932 4177 nihil
950 4112 1150 4179 contrarium
1167 4131 1220 4176 cc-

119 4245 207 4295 nones
225 4231 425 4312 statuissent.
448 4230 498 4294 De
519 4229 705 4314 praescripta
730 4238 839 4295 autem
866 4227 1064 4295 accusatoris
1089 4228 1220 4311 proprie

121 4339 190 4408 dicti
211 4347 411 4424 necessitate,
432 4346 498 4432 legi
511 4346 661 4412 Romanae
684 4343 816 4412 decreta
841 4345 992 4413 canonica
1015 4361 1220 4430 nequaquam
