2838 5114
251 399 315 463 420
580 407 767 460 ammiras
792 407 836 457 aa
861 405 1009 456 sonions.

251 559 267 598 c
289 545 324 602 et
348 536 438 603 doli:
467 535 522 601 illa
544 537 629 602 enim
653 557 754 616 anno,
777 535 855 602 haec
868 535 1002 602 biennio
1021 535 1176 600 continuo
1201 533 1349 601 finitur.»

251 653 562 740 (schmalzgruebem
581 655 615 718 in
630 655 681 720 tit.
695 657 750 732 41,
761 652 838 718 libri
854 655 865 718 l
887 651 1028 730 decret,
1044 671 1077 716 n.
1096 650 1166 736 39.)

291 771 442 853 Qunsrlo
466 772 529 834 10¹.
545 807 590 819 -
604 774 718 851 Quibus
737 777 770 834 iu
780 773 907 849 casibus,
930 790 990 832 uum
1005 773 1140 833 obstante
1149 775 1305 852 premisso
1315 789 1354 850 qe

248 889 347 950 meruli
363 889 487 968 reputo,
508 891 600 950 etium
620 889 703 968 iupso
724 889 922 969 quadriennio
943 890 1095 948 restitutio
1112 888 1234 948 comoedi
1248 889 1354 966 possit?

247 1001 452 1066 -Eoolesiae
473 1000 666 1066 conceditur
679 1001 858 1076 restitutio,
878 1000 975 1065 etiam
994 1007 1068 1082 post
1093 999 1352 1084 quadriennium,

241 1123 355 1200 primo,
369 1118 396 1181 si
414 1117 475 1182 hoc
492 1114 703 1201 quadriennio
721 1114 828 1181 adhuc
846 1117 964 1181 vixerit
981 1105 1154 1196 PrelatnS,
1180 1115 1274 1201 cujus
1292 1134 1356 1182 con·

246 1241 354 1298 tractu
370 1232 512 1298 Ecclesia
532 1233 607 1296 laesa
623 1231 685 1297 luit
700 1253 707 1296 ε
725 1233 863 1311 seeuoio,
883 1233 909 1294 si
928 1230 1118 1314 frequentes
1136 1239 1171 1296 et
1186 1234 1355 1316 repentina

247 1349 460 1415 Praelatorum
479 1348 674 1413 mutationes
689 1346 749 1413 hoo
765 1345 977 1431 quadriennio
992 1345 1085 1411 iacta
1106 1349 1192 1412 sint:
1211 1355 1310 1429 tertio,
1333 1349 1355 1411 si

243 1464 332 1532 lesio
361 1466 462 1532 tuerit
487 1465 637 1542 enormis.
667 1463 764 1552 (Vide
788 1464 857 1528 baeo
885 1461 974 1546 apud
996 1463 1302 1548 Sobmalzgrueber,
1327 1467 1354 1528 in

247 1583 297 1646 tit.
317 1581 372 1659 41,
388 1580 464 1646 libri
487 1585 498 1646 1
516 1578 662 1658 decret,
681 1599 714 1644 n.
733 1577 802 1665 lo.)

289 1697 468 1763 Minoribus
496 1704 605 1762 autem
634 1703 668 1760 et
692 1693 882 1780 majoribus,
908 1693 1018 1776 elapso
1039 1693 1273 1778 quadriennio,
1301 1717 1376 1762 non-

246 1814 442 1879 conoeditur
462 1812 639 1877 restitutio.
665 1810 774 1898 (ibid,
797 1831 830 1874 n.
848 1807 918 1893 41.)

290 1930 442 2012 Qumsrro
456 1932 529 1992 41¹.
550 1964 596 1976 -
610 1930 657 1991 Aa
676 1931 827 1990 restitutio
842 1931 875 1988 iu
894 1931 1044 2005 iuteqrum
1058 1934 1163 1991 contro
1187 1935 1354 1993 seutentiam

238 2048 366 2126 judicis,
383 2046 546 2126 suspendat
565 2048 628 2125 ejus
642 2045 865 2104 eueeutiouem?
879 2075 924 2087 -
944 2061 960 2100 «
977 2038 1162 2105 Dicendum
1177 2051 1252 2120 -est,
1279 2043 1356 2128 quod

250 2161 444 2224 «restitutio
465 2157 661 2242 regulariter
683 2156 862 2240 suspendat
883 2155 1129 2239 executionem
1152 2158 1215 2223 nisi
1232 2177 1276 2224 ex
1291 2178 1357 2224 con-

249 2273 418 2359 «jeotnris
434 2273 584 2357 presumi
603 2279 723 2355 posset,
747 2270 835 2355 quod
853 2290 892 2335 ea
906 2276 1033 2334 tantum
1052 2269 1094 2335 ad
1113 2273 1355 2355 protelationem

249 2389 349 2454 «litis
365 2396 546 2472 peteretur.
569 2417 582 2442 s
606 2387 731 2473 (Engel,
749 2387 783 2450 in
797 2387 899 2451 titii
916 2433 923 2462 ,
946 2383 1023 2449 libri
1042 2389 1053 2449 l
1076 2384 1221 2469 decret,
1239 2409 1274 2454 n.
1299 2388 1354 2472 10.)

699 2670 833 2736 CAPUT
850 2671 906 2736 [ΙΙ.

369 2938 483 2987 montis
506 2935 713 2984 nuocananm
737 2937 770 2984 Iti
793 2935 906 2984 musls
929 2935 1248 2990 Marnltuotsmmaus

294 3206 473 3291 Antequam
485 3201 664 3302 ¹specialem
680 3205 713 3269 in
730 3205 941 3290 expediendis
955 3206 1059 3272 causis
1073 3207 1353 3276 matrimonialibus
1414 3175 1415 3263 l

251 3321 468 3390 adhibendam
479 3340 624 3386 normam
637 3340 846 3404 exponamus,
862 3321 1128 3406 premittendum
1138 3332 1200 3404 est,
1215 3345 1352 3411 menan

252 3457 354 3505 causas
371 3440 607 3502 matrimoniales
626 3438 758 3521 proprie
778 3436 940 3516 dicantur,
963 3445 996 3504 et
1019 3436 1121 3522 judici
1146 3441 1352 3509 eeclesiastico

250 3552 451 3638 subjaceant.
827 3595 829 3603 ,
1412 3543 1413 3621 l

299 3668 468 3752 «Proprie
495 3667 556 3731 boc
580 3667 707 3732 nomine
729 3668 786 3754 (ait
808 3667 1108 3756 Schmalzgrueber)
1133 3671 1271 3740 veniunt
1288 3673 1351 3748 illa,

255 3809 272 3850 u
288 3785 405 3869 quibus
422 3783 641 3848 controversia
656 3792 691 3848 et
705 3785 840 3868 quaestio
860 3792 926 3862 est,
948 3784 990 3851 de
1011 3787 1209 3854 matrimonii
1224 3797 1258 3856 et
1271 3808 1355 3874 spon·

257 3925 273 3964 «
289 3900 401 3968 salium
425 3885 556 3977 natura,
583 3897 807 3982 qualitatibus,
833 3906 1001 3966 contractu
1025 3907 1060 3966 et
1084 3901 1354 3970 benedictionibus

256 4015 485 4098 «nuptialibus
506 4013 573 4080 :de
588 4012 763 4098 conjugum
777 4023 812 4080 et
827 4035 1018 4099 sponsorum
1034 4014 1164 4101 juribus
1188 4028 1223 4087 et
1247 4021 1354 4103 obliga·

256 4130 446 4207 «tionibus,
473 4129 553 4193 ortis
571 4147 612 4192 en
635 4136 805 4194 contractu
824 4132 1010 4212 sponsalitio
1036 4133 1091 4200 vel
1110 4135 1351 4201 matrimoniali:

256 4269 274 4310 c
291 4244 333 4312 de
352 4243 547 4329 sponsalium
562 4250 597 4308 et
613 4245 809 4310 matrimonii
825 4247 947 4326 valore,
967 4253 1001 4313 et
1017 4247 1058 4313 de
1070 4247 1274 4336 legitimitate
1289 4270 1352 4336 pre

255 4385 273 4422 «
287 4363 368 4426 lium
384 4341 425 4424 'ex
443 4360 505 4424 isto
524 4365 596 4422 orta
614 4381 621 4422 ε
642 4357 685 4424 de
701 4361 844 4443 ipsorum
866 4362 1107 4446 impedimentis
1125 4389 1133 4433 :
1152 4366 1352 4452 dispensatio
1406 4369 1408 4516 q

256 4475 382 4544 cuibus
407 4474 441 4538 in
464 4471 647 4556 hujusmodi
671 4474 910 4558 impedimentis
934 4501 941 4542 :
961 4481 1060 4562 ipsius
1088 4485 1281 4551 matrimonii
1305 4481 1350 4550 sel
