2838 5114
531 345 609 392 rsus
632 343 789 390 sueonos.
1145 327 1210 391 419

94 493 113 538 a
127 470 214 539 Sede
228 467 434 554 Apostolica),
451 470 503 535 vel
518 489 537 534 a
550 468 899 556 judiceappellationis
912 467 1120 535 concedatur.
1135 469 1212 551 Qua

93 584 302 651 consuetudo
315 587 360 650 ita
375 587 533 668 generalis
549 561 661 664 evasit,
678 594 716 650 ut
726 606 786 670 pro
799 587 913 670 regula
929 585 1024 650 hodie
1040 585 1210 653 habeatur.

92 702 202 786 Atque
217 701 334 768 merito
347 721 385 766 ee
397 703 494 766 etiam
512 700 594 786 juris
610 704 787 768 communis
803 703 984 769 moderatio
1003 701 1136 766 inducta
1151 709 1211 766 est.

92 819 167 882 Non
183 818 268 882 enim
284 817 468 882 institutum
484 817 546 881 fuit
561 819 777 883 restitutionis
790 819 824 882 in
839 819 999 902 integrum
1018 815 1211 893 remedium,

91 932 156 997 nisi
177 939 213 996 ut
231 932 376 1015 reparari
400 932 500 1014 possit
524 929 678 998 damnum
703 951 763 1016 per
787 931 938 1016 injustam
964 933 1157 997 sententiam
1176 933 1215 996 il-

91 1047 210 1112 latum.
231 1048 333 1112 Porro
349 1045 463 1131 judex,
484 1048 540 1130 qui
562 1049 755 1112 sententiam
781 1049 1013 1130 pronuntiavit,
1033 1047 1214 1113 timendum

91 1163 206 1240 habet,
222 1181 263 1228 ne
275 1163 477 1248 aliquatenus
489 1165 522 1227 in
535 1164 684 1247 opinione
697 1162 823 1247 publica
839 1165 984 1240 vilescat,
1002 1163 1027 1228 si
1043 1183 1214 1250 perperam

89 1299 128 1344 se
143 1279 371 1362 pronuntiasse
386 1278 530 1344 fateatur
541 1278 653 1344 :unde
671 1300 731 1344 nec
746 1280 840 1344 facile
859 1280 1018 1345 concedet
1033 1281 1215 1346 restitutio·

90 1413 170 1458 nem
194 1395 226 1458 in
241 1394 423 1476 integrum
441 1401 488 1469 et,
506 1395 532 1458 si
554 1413 624 1457 eam
640 1394 815 1472 concedat,
835 1405 869 1460 ct
886 1415 1011 1460 causam
1028 1396 1147 1461 iterum
1162 1393 1214 1479 ju-

90 1510 201 1587 dicet,
228 1530 290 1577 non
317 1510 411 1575 facile
437 1512 577 1593 priorem
604 1513 800 1578 sententiam
824 1509 973 1591 mutabit.
1001 1513 1085 1598 Ergo
1112 1513 1215 1580 multo

89 1628 196 1708 magis
206 1624 314 1704 decet,
325 1631 360 1690 et
370 1625 490 1692 bonnm
503 1626 668 1710 publicum
681 1627 883 1710 aliquatenus
895 1629 1091 1712 expostulat,
1104 1637 1141 1694 ut
1152 1647 1214 1712 pro

89 1743 301 1808 concessione
316 1741 529 1807 restitutionis
540 1743 572 1805 in
584 1742 750 1825 integrum
764 1742 847 1807 adiri
866 1741 986 1808 debeat
1001 1743 1101 1829 judex
1115 1763 1214 1828 supe-

88 1860 172 1936 rior,
190 1865 288 1942 atque
303 1859 380 1923 utis
396 1858 474 1943 (non
490 1877 568 1922 vero
587 1859 642 1941 qui
661 1857 727 1942 jam
746 1857 922 1943 judicavit)
943 1879 1071 1926 cansam
1093 1862 1212 1926 iterum

88 1980 268 2058 cognoscat
282 1981 317 2038 et
332 1972 474 2040 dirimat.

136 2089 290 2169 Qufflsmo
316 2092 359 2154 9¹.
386 2125 431 2135 -
456 2092 611 2168 Quodnam
637 2091 813 2151 concedetur
846 2097 959 2172 tempus
990 2093 1212 2174 adpetendam

88 2211 313 2268 restitutionem
336 2212 369 2268 ie
382 2211 550 2286 inteprom,
577 2213 605 2267 et
628 2207 771 2284 quomodo
791 2213 904 2286 tempus
926 2209 1006 2268 iilud
1030 2212 1071 2269 sit
1095 2227 1213 2290 compo

89 2323 244 2384 taedam?
260 2357 305 2368 --
322 2323 353 2384 1⁰
370 2321 465 2387 Certa
480 2329 530 2386 est
545 2319 704 2402 generalis
721 2319 844 2404 regula,
864 2320 1000 2386 concedi
1014 2343 1031 2386 o
1045 2321 1119 2406 jure
1135 2341 1213 2406 qua-

88 2435 278 2501 driennium
305 2436 387 2521 (lege
412 2435 515 2512 finali,
534 2454 564 2498 c.
584 2439 621 2498 de
643 2440 741 2516 Temp.
769 2443 802 2498 ia
825 2442 935 2516 intepr.
962 2435 1088 2520 restit.);
1114 2445 1211 2521 atque

86 2549 173 2618 illud
188 2549 436 2634 quadriennium
451 2558 501 2616 est
518 2557 707 2629 continuum,
727 2551 771 2615 ita
785 2558 822 2615 nt
836 2552 958 2616 scilicet
973 2552 1005 2616 in
1022 2572 1061 2618 eo
1079 2571 1212 2636 eompu-

86 2664 157 2728 tari
174 2660 317 2726 debcant
332 2663 430 2726 etiam
446 2662 515 2726 dies
530 2661 672 2726 feriales.

136 2780 172 2842 2⁰
190 2800 206 2838 a
227 2778 342 2843 Minori
359 2775 596 2842 numerandum
616 2784 667 2842 est
680 2776 773 2863 (illud
791 2777 1049 2863 quadriennium)
1067 2780 1108 2845 ab
1127 2775 1232 2845 anno'

94 2917 111 2952 a
130 2892 288 2974 vigesimo
306 2894 420 2976 quinto
444 2892 546 2956 etatis
563 2893 737 2975 completo,
767 2911 832 2976 quo
856 2894 1053 2962 minorasse
1078 2895 1206 2974 desinit,

90 3032 109 3069 c
127 3027 232 3092 usque
244 3008 286 3072 ad
295 3026 414 3073 annum
427 3010 468 3073 29
483 3006 684 3088 completum
697 3029 704 3089 3
720 3007 781 3072 nisi
797 3010 924 3075 veniam
937 3010 1042 3076 aetatis
1055 3011 1211 3094 impetra-

90 3150 109 3186 «
120 3127 236 3207 vcrit;
256 3123 430 3190 tuncenim
449 3122 538 3186 odie
551 3141 617 3206 quo
633 3123 728 3187 venia
744 3124 847 3189 aetatis
859 3124 992 3190 obtenta
1012 3126 1076 3192 fuit
1092 3135 1126 3192 et
1140 3129 1211 3192 inti-

88 3265 105 3301 «
124 3246 214 3306 mata
228 3238 477 3324 quadriennium
493 3239 659 3302 numerari
672 3236 780 3302 eidem
795 3237 907 3304 debet.
925 3263 940 3300 υ

133 3361 170 3422 3⁰
187 3378 204 3417 a
225 3355 393 3431 Ecclesia,
413 3353 553 3429 civitati,
572 3359 606 3417 et
623 3353 692 3418 aliis
707 3355 764 3438 qui
773 3353 846 3438 jure
870 3355 1028 3421 minorum
1043 3359 1205 3441 gaudent,

89 3495 106 3535 c
123 3471 239 3554 incipit
248 3488 382 3534 currere
395 3490 413 3533 a
424 3468 478 3534 die
492 3467 586 3532 factae
600 3468 655 3553 (et,
670 3476 707 3532 ut
718 3469 817 3553 aliqui
826 3477 952 3552 putant,
965 3473 1206 3559 innotescentis)

89 3607 107 3643 c
123 3583 330 3666 laesionis;nt
347 3581 501 3645 statuitur
512 3580 616 3663 capite
634 3584 767 3643 Ecclesia
782 3585 811 3660 1,
830 3590 864 3646 et
882 3583 1102 3666 sequentibus,
1114 3587 1203 3651 tituli

89 3723 106 3762 a
129 3702 217 3764 delo
230 3705 379 3780 ioteqccm
391 3702 588 3774 restitutione,
607 3697 641 3758 in
655 3699 686 3760 6.
705 3697 881 3778 Excipitur,
901 3699 961 3762 nisi
983 3707 1040 3764 aut
1052 3702 1200 3783 praevari-

89 3839 107 3878 ιι
125 3815 223 3891 catio,
240 3821 296 3878 aut
310 3811 400 3877 fraus
415 3810 598 3888 manifesta,
611 3819 668 3874 aut
677 3811 737 3875 alia
748 3813 947 3879 rationabilis
956 3833 1050 3880 causa
1061 3814 1205 3900 judicem

91 3958 107 3995 a
127 3937 259 4001 moveat
277 3929 319 3994 cd
332 3926 579 4013 quadriennium
603 3926 858 3993 extendendum.
877 3952 893 3989 »

133 4049 170 4115 4⁰
185 4071 201 4108 a
218 4043 392 4129 Mojoribus
406 4061 593 4107 concessum
605 4045 786 4125 computari
798 4039 929 4109 debete
944 4041 1007 4126 die,
1023 4065 1086 4132 quo
1102 4057 1206 4115 cessat

92 4189 108 4228 a
128 4183 225 4229 cansa
241 4162 410 4236 absentie,
428 4157 481 4224 vel
496 4158 629 4224 alterius
644 4158 880 4242 impedimenti,
899 4168 1036 4245 propter
1055 4161 1143 4246 quod
1159 4168 1206 4232 eis

92 4275 321 4346 «conceditur
343 4275 516 4340 restitutio.
554 4273 648 4360 (Lege
665 4278 703 4337 Ic
718 4275 765 4337 tis
791 4279 819 4352 l,
843 4283 878 4338 et
897 4277 970 4359 lege
983 4277 1086 4356 finali,
1113 4298 1142 4343 c.
1168 4284 1205 4344 de

93 4422 109 4459 c
129 4401 279 4478 Tempta
299 4365 408 4472 intepr.
434 4387 546 4473 restit.)
564 4390 731 4473 Excipitur
746 4367 919 4466 restitutio,
930 4413 969 4456 ex
989 4414 1084 4459 causa
1098 4402 1204 4462 metus
