2914 5122
536 381 616 432 rans
637 383 796 434 amsans.
1154 375 1210 437 itt

23 513 47 576 :in
119 513 163 577 tit.
183 510 230 591 to,
247 511 303 578 lib.
321 511 343 576 2
359 507 514 594 decret),
537 511 571 574 in
591 527 658 595 quo
675 511 722 576 sic
746 509 895 578 decernit
918 514 1127 581 Innocentius
1143 511 1215 582 nr:

21 648 49 692 te
119 633 149 694 Si
159 635 188 692 in
199 631 315 692 mam
333 632 516 710 exceptionis
532 629 655 709 aliquod
667 633 780 692 crimen
796 634 866 692 testi
881 621 1035 712 objicitur,
1050 639 1119 696 nto
1138 637 1220 698 teeti·

21 746 48 830 ml
117 749 203 808 monio
213 748 386 828 repellatur,
406 751 464 808 etsi
472 751 585 807 crimen
595 749 702 806 matra
716 763 782 807 eam
792 747 925 809 mentina
932 749 1095 829 prolatam
1108 751 1214 830 (uerit,

29 866 49 927 t
117 880 167 924 non
186 864 248 924 idco
272 863 330 924 sibi
345 879 435 942 pana
452 861 607 941 instipitnr
624 862 793 940 ordinaria,
812 865 866 925 sed
883 867 946 946 mas
961 867 1124 928 dantoaat
1138 869 1219 930 testi·

115 983 200 1040 mmio
215 999 275 1042 non
291 981 426 1042 creditne
440 997 451 1039 .·
463 980 543 1059 qnod
552 997 588 1040 ea
608 983 725 1042 ratione
739 983 899 1060 continpit,
917 986 1057 1062 qnoniam
1070 985 1105 1044 in
1120 986 1218 1063 ipsam

21 1103 45 1165 ir.
113 1101 247 1158 accusatio
261 1115 321 1158 non
333 1097 481 1176 procedit.
505 1099 603 1158 Testes
624 1100 727 1174 etiam,
748 1114 874 1176 qaorum
892 1101 1094 1161 testimoniam
1116 1113 1218 1180 repen·

115 1215 201 1290 tator,
216 1218 296 1275 inter
314 1215 442 1292 infames
453 1215 539 1292 qnasi
551 1231 591 1272 eac
604 1213 683 1290 falso
700 1217 869 1275 testimonio
889 1231 948 1277 non
964 1215 1122 1278 mamma.

149 1329 294 1409 Qunsrro
314 1327 358 1392 5¹.
373 1363 419 1376 —-
433 1330 480 1391 An
493 1335 602 1405 tamen,
618 1335 757 1410 separata
763 1347 915 1411 processa,
928 1337 1029 1412 possit
1036 1333 1136 1413 judea
1145 1353 1218 1414 pro-

112 1448 414 1524 caenomanica,
432 1449 515 1525 cujas
535 1447 676 1508 delictam
693 1447 853 1526 probatam
868 1449 960 1528 faita
976 1467 1037 1528 reo,
1055 1451 1134 1512 iliad
1146 1453 1218 1514 ctoi·

21 1594 37 1639 „1
105 1563 172 1624 liter
183 1565 359 1644 objiciente?
372 1597 417 1611 --
434 1561 664 1645 Respondetur
682 1561 883 1628 affirmative.
912 1563 992 1628 Nam
1011 1566 1158 1648 quamvis
1183 1567 1217 1630 in

21 1731 22 1734 ,
37 1709 44 1749 τ,
101 1695 251 1759 processu
265 1679 345 1762 ipso,
355 1679 389 1744 in
403 1697 467 1764 qun
482 1681 614 1742 civiliter
625 1677 795 1745 dumtaxat
811 1677 975 1764 objectum
992 1689 1026 1746 et
1041 1681 1216 1764 probatam

21 1829 46 1875 ,a
105 1780 164 1858 'itit
187 1794 362 1872 delictum,
385 1815 449 1861 non
469 1796 568 1879 possit
588 1793 690 1879 judex
715 1794 797 1861 illud
823 1797 971 1880 plectere
991 1797 1075 1885 (qnia
1097 1815 1216 1882 nempe

110 1908 327 1977 denuntiatum
349 1931 415 1976 non
440 1912 503 1976 luit
523 1919 560 1976 ut
579 1912 792 1995 plecteretur,
810 1913 870 1978 sed
889 1921 1017 1979 tanturn
1033 1921 1070 1980 ut
1087 1915 1143 2000 qui
1161 1934 1217 1998 pa-

21 2056 44 2104 ,3
108 2027 197 2091 trarit
212 2027 253 2091 ab
266 2027 448 2093 accusando
469 2027 521 2094 vel
543 2025 750 2096 testificando
763 2028 1008 2115 repelleretur),
1027 2037 1091 2096 stat
1104 2015 1218 2098 nilatto-

110 2143 204 2208 minus
221 2161 415 2226 permanens
430 2163 531 2228 penes
547 2145 749 2228 superiorem
765 2153 919 2230 potestas,
935 2149 1095 2230 perviam
1113 2149 1218 2234 inqui-

21 2279 37 2340 ,i
107 2259 220 2324 sitionis
248 2267 362 2326 contra
399 2261 613 2340 facinorosos,
646 2263 731 2329 fama
765 2263 896 2346 publica
929 2265 982 2330 vel
1020 2267 1216 2332 notor-letata

108 2371 258 2453 detectos,
277 2375 490 2460 procedendi.
515 2379 620 2444 Porro
636 2379 692 2463 qui
717 2377 887 2463 injudicio
909 2378 975 2463 jnrn
994 2381 1135 2446 criminis
1155 2381 1218 2446 init

108 2492 275 2570 convictas,
296 2492 426 2577 publica
443 2476 573 2560 infamia
591 2495 655 2561 imo
671 2502 705 2561 et
719 2497 916 2562 notorietate
929 2497 1069 2563 laborat.
1089 2498 1217 2563 Poterit

108 2621 178 2690 ergo
195 2607 308 2692 judex,
331 2609 396 2674 imo
420 2617 453 2675 et
480 2609 632 2690 debebit,
652 2589 801 2678 absoluto
826 2613 928 2696 priori
955 2629 1124 2696 processu,
1153 2613 1216 2678 hoc

108 2723 197 2790 modo
209 2727 391 2792 convictam
410 2727 612 2813 inquisitorio
630 2747 785 2813 processu
803 2725 979 2808 discutere,
1002 2737 1036 2795 et
1057 2728 1216 2812 condigna
1335 2710 1337 2714 ’

21 2869 33 2931 p
95 2851 194 2918 ''poena
210 2841 364 2924 plectere.
384 2843 432 2909 De
446 2862 512 2928 quo
527 2841 602 2911 vide
614 2843 826 2912 Reiffenstuel
847 2845 891 2933 (in
911 2847 963 2910 tit.
985 2849 1014 2923 i,
1032 2843 1089 2911 lib.
1118 2849 1136 2910 5
1157 2844 1217 2910 de-

21 3003 28 3045 ,4
108 2958 358 3044 cret.,n,238).
1157 2989 1162 2996 ·

617 3202 632 3272 ,i
648 3199 707 3263 Ill.

187 3419 271 3468 liorma
283 3415 426 3480 procedendi
440 3416 516 3479 quoad
534 3416 691 3479 exceptionem
709 3417 861 3481 criminalem,
879 3420 1029 3471 criminaliter
1040 3422 1132 3472 lucum.

26 3691 27 3695 ¹
152 3667 178 3728 t.
202 3667 292 3730 Tunc
307 3663 459 3748 procedit
473 3664 589 3749 regula
604 3667 773 3748 generalis,
793 3687 811 3733 a
833 3666 1022 3734 doctoribus
1039 3673 1215 3736 communi·

22 3810 25 3850 s
99 3781 155 3844 ter
170 3779 318 3858 admissa,
344 3782 568 3864 exceptionem
590 3785 788 3850 accusationi
806 3785 1009 3871 equiperari,
1028 3793 1126 3873 atque
1143 3808 1216 3855 eos·

21 3929 23 3963 z
98 3891 176 3961 *dem
189 3897 260 3964 lere
274 3897 540 3964 effectusscrtiri.
560 3899 640 3965 Hinc
1165 3907 1166 3912 ’

21 4073 22 4076 ,
94 4025 97 4028 ·
149 4013 177 4077 t.
201 4015 289 4080 Sicut
305 4015 338 4078 in
355 4015 559 4080 accusatione
573 4017 712 4098 exprimi
728 4013 830 4083 debet
844 4019 985 4087 criminis
997 4023 1156 4088 commissi
1166 4022 1215 4088 lo·

93 4139 161 4192 'cus
176 4138 209 4195 et
224 4139 367 4214 teman,
385 4133 431 4196 ita
454 4137 487 4197 et
503 4131 536 4196 in
556 4131 716 4216 ejusmodi
731 4137 923 4219 exceptione
935 4136 1145 4206 criminaliter
1157 4141 1215 4224 op-

92 4239 214 4324 posita.
238 4246 552 4335 (Schmuingrneber,
570 4249 605 4314 in
623 4247 675 4315 tit.
698 4255 727 4330 t,
746 4251 840 4317 hut
860 4251 1002 4334 decret,
1018 4277 1052 4321 n.
1074 4255 1165 4341 nte.)

94 4359 97 4364 ’
148 4365 184 4430 3.
200 4365 288 4431 Sicut
299 4363 433 4450 qnando
445 4373 592 4450 creptum
614 4375 665 4433 est
683 4367 736 4452 agi
752 4367 803 4435 via
815 4371 1026 4438 accusationis
1040 4379 1074 4438 et
1083 4373 1216 4458 inquiti-

113 4477 207 4560 tionts,
223 4499 287 4547 non
301 4487 410 4566 potest
419 4483 618 4550 intervenire
632 4493 834 4569 procurator,
848 4488 893 4554 itia
902 4505 965 4554 nec
975 4490 1071 4556 etiam
1085 4489 1215 4575 quando
1311 4576 1315 4592 Ι
