2838 5114
497 339 576 391 raas
599 340 757 388 secunus.
1120 325 1182 388 447

73 491 87 528 n
100 468 264 538 nebuutau·
283 467 332 534 ab
342 467 429 532 omui
446 465 595 530 ulteriori
616 464 830 530 attentatione
857 463 980 550 copula
996 470 1030 529 et
1044 465 1187 532 tactibus

72 605 86 644 n
99 583 224 648 lascivis
243 604 250 648 :
270 581 326 646 ubi
345 581 431 649 eninr
446 579 489 644 dc
503 579 694 662 impotentia
714 585 806 646 certo
825 587 963 656 onustat,
979 588 1070 646 certo
1087 583 1185 646 ctiam

72 703 225 765 «constat
238 695 335 782 quod
359 696 601 762 matrimonium
624 695 712 760 inter
739 715 796 762 cos
820 695 935 760 initum
961 696 1087 760 nullum
1113 699 1185 762 sit:

72 835 86 873 n
99 819 339 896 cousequenter
355 808 583 878 abstinendum
600 809 665 874 erit
680 809 721 876 ab
736 809 873 888 actibus,
890 811 946 894 qui
960 812 1086 876 nonnisi
1101 811 1187 878 veris

70 928 149 994 uvel
165 929 280 994 saltem
298 925 405 992 dubiis
420 923 611 1010 conjugibus
624 925 706 990 liciti
723 934 811 992 sunt.

109 1067 125 1106 a
139 1043 250 1109 Debet
261 1049 371 1109 autem
384 1039 497 1126 judex,
513 1047 650 1124 propter
664 1039 861 1106 arduitatem
875 1042 1009 1126 negotii,
1024 1040 1066 1109 nd
1079 1044 1187 1108 mutri-

69 1161 192 1228 «monii
205 1158 450 1226 dissolutionem
464 1178 505 1223 ex
521 1176 617 1222 causa
632 1158 831 1241 impotentiae
850 1157 1032 1224 faciendam
1050 1159 1186 1225 maxima

68 1275 388 1358 aciroumspectioue
414 1272 615 1357 procedere;
642 1291 749 1358 neque
768 1274 844 1339 solis
867 1272 1061 1359 conjugum,
1089 1276 1186 1340 ctiam

68 1395 279 1477 «utriusque,
299 1391 530 1460 assertionibus
550 1389 687 1456 credere
701 1413 709 1474 3
725 1390 785 1456 sed
808 1411 879 1456 enm
896 1391 998 1456 solum
1012 1390 1182 1468 decernet,

69 1509 232 1578 «obtenta
254 1507 350 1592 plena
370 1506 568 1590 impotentiae
591 1505 792 1589 probatione.
819 1507 912 1573 Ratio
935 1513 996 1584 est,
1017 1507 1091 1591 quia
1109 1507 1185 1573 alias

68 1623 252 1708 «conjuges
266 1599 387 1688 m'utuae
404 1621 648 1688 cohabitationis
672 1623 816 1704 pertaesi,
837 1621 932 1688 facile
955 1620 1133 1700 colludere,
1150 1629 1185 1688 et

68 1738 336 1822 «separationem
367 1754 493 1802 necnon
524 1736 686 1802 licentiam
719 1738 814 1802 alteri
848 1735 995 1802 nubendi
1035 1737 1183 1803 obtinere

68 1882 81 1914 a
94 1861 247 1938 possent,
268 1861 303 1920 et
321 1853 367 1920 sic
385 1852 554 1918 dissolutio
579 1853 773 1918 matrimonii
800 1852 899 1918 semel
927 1853 1088 1918 contracti
1104 1873 1184 1936 pen-

66 1970 191 2036 aderct
206 1989 248 2034 cx
263 1969 429 2036 voluntate
449 1967 730 2047 contrabentium,
748 1966 836 2052 quod
857 1969 931 2036 fieri
952 1989 1016 2034 uon
1033 1968 1145 2035 debet.
1165 1993 1181 2030 o

66 2085 384 2172 (Schmalzgrueber,
401 2086 434 2148 in
453 2085 504 2150 tit.
525 2086 576 2161 15,
598 2083 706 2148 tibrit
727 2084 869 2162 decret,
889 2105 923 2149 n.
943 2087 986 2151 69
1004 2093 1038 2150 et
1054 2080 1137 2170 seq.)

103 2207 195 2266 Nota.
222 2237 255 2246 ·-
275 2199 387 2280 Qualis
409 2199 601 2282 impotentia
619 2200 808 2284 requiratur
826 2208 860 2266 et
882 2199 1018 2266 sufficiat
1041 2200 1084 2265 ad
1107 2219 1183 2286 pro-

63 2315 273 2384 nuntiandam
295 2315 490 2381 matrimonii
513 2314 773 2392 dissolutionem,
793 2315 934 2400 expendi
954 2317 1038 2382 solet
1061 2317 1093 2380 in
1116 2325 1183 2383 tra-

62 2442 147 2500 ctatu
166 2433 212 2498 de
237 2432 453 2500 matrimonio.
475 2432 526 2499 Ibi
549 2432 671 2516 scilicet
696 2430 848 2500 doctores
872 2441 1049 2518 sequentes
1072 2433 1182 2501 theses

61 2550 189 2618 firmant
207 2572 214 2614 :
233 2553 264 2616 10
275 2549 465 2632 impotentia
480 2556 690 2632 temporanea
705 2550 945 2617 matrimonium
960 2569 1026 2614 nou
1041 2549 1179 2634 dirimit;

62 2667 92 2730 2⁰
106 2665 299 2750 impotentia
322 2671 481 2746 perpetua
505 2663 702 2730 antecedens
725 2666 928 2730 matrimonio
947 2664 1029 2730 illud
1050 2666 1181 2733 irritum

61 2781 188 2865 reddit;
206 2785 240 2846 30
252 2780 445 2863 impotentia
461 2787 621 2864 perpetua
635 2781 867 2864 superveniens
883 2781 1091 2847 matrimonio
1104 2802 1178 2872 corp

61 2906 234 2974 summator
254 2895 336 2962 illud
365 2916 430 2962 non
453 2897 567 2978 solvit;
595 2897 629 2958 4⁰
653 2897 847 2980 impotentia
875 2905 1036 2980 perpetua
1065 2911 1180 2984 super·-

60 3017 193 3080 rcniens
213 3012 417 3079 matrimonio
438 3019 509 3076 rato
524 3011 583 3076 sed
597 3009 742 3076 noudum
767 3020 1000 3091 consummato,
1019 3013 1102 3080 illud
1121 3033 1180 3096 per

61 3148 91 3193 se
103 3148 172 3194 uon
183 3127 392 3210 dissolveret3
411 3125 470 3192 sed
483 3126 564 3192 solvi
578 3134 657 3192 tunc
671 3133 780 3210 potest
794 3128 862 3194 sive
878 3149 938 3212 per
952 3129 1132 3212 ingressum
1145 3131 1179 3196 in

61 3245 260 3328 religionem,
276 3243 343 3310 sive
355 3261 415 3325 per
427 3241 698 3326 dispensationem
711 3242 888 3328 Pontificis;
905 3247 938 3308 5⁰
951 3245 978 3310 si
988 3245 1180 3328 impotentia

59 3367 219 3443 perpetua
233 3358 436 3427 matrimonio
450 3355 660 3436 antecedens,
678 3358 719 3422 sit
734 3361 917 3442 respectiva
931 3369 1077 3442 tantum,
1094 3365 1179 3432 idest

59 3474 165 3541 locum
184 3494 250 3540 non
268 3474 385 3544 habeat
402 3474 463 3542 nisi
483 3473 620 3539 relative
635 3473 677 3538 ad
689 3475 789 3540 talem
808 3475 999 3562 conjugem,
1018 3499 1083 3546 non
1099 3501 1179 3571 vero

59 3596 197 3661 relative
214 3593 257 3660 ad
273 3612 506 3679 quoscumque,
524 3593 620 3660 solvit
633 3590 768 3676 quidem
783 3593 1022 3660 matrimonium
1038 3596 1178 3664 sednon

58 3711 195 3794 impedit
219 3729 320 3776 novas
343 3710 472 3793 nuptias
489 3731 496 3774 :
516 3710 543 3774 si
559 3727 638 3773 vero
654 3707 802 3773 absoluta
825 3707 885 3784 sit,
901 3715 935 3774 et
951 3710 1050 3776 solvit
1066 3685 1181 3778 matri-¹

59 3827 203 3892 monium
218 3832 439 3903 contractum,
459 3833 493 3890 ct
507 3822 644 3907 impedit
661 3843 702 3888 ne
721 3823 766 3888 sic
786 3824 947 3908 impotens
963 3825 1050 3893 aliud
1069 3824 1175 3893 valide

58 3941 247 4007 contrahere
267 3942 377 4024 possit.
396 3941 473 4020 Quae
497 3940 603 4028 omnia
626 3938 678 4003 bic
697 3937 868 4004 adnotasse
883 3946 934 4004 sat
956 3941 1019 4006 erit
1035 3940 1077 4006 ad
1093 3961 1176 4026 prac-

58 4060 155 4124 seutis
171 4057 414 4141 disceptationis
430 4073 573 4140 scopum.

100 4177 251 4256 Qunsno
270 4177 313 4238 2¹.
333 4209 378 4222 --
395 4176 443 4238 Au
458 4176 645 4234 matrimonia·
668 4173 894 4234 dissolutionem
916 4193 955 4236 ecc
975 4193 1065 4238 conso
1080 4179 1176 4256 tmpo-

58 4297 155 4354 tentioe
183 4298 217 4354 irc
229 4293 349 4372 jndicio
365 4296 467 4370 patere
486 4293 592 4369 possit,
619 4305 679 4352 oon
704 4293 821 4350 tantona
844 4293 953 4372 conjttr
974 4296 1098 4370 pateas,
1121 4295 1174 4356 sed

56 4413 145 4470 ettam
172 4407 342 4488 inpotens?
367 4441 411 4454 »-
438 4406 593 4468 «Catum
616 4401 769 4488 estquod
793 4404 991 4486 proclamare
1016 4403 1173 4477 adversus
