2848 5118
471 374 551 424 raras
576 375 734 423 secunus.
1101 363 1160 424 tut

81 501 162 586 plures
176 500 275 566 habet
290 499 387 577 aedes,
403 500 554 566 executio
566 501 627 567 fiet
641 500 682 568 ad
694 503 791 568 casin
801 502 919 587 quilatu
933 501 1055 587 majore
1071 509 1164 587 porte

79 616 130 679 anni
144 616 207 699 egit
225 637 232 680 :
252 614 279 679 si
298 614 414 698 aequali
431 622 581 697 ternpore
599 624 742 682 moratos
761 615 803 681 sit
820 617 852 680 in
870 617 1033 696 omnibus,
1052 617 1098 683 ihi
1121 619 1167 684 ci·

79 730 169 796 landus
179 733 254 807 erit,
273 730 330 799 ubi
343 730 504 795 citationis
518 739 666 816 tempore
681 731 781 816 degit.
800 737 835 798 8⁰
848 733 880 798 si
894 732 1027 820 domum
1042 743 1165 799 certam

78 865 122 910 non
133 846 267 924 habeat,
285 866 347 911 nec
363 847 438 910 seiri
456 847 556 930 possit
571 847 628 912 ubi
643 850 699 925 sit,
717 849 810 913 citari
828 857 936 932 potest
950 869 1009 932 per
1024 849 1168 916 edietum
1202 922 1208 934 ,

78 961 115 1024 rel
128 981 183 1044 per
201 981 398 1044 praeconem.
421 965 456 1028 90
472 963 671 1034 Euoeutiono
690 965 788 1039 facta,
810 949 970 1029 incumbit
988 965 1102 1032 nuntio
1122 964 1169 1030 la·

77 1094 130 1141 cere
151 1077 353 1154 relationem,
376 1095 446 1162 quae
464 1079 497 1141 in
518 1087 589 1143 aeta
616 1079 736 1143 referri
759 1079 871 1157 debet,
893 1088 931 1144 ut
948 1088 1104 1163 apparent
1126 1079 1168 1154 de
1201 1145 1203 1149 ,

77 1191 193 1274 legitime
205 1192 293 1256 laeta
306 1193 511 1259 executione.
527 1196 567 1259 llt
578 1194 646 1260 haec
660 1195 776 1260 relatio
789 1193 864 1280 pars
874 1195 1092 1261 substantialis
1102 1205 1167 1281 est3

77 1327 118 1372 nee
134 1309 199 1375 sino
217 1329 258 1374 ea
277 1317 333 1376 aut
353 1311 473 1387 citatio,
496 1319 553 1374 aut
573 1311 748 1389 sententia,
770 1319 827 1376 aut
844 1319 933 1377 totus
951 1331 1120 1396 processus
1138 1315 1171 1378 iu

76 1425 285 1492 contumaciam
300 1425 401 1490 valet.
423 1425 506 1491 vide
532 1427 823 1510 Sclrmalzgrueber
840 1427 886 1515 (in
902 1429 991 1493 titul.
1011 1431 1043 1507 3,
1061 1429 1171 1500 ttbrtt

77 1537 282 1621 decretalium,
303 1547 318 1620 5
337 1544 369 1620 2,
388 1563 422 1606 n.
438 1540 506 1627 95),
524 1563 542 1610 a
559 1561 624 1628 quo
644 1542 713 1608 hee
734 1543 806 1610 fere
826 1543 1025 1610 adverbum
1043 1544 1174 1614 desum-

76 1658 176 1739 psimus
192 1656 250 1746 (i).

105 1775 250 1855 Quffisuto
263 1778 308 1841 9¹.
324 1811 369 1822 -
381 1779 510 1855 minem
523 1782 584 1840 stat
597 1783 751 1843 citationis
764 1781 907 1858 effectas?
917 1815 963 1826 -
977 1780 1009 1841 i⁰
1020 1777 1175 1863 Astringit

76 1890 188 1956 citatam
204 1889 247 1955 ad
263 1889 533 1974 comparendum,
559 1893 621 1956 nisi
643 1891 729 1976 justa
753 1893 944 1976 exceptione
965 1913 1000 1959 se
1023 1900 1172 1978 tueatur;

56 2001 58 2006 ’
76 2005 135 2072 alias
145 2007 296 2073 redditur
309 2015 479 2074 contumax
496 2030 503 2072 :
521 2015 647 2073 constat
661 2010 946 2092 eapiteEalttterts
963 2008 1171 2096 (2,ch010),

75 2129 99 2186 et
114 2124 179 2206 lege
198 2127 250 2186 Ex
275 2143 455 2206 paccataque
476 2123 525 2208 (2,
549 2121 581 2187 ff.
603 2129 639 2188 Sd
656 2131 723 2206 qais
742 2131 774 2188 in
788 2131 843 2208 jus
861 2135 980 2188 uocatus
999 2147 1058 2190 non
1076 2125 1171 2213 ierit).

75 2239 99 2300 2⁰
114 2238 237 2304 lnducit
262 2237 328 2302 litis
346 2237 573 2321 pendentium,
600 2237 644 2303 ad
668 2259 741 2304 eum
760 2240 912 2304 tinemut
936 2240 993 2305 lite
1011 2240 1174 2325 pendente

74 2353 203 2424 unovari
214 2355 260 2423 nil
275 2356 385 2438 possit.
401 2358 436 2420 3⁰
448 2357 607 2438 Prorogat
616 2353 873 2439 jurisdictionem
885 2355 1015 2440 judiciem
1029 2356 1114 2422 odeo
1124 2365 1172 2436 ut,

74 2470 124 2536 etsi
142 2473 221 2556 qais,
240 2477 411 2556 postquam
428 2471 545 2536 citatus
560 2478 622 2546 est,
642 2489 712 2534 osse
729 2471 869 2557 eoeperit
883 2471 979 2536 alieni
996 2473 1069 2548 lori,
1088 2473 1122 2536 in
1136 2492 1174 2539 ea

73 2589 167 2654 tamen
183 2606 278 2654 eausa
296 2585 416 2652 debeat
432 2602 620 2668 comparere
634 2605 745 2650 eoram
761 2585 870 2670 judice
888 2587 1032 2670 quicum
1049 2589 1170 2674 citavit.

72 2699 99 2764 40
113 2701 284 2785 Perpetnat
301 2701 419 2786 judicis
434 2700 575 2785 delegati
591 2700 864 2785 jurisdictionem;
880 2703 926 2766 ita
942 2710 979 2767 ut
994 2711 1098 2768 morte
1116 2703 1174 2771 dev

71 2813 193 2900 legantis
203 2838 266 2887 noa
280 2819 419 2900 expiret.
428 2819 469 2884 llt
481 2817 585 2884 dictos
596 2817 727 2901 quidem
739 2817 874 2883 effectus
884 2819 994 2883 citatio
1004 2818 1168 2903 producit,

71 2933 169 2998 tamin
180 2933 408 3012 criminalibus,
423 2941 494 2998 turn
504 2934 537 2997 in
548 2933 696 2998 civilibus
708 2934 821 2998 causis.
836 2935 878 2998 tt
889 2935 1012 3000 veroin
1024 2935 1172 3001 civilibus

72 3043 157 3114 habet
169 3050 302 3131 insrrper
316 3049 450 3116 effectus
464 3057 638 3133 sequentes
654 3071 660 3114 :
681 3053 712 3113 1⁰
725 3049 804 3113 facit
820 3069 889 3114 rem
906 3051 987 3136 (quae
1003 3051 1044 3116 nh
1060 3058 1171 3118 actore

72 3169 313 3234 manavertttur
324 3167 450 3232 actione
462 3164 552 3249 reali)
566 3165 748 3250 litigiosam,
762 3165 807 3230 ita
818 3174 856 3230 ut
868 3165 944 3231 dum
958 3167 1023 3231 litis
1033 3166 1168 3251 pendet,

73 3277 189 3344 alienari
211 3299 271 3363 per
293 3282 489 3365 emptionem
511 3281 652 3346 aliamve
674 3289 878 3347 contractum
896 3281 1099 3368 (quibusdam
1115 3302 1171 3349 ob

72 3392 177 3478 ceptis)
202 3404 354 3480 nequent.
381 3399 416 3460 2⁰
442 3397 615 3462 Constituit
641 3397 776 3462 citatum
802 3397 984 3480 legitimum
1008 3397 1171 3472 contradi-

71 3517 203 3593 ctorem3
223 3513 306 3582 adeo
334 3519 391 3589 ut,
413 3513 559 3596 quamvis
583 3512 750 3596 exaliqua
775 3531 872 3576 causa
898 3513 1015 3595 repelli
1038 3521 1167 3596 posset,

73 3623 160 3692 citans
174 3636 279 3698 tamen
294 3628 356 3696 silai
370 3626 573 3712 prejudicet,
594 3635 628 3692 et
642 3628 733 3692 illum
749 3645 814 3692 non
828 3628 930 3710 possit
945 3626 1172 3711 deinnmpliua

74 3744 229 3824 repellere.
256 3749 291 3814 30
317 3745 413 3810 Tollit
438 3751 633 3829 potestatem
658 3745 761 3808 actori
785 3743 925 3827 eligendi
948 3747 1035 3810 inter
1060 3746 1172 3831 plures

74 3852 193 3940 judiees,
211 3863 237 3930 si
251 3862 338 3930 sorte
352 3879 456 3943 snper
470 3858 586 3928 eadem
603 3878 699 3926 causa
718 3858 898 3943 potuissent
912 3859 1034 3926 divorsi
1045 3860 1173 3945 judiees

103 4153 133 4215 (Ι)
152 4155 244 4204 Videtur
265 4155 336 4205 hodie
358 4155 382 4203 in
406 4155 481 4203 Gallio
505 4153 556 4202 deri
580 4168 649 4216 posse
673 4154 804 4203 citationem
827 4168 869 4216 per
893 4155 1014 4218 epistolam
1036 4163 1173 4208 oneratam

77 4242 188 4312 i‘hdtgte),
200 4257 226 4300 ut
237 4252 403 4300 somatucum
418 4251 479 4298 enim
493 4249 581 4310 publici
598 4249 711 4310 eiusmodi
725 4249 876 4312 epistolarum
889 4249 977 4299 latores
991 4258 1111 4299 teneantur
1124 4265 1173 4314 eas,

77 4348 115 4391 tut
125 4345 349 4404 entdmconaianare
361 4343 391 4392 iis
403 4342 432 4390 ad
446 4357 505 4404 quae
517 4342 660 4405 dirigamur,
673 4341 714 4392 sad
723 4350 747 4391 et
761 4343 791 4391 de
801 4343 862 4392 tracta
875 4345 1052 4405 consignatione
1062 4345 1176 4407 scalptum

20 4423 21 4428 ἵ
78 4430 218 4490 tutamina
231 4445 361 4500 reportare,
377 4437 434 4492 satis
446 4435 500 4486 inde
515 4445 622 4486 constare
633 4435 725 4491 videtur
739 4435 767 4486 de
781 4437 897 4508 citationis
909 4437 1054 4496 caecutiens.
1113 4457 1116 4466 ·
