2838 5114
486 377 564 426 rans
587 378 764 426 sucuunn.=
956 365 960 372 '
1109 366 1167 429 391

69 507 146 586 dique
162 507 365 586 expelluntor,
385 511 415 567 et
431 510 528 586 capite
541 511 706 586 puniuntor
723 501 867 590 (ibidem,
886 503 959 586 lege
970 502 1037 587 20).
1059 504 1174 572 Refert

70 621 174 686 Petrus
194 621 331 697 Siculae,
348 621 424 685 noni
442 621 551 685 saeculi
567 622 707 704 scriptor
727 619 823 706 (Noua
839 619 1014 684 bibliotheca
1030 624 1169 702 Potrnrn,

68 743 136 801 tom.
156 739 206 813 16,
221 737 336 820 pagina
352 739 427 812 760,
452 737 601 800 columna
617 733 661 820 2),
680 755 764 800 annu
781 737 877 810 1685,
892 735 1105 802 iustinianum
1119 736 1175 821 10-

66 854 178 916 11101010
195 853 374 936 Augustum
393 851 583 917 Manichacus
606 850 742 914 flammis
764 850 948 914 extinxisse.
979 849 1094 916 Scribit
1113 852 1175 917 Ro-

66 967 196 1052 dnlphus
217 969 433 1034 cluniacensis
452 968 628 1034 monachus
651 967 781 1060 (topini
800 968 996 1051 scriptorum
1012 967 1172 1035 francico·

65 1101 127 1147 rum
136 1082 321 1160 Duchesnii‚
332 1083 449 1167 pagina
459 1081 511 1167 22)
526 1081 900 1166 ann01000Vilgardum
912 1084 1168 1166 grammaticum,

62 1201 214 1285 ipsiusque
242 1199 402 1266 haereseos
436 1205 628 1275 sectatores
655 1200 816 1264 Ravennae
844 1200 1031 1265 combustos
1057 1201 1168 1268 fuisse.

63 1318 152 1381 Testis
164 1317 313 1381 oculatus
329 1325 378 1381 est
394 1316 480 1381 idem
499 1315 574 1402 (suae
591 1315 731 1381 historiae
745 1316 829 1381 libro
844 1319 876 1394 3,
897 1317 1003 1398 capite
1020 1313 1064 1399 8),
1077 1315 1168 1402 jussu

63 1433 292 1516 Robertiregis
307 1435 520 1510 Francorum,
535 1431 672 1498 Aureliis
688 1452 771 1498 anno
791 1435 872 1498 1017
890 1433 1078 1499 Manichacus
1097 1433 1172 1518 igne

63 1556 262 1634 consumptos
287 1568 369 1614 esse.
403 1549 470 1626 Hoc
499 1547 616 1615 eodem
647 1569 730 1648 anna
753 1548 872 1614 Tolosae
897 1549 1066 1615 lrmreticos
1088 1552 1170 1634 ignis

61 1684 145 1748 pana
160 1666 333 1731 mulctatos
347 1666 468 1748 legitur
488 1667 522 1729 in
542 1670 732 1746 Frapnrentts
747 1667 881 1728 historia
895 1668 1081 1745 Aquitanica
1102 1667 1170 1754 (pa-

61 1781 125 1863 gina
141 1784 176 1847 81
197 1780 285 1864 apud
299 1779 466 1845 laudatum
483 1778 680 1864 Duchesne).
704 1778 795 1844 1111110
815 1783 900 1845 1118
922 1780 1053 1845 Alcuius
1071 1781 1170 1864 impe·

61 1904 143 1962 rator
157 1899 319 1975 Basiliam,
338 1897 468 1963 haeresis
488 1900 730 1979 Banponilornn
750 1875 930 1980 parentem,
947 1897 1168 1965 Constantino-

61 2013 119 2094 poli
129 2013 264 2077 flammis
275 2011 500 2078 devorandum
512 2011 649 2077 tradidit
664 2009 874 2098 (spondanus
890 2016 1001 2077 Annal.
1016 2013 1170 2079 enclosed

61 2146 170 2190 annum
196 2128 294 2206 1118,
315 2147 347 2190 n.
375 2124 439 2210 li).
460 2129 554 2192 Teste
577 2127 741 2191 Wilielmo
766 2125 991 2210 Neubrigcusi,
1010 2130 1168 2211 scriptore

61 2251 214 2310 coaetaneo
235 2244 331 2330 (libro
351 2247 379 2320 1,
398 2264 468 2330 cap.
493 2242 557 2329 19),
573 2265 656 2310 011110
674 2247 770 2320 1118,
788 2241 938 2328 discipuli
954 2243 1167 2312 heresiarcha

59 2361 121 2425 Ean
136 2361 207 2444 igne
226 2361 260 2424 in
285 2359 396 2425 Galliis
415 2361 594 2444 perierunt.
615 2361 711 2444 Ergo,
731 2366 769 2423 ut
789 2361 893 2426 multa
908 2361 968 2427 alia
984 2361 1168 2446 hujusmodi

58 2475 136 2540 facta
157 2476 417 2571 praeterrpittam‚
447 2484 522 2541 ante
548 2485 694 2541 sanctum
721 2477 942 2556 Dominioum‚
968 2483 1003 2542 et
1035 2479 1164 2564 inquisi-

56 2593 144 2658 tionis
170 2593 328 2676 delegatae
356 2593 609 2669 institutionem,
636 2593 701 2677 jam
733 2594 936 2678 aliquatenus
962 2594 1159 2676 invaluerat,

55 2709 157 2792 legum
182 2710 385 2792 saecularium
410 2711 603 2774 auctoritate
630 2711 770 2788 sancita,
797 2711 920 2787 mortis,
943 2719 1040 2795 atque
1068 2713 1163 2776 etiam

57 2817 142 2906 ignis,
165 2828 197 2891 in
218 2825 389 2892 haereticos
413 2845 520 2909 poena.

97 2942 241 3008 Calvinus
264 2943 345 3026 ipsc,
364 2961 437 3007 curn
461 2943 495 3006 in
520 2939 909 3009 consilium'adhibuisset
933 2943 1097 3010 Helvetios
1114 2946 1165 3012 Ti·

56 3057 124 3140 guri
142 3056 290 3145 (zurich),
310 3060 439 3135 Berua,
462 3057 627 3134 Scasusiae,
651 3057 859 3144 Basileaeque,
882 3057 934 3124 dic
955 3061 994 3125 27
1021 3061 1164 3128 octobris
1239 3123 1241 3132 ⁴

58 3174 348 3260 instructarum
364 3175 489 3251 Serrei,
505 3173 547 3238 de
563 3193 675 3238 errore
695 3172 894 3252 damnatum,
910 3176 1022 3241 rivum
1038 3177 1163 3245 addixit

54 3289 132 3371 ignis
150 3291 317 3374 supplicio.
343 3291 488 3374 Cumque
508 3288 549 3354 de
575 3288 635 3353 hoc
658 3288 775 3372 agendi
797 3289 894 3355 modo
919 3293 1052 3376 querela
1076 3303 1162 3361 esset

55 3413 131 3482 orta,
147 3416 233 3472 totus
252 3409 315 3472 fuit
338 3408 489 3472 Calvinus
508 3411 546 3471 01
570 3405 714 3489 legitime
737 3407 860 3472 factum
883 3409 1049 3492 probaret,
1068 3419 1102 3478 et
1122 3413 1161 3478 li-

54 3522 143 3588 brum
175 3524 368 3608 divulgavit,
406 3543 469 3609 qun
506 3522 720 3599 demonstrat,
756 3523 923 3590 haereticos
959 3533 1063 3590 morte
1100 3547 1160 3611 pu-

54 3639 190 3705 niendns.

98 3755 126 3817 1.
142 3761 259 3820 Panum
283 3762 363 3838 ipnls
382 3763 415 3819 tn
434 3757 585 3819 lunaticos
610 3759 772 3818 obstinatos
796 3759 843 3818 acl
871 3761 1003 3838 relapsos
1027 3761 1158 3825 decrevit

54 3873 215 3935 Fridcricus
229 3880 403 3956 imperator,
429 3875 572 3953 deneputo
593 3875 699 3935 iisdem
713 3876 925 3955 appellationis
941 3875 1089 3954 boncfino.
1111 3914 1157 3926 --

58 3985 251 4054 «statuimus
266 3989 423 4074 imprimis
440 3996 477 4052 ut
502 3987 624 4052 crimen
644 3963 813 4066 hamescas
832 3994 865 4056 et
885 3989 1042 4055 damnata
1060 3999 1154 4059 sectae

58 4125 73 4160 «
86 4102 245 4188 cujuslibet
260 4107 474 4192 (quocumque
489 4107 616 4170 nomine
629 4103 832 4190 censeantur)
852 4113 1039 4186 sectatores,
1058 4117 1157 4190 prout

59 4240 74 4276 a
88 4221 241 4288 veteribus
255 4221 383 4306 legibus
398 4231 448 4288 est
463 4222 631 4299 indictum,
649 4223 737 4286 inter
754 4221 883 4308 publica
898 4224 1031 4289 crimina
1047 4243 1157 4300 nunte-

60 4343 206 4422 «rentum
227 4340 290 4404 imo
306 4340 438 4404 crimine
453 4339 535 4405 laesae
554 4339 730 4423 maiestatis
749 4347 866 4404 nostra
887 4339 989 4405 debet
1002 4340 1043 4405 ab
1058 4344 1156 4404 omni·

61 4449 144 4514 abus
156 4453 337 4523 horribilius
346 4455 495 4538 judicari,
515 4455 602 4538 quod
621 4457 656 4520 in
675 4454 791 4518 divinar
814 4454 991 4539 majestatis
1006 4440 1154 4540 injuriam
