2948 5126
629 665 673 727 11.
719 661 721 666 ’

1446 47 1447 94 l

521 393 600 442 rans
622 392 781 444 sucrum.
848 389 851 395 ·
1170 375 1208 441 73

170 890 246 940 cam
260 888 439 952 (counitionis
457 886 586 950 watto,
601 885 638 934 ad
652 884 809 936 instantiam
820 883 934 948 aticum
945 881 1138 934 muntiatortr
1155 893 1158 900 ’

509 977 678 1044 judicialiter
693 978 825 1028 instituta.

150 1219 363 1306 [inpendimus
380 1218 440 1284 sub
455 1213 655 1300 precedenti
672 1233 808 1282 numero
829 1234 871 1280 an
888 1214 1145 1300 praerequiratur
1165 1215 1214 1280 in·

111 1338 204 1415 famia,
222 1345 260 1402 ut
269 1334 373 1421 juder
384 1335 484 1421 possit
499 1332 698 1420 judicialiter
715 1332 881 1417 inquirere
892 1353 1021 1398 anunm
1037 1333 1145 1412 officio,
1164 1327 1214 1394 id-

112 1463 164 1532 est,
180 1453 308 1520 nemine
319 1451 443 1518 crimen
458 1449 683 1518 denuntiante.
707 1450 768 1516 Hic
780 1449 937 1517 solvenda
951 1450 1042 1515 venit
1054 1446 1215 1517 difficilior

111 1570 241 1654 questio,
265 1589 308 1634 an
327 1570 425 1634 etiam
445 1566 628 1634 necessaria
641 1567 681 1634 sit
700 1567 820 1652 praevin
842 1566 993 1644 infamia,
1017 1563 1096 1632 dum
1111 1562 1213 1650 jndex

112 1685 249 1770 procedit
287 1685 329 1752 nd
362 1684 548 1752 instantiam
582 1683 718 1770 alicujus
753 1701 898 1767 persone
935 1683 1058 1748 crimen
1088 1680 1215 1748 denun-

111 1801 218 1890 tiuntis.

150 1922 345 1988 Paorosrrro
366 1921 405 1986 1¹.
424 1957 470 1969 -
485 1924 523 1986 In
533 1924 607 2003 jnre
624 1925 763 1984 eanonim
775 1924 894 1985 annino
914 1921 1134 2001 distinpuenda
1146 1925 1216 1982 sunt

113 2040 290 2102 denuntiatio
312 2040 354 2101 od
371 2041 599 2120 penitentiam,
632 2044 661 2100 et
691 2040 879 2104 denuntiatio
904 2039 945 2100 ad
958 2056 1094 2120 penam·
1112 2041 1156 2102 ita
1181 2043 1216 2100 ut

106 2159 246 2234 ‚posterior
264 2156 455 2236 inteltipatur
468 2160 586 2236 aperire
607 2159 689 2218 uiant
710 2158 925 2236 inquisitionis,
945 2173 1004 2218 non
1020 2159 1217 2218 automatum

113 2271 352 2356 mactationis.
373 2303 417 2318 -—
435 2271 483 2336 Ex
503 2269 563 2337 bec
584 2269 667 2336 tanti
692 2266 848 2336 momenti
869 2269 985 2336 omissa
1009 2267 1216 2337 distinctione

114 2385 217 2468 opinor
244 2385 429 2470 contigisse,
458 2385 547 2471 qnod
567 2386 739 2453 emonistae
758 2384 913 2469 permulti
932 2383 1065 2452 contuse
1088 2385 1122 2448 in
1135 2402 1218 2468 prae·

109 2501 186 2566 senti
196 2501 439 2568 materialocuti
452 2501 528 2566 sint.
545 2502 583 2566 In
593 2519 690 2586 worn
697 2500 928 2582 obscuritatem
939 2500 1093 2569 neleetor
1105 2500 1219 2584 impin-

112 2624 168 2698 gat,
182 2615 267 2700 ipsos
280 2615 444 2702 praecipue
456 2613 538 2700 juris
552 2622 671 2694 textus,
693 2603 874 2682 innocentii
881 2633 998 2698 nempe
1010 2616 1058 2680 III
1070 2613 1216 2691 decreta,

114 2732 343 2816 expendemus3
361 2740 432 2798 tum
459 2730 620 2816 quomodo
640 2751 678 2798 ea
692 2730 841 2808 decreta,
859 2737 989 2799 veteres
1009 2731 1216 2816 glossatorem

111 2854 144 2918 ct
161 2848 324 2916 subsecuti
347 2854 461 2932 postea
480 2848 670 2914 tractatistae
689 2847 928 2926 intellexerint,
947 2845 1165 2933 subjiciemus

152 2964 311 3033 Probatur
333 2966 360 3031 Ι.
386 2969 532 3050 najara
555 2968 697 3030 tentibus.
718 3003 763 3014 -
786 2967 817 3030 1⁰
833 2964 944 3050 Capite
965 2970 1062 3048 Srqper
1081 2967 1129 3032 bis
1150 2965 1216 3052 (16,

116 3078 160 3144 tit.
180 3084 209 3158 l,
231 3081 310 3148 libri
325 3084 343 3145 5
357 3079 597 3166 decretalium),
620 3081 654 3149 in
675 3100 740 3168 quo
759 3082 805 3146 sic
823 3082 998 3148 statuitur:
1015 3105 1032 3144 a
1048 3083 1152 3166 Super
1171 3083 1221 3150 bis

119 3215 133 3254 «
150 3193 312 3282 dequibus
326 3216 385 3262 nos
398 3197 568 3287 consulere
580 3197 720 3276 voluisti,
737 3198 934 3284 inquisitioni
945 3206 1061 3264 vestrae
1072 3199 1221 3267 breviter

120 3311 388 3398 «respondemus,
413 3312 504 3398 quod
517 3314 624 3380 tribus
641 3313 746 3380 modis
767 3314 855 3380 valet
872 3314 996 3380 crimen
1013 3314 1144 3398 opponi,
1163 3313 1221 3380 de-

120 3449 134 3486 «
147 3426 333 3507 nuntiando,
350 3429 543 3513 excipiendo
555 3438 589 3497 et
607 3430 799 3497 accusando.
817 3429 955 3513 Quando
970 3431 1091 3496 crimen
1105 3431 1137 3494 in
1152 3449 1221 3496 mo-

121 3565 134 3602 «
148 3541 220 3608 dum
234 3543 489 3611 denuntiationis
504 3544 700 3630 opponitur,
712 3565 778 3612 non
805 3553 855 3612 est
878 3546 1044 3629 inscriptio
1070 3564 1220 3612 necessa·

122 3683 134 3712 c
151 3660 213 3743 ria;
231 3658 293 3726 sed
320 3679 394 3726 cum
421 3660 456 3726 in
482 3660 614 3728 modum
638 3663 866 3746 accusationis,
900 3670 1031 3745 oportet
1058 3660 1216 3728 inscribi:

122 3795 136 3834 a
149 3775 294 3868 quoniam
316 3774 359 3841 nd
380 3774 617 3860 depositionem
631 3779 811 3846 instituitur
827 3778 1004 3861 accusati03
1019 3776 1077 3845 sed
1095 3775 1138 3844 ad
1153 3796 1222 3844 cor·

123 3893 325 3958 «rectionem
340 3899 391 3958 est
404 3891 606 3960 denuntiatio
620 3893 781 3960 iacienda.
805 3917 821 3956 n
845 3893 987 3962 Rubriae
1013 3901 1121 3960 autem
1145 3894 1221 3962 huic

121 4008 208 4090 capiti
223 4008 356 4092 prefixa
371 4009 417 4092 sic
435 4009 555 4077 habet:
573 4012 820 4078 «Denuntiator
834 4011 975 4078 oriminis
987 4030 1052 4076 non
1062 4031 1097 4078 se
1108 4013 1222 4080 inscri-

123 4122 194 4188 ubit
207 4125 280 4210 quia
296 4123 339 4190 ad
357 4127 595 4192 correctionem
612 4126 742 4194 tendit:
759 4135 928 4194 accusator
949 4136 1059 4212 autem
1074 4130 1221 4199 inscribit

120 4261 138 4310 u
153 4240 223 4324 quia
234 4240 341 4307 tendit
354 4239 397 4307 ad
409 4260 550 4325 poenam.
566 4266 583 4303 n
601 4243 651 4310 lbi
665 4244 874 4310 Innocentius
887 4245 936 4310 111
949 4245 1037 4312 clare
1052 4247 1216 4329 patefacit,

120 4354 271 4436 ,quomodo
285 4361 373 4430 tnnc,
389 4359 545 4442 temporis
561 4359 800 4444 intelligeretur
816 4367 867 4424 uia
887 4335 1135 4428 denuntiationis.
1155 4363 1221 4428 Hac

124 4467 233 4536 scilicet
245 4471 297 4536 ria
313 4471 448 4558 procedi
462 4473 717 4554 existimabatur,
740 4475 869 4562 quando
886 4475 1096 4543 denuntiator
1117 4476 1218 4544 inten-
