<?xml version="1.0" encoding="UTF-8"?>
<!DOCTYPE html PUBLIC "-//W3C//DTD XHTML 1.0 Transitional//EN"
    "http://www.w3.org/TR/xhtml1/DTD/xhtml1-transitional.dtd">
<html xmlns="http://www.w3.org/1999/xhtml" xml:lang="en" lang="en">
 <head>
  <title>
</title>
<meta http-equiv="Content-Type" content="text/html;charset=utf-8" />
  <meta name='ocr-system' content='tesseract 3.04.00' />
  <meta name='ocr-capabilities' content='ocr_page ocr_carea ocr_par ocr_line ocrx_word'/>
</head>
<body>
  <div class='ocr_page' id='page_1' title='image "./tractatusdejudi01bouigoog_0405.png"; bbox 0 0 2838 5114; ppageno 0'>
   <div class='ocr_carea' id='block_1_1' title="bbox 215 348 990 414">
    <p class='ocr_par' dir='ltr' id='par_1_1' title="bbox 215 348 990 414">
     <span class='ocr_line' id='line_1_1' title="bbox 215 348 990 414; baseline 0 -5"><span class='ocrx_word' id='word_1_1' title='bbox 215 348 279 412; x_wconf 79' lang='grc'><strong>396</strong></span> <span class='ocrx_word' id='word_1_2' title='bbox 565 365 753 414; x_wconf 79' lang='lat' dir='ltr'><strong>rnacrnvus</strong></span> <span class='ocrx_word' id='word_1_3' title='bbox 777 367 820 414; x_wconf 84' lang='lat' dir='ltr'><strong>na</strong></span> <span class='ocrx_word' id='word_1_4' title='bbox 842 365 990 414; x_wconf 80' lang='lat' dir='ltr'><strong>runicus.</strong></span> 
     </span>
    </p>
   </div>
   <div class='ocr_carea' id='block_1_2' title="bbox 174 488 1401 3938">
    <p class='ocr_par' dir='ltr' id='par_1_2' title="bbox 174 488 1397 2309">
     <span class='ocr_line' id='line_1_2' title="bbox 174 488 1311 574; baseline 0.003 -21"><span class='ocrx_word' id='word_1_5' title='bbox 174 553 181 565; x_wconf 76' lang='grc'>,</span> <span class='ocrx_word' id='word_1_6' title='bbox 213 491 307 572; x_wconf 85' lang='lat' dir='ltr'><strong>pravi</strong></span> <span class='ocrx_word' id='word_1_7' title='bbox 333 497 367 554; x_wconf 90' lang='lat' dir='ltr'><strong>et</strong></span> <span class='ocrx_word' id='word_1_8' title='bbox 390 488 501 574; x_wconf 86' lang='lat' dir='ltr'><strong>injusti</strong></span> <span class='ocrx_word' id='word_1_9' title='bbox 525 489 558 553; x_wconf 91' lang='lat' dir='ltr'><strong>in</strong></span> <span class='ocrx_word' id='word_1_10' title='bbox 586 491 729 572; x_wconf 81' lang='lat' dir='ltr'><strong>generali</strong></span> <span class='ocrx_word' id='word_1_11' title='bbox 754 509 812 556; x_wconf 90' lang='lat' dir='ltr'><strong>sua</strong></span> <span class='ocrx_word' id='word_1_12' title='bbox 838 489 1005 574; x_wconf 79' lang='lat' dir='ltr'><strong>disciplina</strong></span> <span class='ocrx_word' id='word_1_13' title='bbox 1036 489 1224 557; x_wconf 81' lang='lat' dir='ltr'><strong>admittere.</strong></span> <span class='ocrx_word' id='word_1_14' title='bbox 1250 493 1311 558; x_wconf 89' lang='lat' dir='ltr'><strong>ilinc</strong></span> 
     </span>
     <span class='ocr_line' id='line_1_3' title="bbox 213 603 1312 690; baseline 0.005 -22"><span class='ocrx_word' id='word_1_15' title='bbox 213 603 389 688; x_wconf 84' lang='lat' dir='ltr'><strong>dupliciter</strong></span> <span class='ocrx_word' id='word_1_16' title='bbox 412 624 536 670; x_wconf 88' lang='lat' dir='ltr'><strong>errasse</strong></span> <span class='ocrx_word' id='word_1_17' title='bbox 561 605 638 670; x_wconf 90' lang='lat' dir='ltr'><strong>mihi</strong></span> <span class='ocrx_word' id='word_1_18' title='bbox 661 605 818 672; x_wconf 91' lang='lat' dir='ltr'><strong>videntur</strong></span> <span class='ocrx_word' id='word_1_19' title='bbox 840 608 1015 690; x_wconf 85' lang='lat' dir='ltr'><strong>scriptores</strong></span> <span class='ocrx_word' id='word_1_20' title='bbox 1036 607 1100 682; x_wconf 87' lang='lat' dir='ltr'><strong>illi,</strong></span> <span class='ocrx_word' id='word_1_21' title='bbox 1121 607 1177 690; x_wconf 92' lang='lat' dir='ltr'><strong>qni</strong></span> <span class='ocrx_word' id='word_1_22' title='bbox 1193 615 1228 672; x_wconf 88' lang='lat' dir='ltr'><strong>et</strong></span> <span class='ocrx_word' id='word_1_23' title='bbox 1241 607 1312 673; x_wconf 89' lang='lat' dir='ltr'><strong>dese</strong></span> 
     </span>
     <span class='ocr_line' id='line_1_4' title="bbox 213 719 1313 803; baseline 0.001 -19"><span class='ocrx_word' id='word_1_24' title='bbox 213 719 363 803; x_wconf 90' lang='lat' dir='ltr'><strong>injustam</strong></span> <span class='ocrx_word' id='word_1_25' title='bbox 387 719 485 784; x_wconf 84' lang='lat' dir='ltr'><strong>fuisse</strong></span> <span class='ocrx_word' id='word_1_26' title='bbox 503 721 585 802; x_wconf 82' lang='lat' dir='ltr'><strong>ignis</strong></span> <span class='ocrx_word' id='word_1_27' title='bbox 604 739 731 802; x_wconf 75' lang='lat' dir='ltr'><strong>posnam</strong></span> <span class='ocrx_word' id='word_1_28' title='bbox 753 722 786 786; x_wconf 92' lang='lat' dir='ltr'><strong>in</strong></span> <span class='ocrx_word' id='word_1_29' title='bbox 802 720 971 786; x_wconf 87' lang='lat' dir='ltr'><strong>hereticos</strong></span> <span class='ocrx_word' id='word_1_30' title='bbox 993 721 1069 786; x_wconf 90' lang='lat' dir='ltr'><strong>olim</strong></span> <span class='ocrx_word' id='word_1_31' title='bbox 1088 726 1244 786; x_wconf 84' lang='lat' dir='ltr'><strong>statutam</strong></span> <span class='ocrx_word' id='word_1_32' title='bbox 1259 742 1313 788; x_wconf 90' lang='lat' dir='ltr'><strong>con·</strong></span> 
     </span>
     <span class='ocr_line' id='line_1_5' title="bbox 214 835 1311 920; baseline 0 -19"><span class='ocrx_word' id='word_1_33' title='bbox 214 835 353 912; x_wconf 88' lang='lat' dir='ltr'><strong>cedunt,</strong></span> <span class='ocrx_word' id='word_1_34' title='bbox 378 844 411 900; x_wconf 90' lang='lat' dir='ltr'><strong>et</strong></span> <span class='ocrx_word' id='word_1_35' title='bbox 434 844 553 920; x_wconf 85' lang='lat' dir='ltr'><strong>negant</strong></span> <span class='ocrx_word' id='word_1_36' title='bbox 576 836 657 901; x_wconf 91' lang='lat' dir='ltr'><strong>ullas</strong></span> <span class='ocrx_word' id='word_1_37' title='bbox 681 838 714 901; x_wconf 93' lang='lat' dir='ltr'><strong>iu</strong></span> <span class='ocrx_word' id='word_1_38' title='bbox 741 837 801 903; x_wconf 92' lang='lat' dir='ltr'><strong>hoc</strong></span> <span class='ocrx_word' id='word_1_39' title='bbox 828 845 936 920; x_wconf 89' lang='lat' dir='ltr'><strong>partes</strong></span> <span class='ocrx_word' id='word_1_40' title='bbox 967 837 1146 902; x_wconf 82' lang='lat' dir='ltr'><strong>Ecclesiam</strong></span> <span class='ocrx_word' id='word_1_41' title='bbox 1171 837 1311 903; x_wconf 89' lang='lat' dir='ltr'><strong>hahuisse.</strong></span> 
     </span>
     <span class='ocr_line' id='line_1_6' title="bbox 213 951 1313 1019; baseline 0 -3"><span class='ocrx_word' id='word_1_42' title='bbox 213 953 298 1016; x_wconf 89' lang='lat' dir='ltr'><strong>Dum</strong></span> <span class='ocrx_word' id='word_1_43' title='bbox 320 953 406 1019; x_wconf 83' lang='lat' dir='ltr'><strong>enirn</strong></span> <span class='ocrx_word' id='word_1_44' title='bbox 428 952 488 1018; x_wconf 92' lang='lat' dir='ltr'><strong>hoc</strong></span> <span class='ocrx_word' id='word_1_45' title='bbox 507 951 604 1017; x_wconf 92' lang='lat' dir='ltr'><strong>modo</strong></span> <span class='ocrx_word' id='word_1_46' title='bbox 621 953 799 1018; x_wconf 82' lang='lat' dir='ltr'><strong>Ecclesiam</strong></span> <span class='ocrx_word' id='word_1_47' title='bbox 820 953 861 1018; x_wconf 92' lang='lat' dir='ltr'><strong>ab</strong></span> <span class='ocrx_word' id='word_1_48' title='bbox 885 953 1110 1018; x_wconf 78' lang='lat' dir='ltr'><strong>hereticorum</strong></span> <span class='ocrx_word' id='word_1_49' title='bbox 1127 962 1163 1018; x_wconf 88' lang='lat' dir='ltr'><strong>et</strong></span> <span class='ocrx_word' id='word_1_50' title='bbox 1180 953 1313 1018; x_wconf 89' lang='lat' dir='ltr'><strong>acatholi-</strong></span> 
     </span>
     <span class='ocr_line' id='line_1_7' title="bbox 214 1067 1315 1152; baseline 0.002 -20"><span class='ocrx_word' id='word_1_51' title='bbox 214 1087 324 1132; x_wconf 89' lang='lat' dir='ltr'><strong>corum</strong></span> <span class='ocrx_word' id='word_1_52' title='bbox 359 1067 502 1134; x_wconf 90' lang='lat' dir='ltr'><strong>dicteriis</strong></span> <span class='ocrx_word' id='word_1_53' title='bbox 534 1076 622 1134; x_wconf 88' lang='lat' dir='ltr'><strong>reete</strong></span> <span class='ocrx_word' id='word_1_54' title='bbox 657 1068 812 1134; x_wconf 88' lang='lat' dir='ltr'><strong>vindicari</strong></span> <span class='ocrx_word' id='word_1_55' title='bbox 844 1069 1047 1146; x_wconf 83' lang='lat' dir='ltr'><strong>existimant,</strong></span> <span class='ocrx_word' id='word_1_56' title='bbox 1085 1087 1202 1134; x_wconf 85' lang='lat' dir='ltr'><strong>revera</strong></span> <span class='ocrx_word' id='word_1_57' title='bbox 1236 1071 1315 1152; x_wconf 79' lang='lat' dir='ltr'><strong>magis</strong></span> 
     </span>
     <span class='ocr_line' id='line_1_8' title="bbox 214 1182 1314 1269; baseline 0.001 -21"><span class='ocrx_word' id='word_1_58' title='bbox 214 1182 383 1248; x_wconf 89' lang='lat' dir='ltr'><strong>hostilibus</strong></span> <span class='ocrx_word' id='word_1_59' title='bbox 395 1185 427 1246; x_wconf 90' lang='lat' dir='ltr'><strong>iu</strong></span> <span class='ocrx_word' id='word_1_60' title='bbox 444 1203 515 1248; x_wconf 86' lang='lat' dir='ltr'><strong>earn</strong></span> <span class='ocrx_word' id='word_1_61' title='bbox 531 1183 825 1268; x_wconf 80' lang='lat' dir='ltr'><strong>oppugnationibus</strong></span> <span class='ocrx_word' id='word_1_62' title='bbox 848 1202 958 1248; x_wconf 90' lang='lat' dir='ltr'><strong>ausam</strong></span> <span class='ocrx_word' id='word_1_63' title='bbox 981 1184 1149 1267; x_wconf 90' lang='lat' dir='ltr'><strong>prebeut;</strong></span> <span class='ocrx_word' id='word_1_64' title='bbox 1173 1184 1314 1269; x_wconf 90' lang='lat' dir='ltr'><strong>siquiden</strong></span> 
     </span>
     <span class='ocr_line' id='line_1_9' title="bbox 197 1298 1312 1388; baseline 0.001 -25"><span class='ocrx_word' id='word_1_65' title='bbox 197 1300 396 1388; x_wconf 40' lang='lat' dir='ltr'><strong>‚imperiales</strong></span> <span class='ocrx_word' id='word_1_66' title='bbox 421 1298 511 1382; x_wconf 85' lang='lat' dir='ltr'><strong>leges</strong></span> <span class='ocrx_word' id='word_1_67' title='bbox 530 1298 571 1367; x_wconf 91' lang='lat' dir='ltr'><strong>de</strong></span> <span class='ocrx_word' id='word_1_68' title='bbox 591 1299 790 1384; x_wconf 90' lang='lat' dir='ltr'><strong>perimendis</strong></span> <span class='ocrx_word' id='word_1_69' title='bbox 812 1301 974 1365; x_wconf 79' lang='lat' dir='ltr'><strong>hereticis</strong></span> <span class='ocrx_word' id='word_1_70' title='bbox 995 1321 1014 1366; x_wconf 91' lang='lat' dir='ltr'><strong>a</strong></span> <span class='ocrx_word' id='word_1_71' title='bbox 1035 1299 1118 1364; x_wconf 91' lang='lat' dir='ltr'><strong>Sede</strong></span> <span class='ocrx_word' id='word_1_72' title='bbox 1135 1300 1312 1384; x_wconf 78' lang='lat' dir='ltr'><strong>Apostolos,</strong></span> 
     </span>
     <span class='ocr_line' id='line_1_10' title="bbox 213 1416 1316 1500; baseline 0 -20"><span class='ocrx_word' id='word_1_73' title='bbox 213 1436 278 1481; x_wconf 91' lang='lat' dir='ltr'><strong>non</strong></span> <span class='ocrx_word' id='word_1_74' title='bbox 294 1425 419 1482; x_wconf 89' lang='lat' dir='ltr'><strong>tantum</strong></span> <span class='ocrx_word' id='word_1_75' title='bbox 437 1416 632 1500; x_wconf 89' lang='lat' dir='ltr'><strong>approbatas</strong></span> <span class='ocrx_word' id='word_1_76' title='bbox 649 1417 763 1495; x_wconf 84' lang='lat' dir='ltr'><strong>luisse,</strong></span> <span class='ocrx_word' id='word_1_77' title='bbox 784 1417 840 1484; x_wconf 91' lang='lat' dir='ltr'><strong>sed</strong></span> <span class='ocrx_word' id='word_1_78' title='bbox 858 1425 891 1482; x_wconf 89' lang='lat' dir='ltr'><strong>et</strong></span> <span class='ocrx_word' id='word_1_79' title='bbox 906 1437 960 1482; x_wconf 87' lang='lat' dir='ltr'><strong>eas</strong></span> <span class='ocrx_word' id='word_1_80' title='bbox 975 1435 1106 1482; x_wconf 90' lang='lat' dir='ltr'><strong>servare</strong></span> <span class='ocrx_word' id='word_1_81' title='bbox 1127 1419 1316 1500; x_wconf 83' lang='lat' dir='ltr'><strong>magistratus</strong></span> 
     </span>
     <span class='ocr_line' id='line_1_11' title="bbox 213 1530 1396 1614; baseline 0.002 -20"><span class='ocrx_word' id='word_1_82' title='bbox 213 1531 383 1596; x_wconf 88' lang='lat' dir='ltr'><strong>seculares</strong></span> <span class='ocrx_word' id='word_1_83' title='bbox 398 1530 439 1594; x_wconf 92' lang='lat' dir='ltr'><strong>ab</strong></span> <span class='ocrx_word' id='word_1_84' title='bbox 455 1530 569 1596; x_wconf 90' lang='lat' dir='ltr'><strong>eadem</strong></span> <span class='ocrx_word' id='word_1_85' title='bbox 591 1533 783 1598; x_wconf 87' lang='lat' dir='ltr'><strong>auctoritate</strong></span> <span class='ocrx_word' id='word_1_86' title='bbox 801 1533 1015 1598; x_wconf 85' lang='lat' dir='ltr'><strong>ecclesiastica</strong></span> <span class='ocrx_word' id='word_1_87' title='bbox 1034 1530 1141 1614; x_wconf 88' lang='lat' dir='ltr'><strong>jussos</strong></span> <span class='ocrx_word' id='word_1_88' title='bbox 1163 1533 1275 1609; x_wconf 84' lang='lat' dir='ltr'><strong>fuisse,</strong></span> <span class='ocrx_word' id='word_1_89' title='bbox 1291 1540 1317 1596; x_wconf 90' lang='lat' dir='ltr'><strong>et</strong></span> <span class='ocrx_word' id='word_1_90' title='bbox 1395 1605 1396 1614; x_wconf 8' lang='grc' dir='ltr'>ἵ</span> 
     </span>
     <span class='ocr_line' id='line_1_12' title="bbox 212 1645 1313 1731; baseline 0 -19"><span class='ocrx_word' id='word_1_91' title='bbox 212 1649 258 1712; x_wconf 91' lang='lat' dir='ltr'><strong>ita</strong></span> <span class='ocrx_word' id='word_1_92' title='bbox 275 1645 316 1711; x_wconf 89' lang='lat' dir='ltr'><strong>de</strong></span> <span class='ocrx_word' id='word_1_93' title='bbox 336 1646 422 1711; x_wconf 85' lang='lat' dir='ltr'><strong>lacto</strong></span> <span class='ocrx_word' id='word_1_94' title='bbox 444 1666 504 1730; x_wconf 91' lang='lat' dir='ltr'><strong>per</strong></span> <span class='ocrx_word' id='word_1_95' title='bbox 525 1647 619 1730; x_wconf 88' lang='lat' dir='ltr'><strong>plura</strong></span> <span class='ocrx_word' id='word_1_96' title='bbox 641 1647 758 1712; x_wconf 85' lang='lat' dir='ltr'><strong>secula</strong></span> <span class='ocrx_word' id='word_1_97' title='bbox 781 1647 954 1714; x_wconf 90' lang='lat' dir='ltr'><strong>invaluisse</strong></span> <span class='ocrx_word' id='word_1_98' title='bbox 978 1649 1168 1730; x_wconf 84' lang='lat' dir='ltr'><strong>generalem</strong></span> <span class='ocrx_word' id='word_1_99' title='bbox 1190 1650 1313 1731; x_wconf 79' lang='lat' dir='ltr'><strong>praxim,</strong></span> 
     </span>
     <span class='ocr_line' id='line_1_13' title="bbox 213 1759 1397 1852; baseline -0.002 -25"><span class='ocrx_word' id='word_1_100' title='bbox 213 1760 409 1827; x_wconf 90' lang='lat' dir='ltr'><strong>documenta</strong></span> <span class='ocrx_word' id='word_1_101' title='bbox 444 1768 606 1826; x_wconf 90' lang='lat' dir='ltr'><strong>testantur</strong></span> <span class='ocrx_word' id='word_1_102' title='bbox 637 1763 885 1846; x_wconf 90' lang='lat' dir='ltr'><strong>quamplurima.</strong></span> <span class='ocrx_word' id='word_1_103' title='bbox 922 1759 1016 1826; x_wconf 86' lang='lat' dir='ltr'><strong>Unde</strong></span> <span class='ocrx_word' id='word_1_104' title='bbox 1052 1781 1117 1826; x_wconf 91' lang='lat' dir='ltr'><strong>non</strong></span> <span class='ocrx_word' id='word_1_105' title='bbox 1149 1760 1316 1848; x_wconf 86' lang='lat' dir='ltr'><strong>negandum</strong></span> <span class='ocrx_word' id='word_1_106' title='bbox 1396 1839 1397 1852; x_wconf 12' lang='grc' dir='ltr'><strong>ξ</strong></span> 
     </span>
     <span class='ocr_line' id='line_1_14' title="bbox 213 1875 1316 1962; baseline 0 -22"><span class='ocrx_word' id='word_1_107' title='bbox 213 1885 322 1960; x_wconf 87' lang='lat' dir='ltr'><strong>partes</strong></span> <span class='ocrx_word' id='word_1_108' title='bbox 341 1877 462 1961; x_wconf 89' lang='lat' dir='ltr'><strong>aliquas</strong></span> <span class='ocrx_word' id='word_1_109' title='bbox 480 1878 514 1941; x_wconf 94' lang='lat' dir='ltr'><strong>iu</strong></span> <span class='ocrx_word' id='word_1_110' title='bbox 533 1878 593 1942; x_wconf 91' lang='lat' dir='ltr'><strong>hoc</strong></span> <span class='ocrx_word' id='word_1_111' title='bbox 611 1877 784 1942; x_wconf 88' lang='lat' dir='ltr'><strong>Ecclesiam</strong></span> <span class='ocrx_word' id='word_1_112' title='bbox 803 1876 964 1954; x_wconf 87' lang='lat' dir='ltr'><strong>habuisse,</strong></span> <span class='ocrx_word' id='word_1_113' title='bbox 983 1876 1043 1942; x_wconf 89' lang='lat' dir='ltr'><strong>sed</strong></span> <span class='ocrx_word' id='word_1_114' title='bbox 1056 1875 1241 1962; x_wconf 85' lang='lat' dir='ltr'><strong>negandum</strong></span> <span class='ocrx_word' id='word_1_115' title='bbox 1259 1895 1316 1960; x_wconf 89' lang='lat' dir='ltr'><strong>pra-</strong></span> 
     </span>
     <span class='ocr_line' id='line_1_15' title="bbox 212 1991 1317 2078; baseline -0.001 -19"><span class='ocrx_word' id='word_1_116' title='bbox 212 2013 289 2059; x_wconf 88' lang='lat' dir='ltr'><strong>vum</strong></span> <span class='ocrx_word' id='word_1_117' title='bbox 309 1992 423 2070; x_wconf 90' lang='lat' dir='ltr'><strong>fuisse,</strong></span> <span class='ocrx_word' id='word_1_118' title='bbox 453 1995 585 2060; x_wconf 80' lang='lat' dir='ltr'><strong>attentis</strong></span> <span class='ocrx_word' id='word_1_119' title='bbox 609 1993 724 2058; x_wconf 91' lang='lat' dir='ltr'><strong>horum</strong></span> <span class='ocrx_word' id='word_1_120' title='bbox 748 2001 934 2076; x_wconf 89' lang='lat' dir='ltr'><strong>temporum</strong></span> <span class='ocrx_word' id='word_1_121' title='bbox 956 1995 1221 2071; x_wconf 86' lang='lat' dir='ltr'><strong>circumstantiis,</strong></span> <span class='ocrx_word' id='word_1_122' title='bbox 1243 1991 1317 2078; x_wconf 86' lang='lat' dir='ltr'><strong>quod</strong></span> 
     </span>
     <span class='ocr_line' id='line_1_16' title="bbox 212 2107 1316 2194; baseline -0.003 -20"><span class='ocrx_word' id='word_1_123' title='bbox 212 2111 279 2194; x_wconf 90' lang='lat' dir='ltr'><strong>ipsa</strong></span> <span class='ocrx_word' id='word_1_124' title='bbox 298 2108 459 2192; x_wconf 87' lang='lat' dir='ltr'><strong>probavit,</strong></span> <span class='ocrx_word' id='word_1_125' title='bbox 477 2117 511 2174; x_wconf 91' lang='lat' dir='ltr'><strong>et</strong></span> <span class='ocrx_word' id='word_1_126' title='bbox 527 2129 544 2172; x_wconf 92' lang='lat' dir='ltr'><strong>a</strong></span> <span class='ocrx_word' id='word_1_127' title='bbox 559 2116 720 2192; x_wconf 87' lang='lat' dir='ltr'><strong>potestate</strong></span> <span class='ocrx_word' id='word_1_128' title='bbox 742 2109 888 2173; x_wconf 88' lang='lat' dir='ltr'><strong>seculari</strong></span> <span class='ocrx_word' id='word_1_129' title='bbox 902 2107 970 2192; x_wconf 84' lang='lat' dir='ltr'><strong>jam</strong></span> <span class='ocrx_word' id='word_1_130' title='bbox 990 2107 1184 2192; x_wconf 90' lang='lat' dir='ltr'><strong>dispositum</strong></span> <span class='ocrx_word' id='word_1_131' title='bbox 1200 2128 1316 2174; x_wconf 88' lang='lat' dir='ltr'><strong>servan·</strong></span> 
     </span>
     <span class='ocr_line' id='line_1_17' title="bbox 213 2225 519 2309; baseline -0.01 -18"><span class='ocrx_word' id='word_1_132' title='bbox 213 2225 292 2292; x_wconf 81' lang='lat' dir='ltr'><strong>duna</strong></span> <span class='ocrx_word' id='word_1_133' title='bbox 311 2226 519 2309; x_wconf 78' lang='lat' dir='ltr'><strong>prescripsit.</strong></span> 
     </span>
    </p>

    <p class='ocr_par' dir='ltr' id='par_1_3' title="bbox 210 2337 1401 3938">
     <span class='ocr_line' id='line_1_18' title="bbox 258 2337 1317 2425; baseline -0.005 -20"><span class='ocrx_word' id='word_1_134' title='bbox 258 2349 380 2423; x_wconf 78' lang='lat' dir='ltr'><strong>Quinto,</strong></span> <span class='ocrx_word' id='word_1_135' title='bbox 405 2350 559 2407; x_wconf 88' lang='lat' dir='ltr'><strong>ceterum</strong></span> <span class='ocrx_word' id='word_1_136' title='bbox 574 2342 700 2407; x_wconf 90' lang='lat' dir='ltr'><strong>sublata</strong></span> <span class='ocrx_word' id='word_1_137' title='bbox 720 2339 911 2425; x_wconf 83' lang='lat' dir='ltr'><strong>jamdudum</strong></span> <span class='ocrx_word' id='word_1_138' title='bbox 927 2349 962 2406; x_wconf 92' lang='lat' dir='ltr'><strong>et</strong></span> <span class='ocrx_word' id='word_1_139' title='bbox 976 2340 1104 2424; x_wconf 82' lang='lat' dir='ltr'><strong>legibus</strong></span> <span class='ocrx_word' id='word_1_140' title='bbox 1124 2337 1317 2404; x_wconf 86' lang='lat' dir='ltr'><strong>secularibus</strong></span> 
     </span>
     <span class='ocr_line' id='line_1_19' title="bbox 210 2453 1400 2546; baseline -0.008 -21"><span class='ocrx_word' id='word_1_141' title='bbox 210 2459 355 2546; x_wconf 90' lang='lat' dir='ltr'><strong>qualibet</strong></span> <span class='ocrx_word' id='word_1_142' title='bbox 368 2459 529 2544; x_wconf 84' lang='lat' dir='ltr'><strong>sanguinis</strong></span> <span class='ocrx_word' id='word_1_143' title='bbox 540 2459 573 2521; x_wconf 91' lang='lat' dir='ltr'><strong>in</strong></span> <span class='ocrx_word' id='word_1_144' title='bbox 585 2458 756 2523; x_wconf 88' lang='lat' dir='ltr'><strong>hereticos</strong></span> <span class='ocrx_word' id='word_1_145' title='bbox 770 2477 875 2541; x_wconf 87' lang='lat' dir='ltr'><strong>poena,</strong></span> <span class='ocrx_word' id='word_1_146' title='bbox 891 2456 986 2522; x_wconf 90' lang='lat' dir='ltr'><strong>desiit</strong></span> <span class='ocrx_word' id='word_1_147' title='bbox 996 2457 1067 2540; x_wconf 91' lang='lat' dir='ltr'><strong>ipso</strong></span> <span class='ocrx_word' id='word_1_148' title='bbox 1079 2456 1168 2522; x_wconf 87' lang='lat' dir='ltr'><strong>facto</strong></span> <span class='ocrx_word' id='word_1_149' title='bbox 1180 2453 1316 2521; x_wconf 85' lang='lat' dir='ltr'><strong>Ecclesia</strong></span> <span class='ocrx_word' id='word_1_150' title='bbox 1399 2473 1400 2502; x_wconf 69' lang='grc'><strong>1</strong></span> 
     </span>
     <span class='ocr_line' id='line_1_20' title="bbox 211 2542 1401 2659; baseline -0.008 -16"><span class='ocrx_word' id='word_1_151' title='bbox 211 2585 368 2643; x_wconf 88' lang='lat' dir='ltr'><strong>statutum</strong></span> <span class='ocrx_word' id='word_1_152' title='bbox 388 2575 430 2641; x_wconf 91' lang='lat' dir='ltr'><strong>de</strong></span> <span class='ocrx_word' id='word_1_153' title='bbox 454 2574 622 2642; x_wconf 86' lang='lat' dir='ltr'><strong>servandis</strong></span> <span class='ocrx_word' id='word_1_154' title='bbox 648 2573 807 2659; x_wconf 89' lang='lat' dir='ltr'><strong>ejusmodi</strong></span> <span class='ocrx_word' id='word_1_155' title='bbox 831 2573 1000 2657; x_wconf 88' lang='lat' dir='ltr'><strong>potestatis</strong></span> <span class='ocrx_word' id='word_1_156' title='bbox 1018 2573 1207 2656; x_wconf 90' lang='lat' dir='ltr'><strong>temporalis</strong></span> <span class='ocrx_word' id='word_1_157' title='bbox 1224 2570 1317 2653; x_wconf 87' lang='lat' dir='ltr'><strong>dispo</strong></span> <span class='ocrx_word' id='word_1_158' title='bbox 1400 2542 1401 2633; x_wconf 66' lang='lat' dir='ltr'><strong>i</strong></span> 
     </span>
     <span class='ocr_line' id='line_1_21' title="bbox 211 2688 1315 2776; baseline -0.01 -17"><span class='ocrx_word' id='word_1_159' title='bbox 211 2693 390 2759; x_wconf 88' lang='lat' dir='ltr'><strong>sitiouihus.</strong></span> <span class='ocrx_word' id='word_1_160' title='bbox 403 2693 545 2758; x_wconf 82' lang='lat' dir='ltr'><strong>Ecclesia</strong></span> <span class='ocrx_word' id='word_1_161' title='bbox 555 2693 641 2756; x_wconf 91' lang='lat' dir='ltr'><strong>enim</strong></span> <span class='ocrx_word' id='word_1_162' title='bbox 653 2709 765 2776; x_wconf 87' lang='lat' dir='ltr'><strong>poenas</strong></span> <span class='ocrx_word' id='word_1_163' title='bbox 775 2690 936 2774; x_wconf 84' lang='lat' dir='ltr'><strong>sanguinis</strong></span> <span class='ocrx_word' id='word_1_164' title='bbox 948 2709 1054 2773; x_wconf 89' lang='lat' dir='ltr'><strong>neque</strong></span> <span class='ocrx_word' id='word_1_165' title='bbox 1065 2690 1135 2773; x_wconf 90' lang='lat' dir='ltr'><strong>ipsa</strong></span> <span class='ocrx_word' id='word_1_166' title='bbox 1146 2688 1315 2774; x_wconf 84' lang='lat' dir='ltr'><strong>exequitur,</strong></span> 
     </span>
     <span class='ocr_line' id='line_1_22' title="bbox 210 2805 1318 2894; baseline -0.009 -21"><span class='ocrx_word' id='word_1_167' title='bbox 210 2829 317 2894; x_wconf 90' lang='lat' dir='ltr'><strong>neque</strong></span> <span class='ocrx_word' id='word_1_168' title='bbox 332 2809 531 2892; x_wconf 87' lang='lat' dir='ltr'><strong>pronuntiat.</strong></span> <span class='ocrx_word' id='word_1_169' title='bbox 548 2809 618 2872; x_wconf 91' lang='lat' dir='ltr'><strong>Imo</strong></span> <span class='ocrx_word' id='word_1_170' title='bbox 634 2827 689 2872; x_wconf 90' lang='lat' dir='ltr'><strong>eas</strong></span> <span class='ocrx_word' id='word_1_171' title='bbox 702 2806 777 2872; x_wconf 92' lang='lat' dir='ltr'><strong>olim</strong></span> <span class='ocrx_word' id='word_1_172' title='bbox 792 2825 857 2871; x_wconf 92' lang='lat' dir='ltr'><strong>non</strong></span> <span class='ocrx_word' id='word_1_173' title='bbox 872 2805 1078 2888; x_wconf 88' lang='lat' dir='ltr'><strong>approbavit,</strong></span> <span class='ocrx_word' id='word_1_174' title='bbox 1097 2805 1159 2870; x_wconf 90' lang='lat' dir='ltr'><strong>nisi</strong></span> <span class='ocrx_word' id='word_1_175' title='bbox 1173 2811 1318 2890; x_wconf 88' lang='lat' dir='ltr'><strong>quatenus</strong></span> 
     </span>
     <span class='ocr_line' id='line_1_23' title="bbox 212 2915 1317 3010; baseline -0.009 -20"><span class='ocrx_word' id='word_1_176' title='bbox 212 2945 230 2990; x_wconf 92' lang='lat' dir='ltr'><strong>a</strong></span> <span class='ocrx_word' id='word_1_177' title='bbox 245 2926 389 2990; x_wconf 88' lang='lat' dir='ltr'><strong>seculari</strong></span> <span class='ocrx_word' id='word_1_178' title='bbox 404 2931 566 3010; x_wconf 86' lang='lat' dir='ltr'><strong>potestate</strong></span> <span class='ocrx_word' id='word_1_179' title='bbox 578 2923 644 3008; x_wconf 86' lang='lat' dir='ltr'><strong>jam</strong></span> <span class='ocrx_word' id='word_1_180' title='bbox 654 2924 745 3000; x_wconf 88' lang='lat' dir='ltr'><strong>latas,</strong></span> <span class='ocrx_word' id='word_1_181' title='bbox 764 2929 798 2986; x_wconf 90' lang='lat' dir='ltr'><strong>et</strong></span> <span class='ocrx_word' id='word_1_182' title='bbox 811 2921 852 2986; x_wconf 90' lang='lat' dir='ltr'><strong>ab</strong></span> <span class='ocrx_word' id='word_1_183' title='bbox 868 2919 982 2987; x_wconf 89' lang='lat' dir='ltr'><strong>eadem</strong></span> <span class='ocrx_word' id='word_1_184' title='bbox 999 2919 1217 3004; x_wconf 84' lang='lat' dir='ltr'><strong>exequendas.</strong></span> <span class='ocrx_word' id='word_1_185' title='bbox 1232 2915 1317 2984; x_wconf 88' lang='lat' dir='ltr'><strong>Unde</strong></span> 
     </span>
     <span class='ocr_line' id='line_1_24' title="bbox 211 3035 1316 3126; baseline -0.012 -18"><span class='ocrx_word' id='word_1_186' title='bbox 211 3061 345 3126; x_wconf 88' lang='lat' dir='ltr'><strong>prorsus</strong></span> <span class='ocrx_word' id='word_1_187' title='bbox 367 3049 549 3126; x_wconf 85' lang='lat' dir='ltr'><strong>nugantur,</strong></span> <span class='ocrx_word' id='word_1_188' title='bbox 577 3041 632 3124; x_wconf 90' lang='lat' dir='ltr'><strong>qui</strong></span> <span class='ocrx_word' id='word_1_189' title='bbox 654 3038 750 3104; x_wconf 90' lang='lat' dir='ltr'><strong>hodie</strong></span> <span class='ocrx_word' id='word_1_190' title='bbox 775 3037 903 3120; x_wconf 86' lang='lat' dir='ltr'><strong>fingunt</strong></span> <span class='ocrx_word' id='word_1_191' title='bbox 927 3056 997 3102; x_wconf 90' lang='lat' dir='ltr'><strong>sese</strong></span> <span class='ocrx_word' id='word_1_192' title='bbox 1028 3035 1257 3109; x_wconf 86' lang='lat' dir='ltr'><strong>reformidare,</strong></span> <span class='ocrx_word' id='word_1_193' title='bbox 1281 3051 1316 3095; x_wconf 92' lang='lat' dir='ltr'><strong>ne</strong></span> 
     </span>
     <span class='ocr_line' id='line_1_25' title="bbox 212 3148 1316 3236; baseline -0.01 -13"><span class='ocrx_word' id='word_1_194' title='bbox 212 3157 299 3224; x_wconf 88' lang='lat' dir='ltr'><strong>forte</strong></span> <span class='ocrx_word' id='word_1_195' title='bbox 315 3157 537 3224; x_wconf 89' lang='lat' dir='ltr'><strong>reducendam</strong></span> <span class='ocrx_word' id='word_1_196' title='bbox 548 3157 582 3220; x_wconf 91' lang='lat' dir='ltr'><strong>iu</strong></span> <span class='ocrx_word' id='word_1_197' title='bbox 593 3156 761 3232; x_wconf 88' lang='lat' dir='ltr'><strong>hereticos</strong></span> <span class='ocrx_word' id='word_1_198' title='bbox 777 3161 937 3219; x_wconf 88' lang='lat' dir='ltr'><strong>torturam</strong></span> <span class='ocrx_word' id='word_1_199' title='bbox 950 3152 1074 3236; x_wconf 84' lang='lat' dir='ltr'><strong>etignis</strong></span> <span class='ocrx_word' id='word_1_200' title='bbox 1085 3171 1214 3236; x_wconf 90' lang='lat' dir='ltr'><strong>poeuam</strong></span> <span class='ocrx_word' id='word_1_201' title='bbox 1225 3148 1316 3215; x_wconf 87' lang='lat' dir='ltr'><strong>Sedes</strong></span> 
     </span>
     <span class='ocr_line' id='line_1_26' title="bbox 212 3267 1312 3358; baseline -0.012 -18"><span class='ocrx_word' id='word_1_202' title='bbox 212 3273 404 3358; x_wconf 82' lang='lat' dir='ltr'><strong>Apostolica,</strong></span> <span class='ocrx_word' id='word_1_203' title='bbox 425 3281 460 3340; x_wconf 89' lang='lat' dir='ltr'><strong>et</strong></span> <span class='ocrx_word' id='word_1_204' title='bbox 478 3275 499 3337; x_wconf 94' lang='lat' dir='ltr'><strong>ii</strong></span> <span class='ocrx_word' id='word_1_205' title='bbox 517 3273 692 3354; x_wconf 88' lang='lat' dir='ltr'><strong>scriptores</strong></span> <span class='ocrx_word' id='word_1_206' title='bbox 711 3269 767 3354; x_wconf 92' lang='lat' dir='ltr'><strong>qui</strong></span> <span class='ocrx_word' id='word_1_207' title='bbox 786 3267 966 3334; x_wconf 90' lang='lat' dir='ltr'><strong>doctrinam</strong></span> <span class='ocrx_word' id='word_1_208' title='bbox 985 3286 1154 3333; x_wconf 88' lang='lat' dir='ltr'><strong>romanam</strong></span> <span class='ocrx_word' id='word_1_209' title='bbox 1176 3270 1312 3338; x_wconf 88' lang='lat' dir='ltr'><strong>tuentur,</strong></span> 
     </span>
     <span class='ocr_line' id='line_1_27' title="bbox 212 3379 1317 3468; baseline -0.012 -12"><span class='ocrx_word' id='word_1_210' title='bbox 212 3392 320 3457; x_wconf 89' lang='lat' dir='ltr'><strong>auimo</strong></span> <span class='ocrx_word' id='word_1_211' title='bbox 348 3389 528 3456; x_wconf 87' lang='lat' dir='ltr'><strong>revolvant.</strong></span> <span class='ocrx_word' id='word_1_212' title='bbox 560 3389 724 3468; x_wconf 89' lang='lat' dir='ltr'><strong>Quantum</strong></span> <span class='ocrx_word' id='word_1_213' title='bbox 754 3387 839 3448; x_wconf 90' lang='lat' dir='ltr'><strong>euim</strong></span> <span class='ocrx_word' id='word_1_214' title='bbox 870 3384 962 3449; x_wconf 89' lang='lat' dir='ltr'><strong>abest</strong></span> <span class='ocrx_word' id='word_1_215' title='bbox 988 3392 1025 3448; x_wconf 89' lang='lat' dir='ltr'><strong>ut</strong></span> <span class='ocrx_word' id='word_1_216' title='bbox 1050 3384 1166 3467; x_wconf 90' lang='lat' dir='ltr'><strong>aliquis</strong></span> <span class='ocrx_word' id='word_1_217' title='bbox 1190 3379 1317 3466; x_wconf 89' lang='lat' dir='ltr'><strong>populus</strong></span> 
     </span>
     <span class='ocr_line' id='line_1_28' title="bbox 211 3497 1313 3590; baseline -0.017 -16"><span class='ocrx_word' id='word_1_218' title='bbox 211 3507 412 3574; x_wconf 84' lang='lat' dir='ltr'><strong>secularisve</strong></span> <span class='ocrx_word' id='word_1_219' title='bbox 438 3505 591 3590; x_wconf 91' lang='lat' dir='ltr'><strong>princeps</strong></span> <span class='ocrx_word' id='word_1_220' title='bbox 616 3500 809 3569; x_wconf 89' lang='lat' dir='ltr'><strong>cremandos</strong></span> <span class='ocrx_word' id='word_1_221' title='bbox 835 3500 1005 3566; x_wconf 87' lang='lat' dir='ltr'><strong>hereticos</strong></span> <span class='ocrx_word' id='word_1_222' title='bbox 1028 3497 1125 3566; x_wconf 91' lang='lat' dir='ltr'><strong>hodie</strong></span> <span class='ocrx_word' id='word_1_223' title='bbox 1151 3497 1313 3570; x_wconf 86' lang='lat' dir='ltr'><strong>decernat,</strong></span> 
     </span>
     <span class='ocr_line' id='line_1_29' title="bbox 212 3615 1317 3702; baseline -0.016 -14"><span class='ocrx_word' id='word_1_224' title='bbox 212 3631 339 3688; x_wconf 88' lang='lat' dir='ltr'><strong>tantum</strong></span> <span class='ocrx_word' id='word_1_225' title='bbox 355 3621 448 3688; x_wconf 92' lang='lat' dir='ltr'><strong>abest</strong></span> <span class='ocrx_word' id='word_1_226' title='bbox 461 3628 499 3685; x_wconf 90' lang='lat' dir='ltr'><strong>ut</strong></span> <span class='ocrx_word' id='word_1_227' title='bbox 512 3619 654 3686; x_wconf 89' lang='lat' dir='ltr'><strong>Ecclesia</strong></span> <span class='ocrx_word' id='word_1_228' title='bbox 670 3617 703 3683; x_wconf 95' lang='lat' dir='ltr'><strong>id</strong></span> <span class='ocrx_word' id='word_1_229' title='bbox 719 3624 939 3702; x_wconf 85' lang='lat' dir='ltr'><strong>opportunum</strong></span> <span class='ocrx_word' id='word_1_230' title='bbox 954 3616 1164 3700; x_wconf 79' lang='lat' dir='ltr'><strong>pronuntiet;</strong></span> <span class='ocrx_word' id='word_1_231' title='bbox 1183 3630 1266 3689; x_wconf 87' lang='lat' dir='ltr'><strong>cum,</strong></span> <span class='ocrx_word' id='word_1_232' title='bbox 1284 3615 1317 3671; x_wconf 92' lang='lat' dir='ltr'><strong>ut</strong></span> 
     </span>
     <span class='ocr_line' id='line_1_30' title="bbox 212 3717 1317 3819; baseline -0.015 -17"><span class='ocrx_word' id='word_1_233' title='bbox 212 3717 419 3814; x_wconf 80' lang='lat' dir='ltr'><strong>dictumest,</strong></span> <span class='ocrx_word' id='word_1_234' title='bbox 446 3733 608 3819; x_wconf 88' lang='lat' dir='ltr'><strong>ejusmodi</strong></span> <span class='ocrx_word' id='word_1_235' title='bbox 632 3751 744 3817; x_wconf 86' lang='lat' dir='ltr'><strong>poeuas</strong></span> <span class='ocrx_word' id='word_1_236' title='bbox 769 3736 946 3814; x_wconf 86' lang='lat' dir='ltr'><strong>spontaneo</strong></span> <span class='ocrx_word' id='word_1_237' title='bbox 971 3729 1168 3812; x_wconf 90' lang='lat' dir='ltr'><strong>populorum</strong></span> <span class='ocrx_word' id='word_1_238' title='bbox 1186 3733 1217 3792; x_wconf 91' lang='lat' dir='ltr'><strong>et</strong></span> <span class='ocrx_word' id='word_1_239' title='bbox 1234 3723 1317 3807; x_wconf 86' lang='lat' dir='ltr'><strong>priu-</strong></span> 
     </span>
     <span class='ocr_line' id='line_1_31' title="bbox 211 3844 1313 3938; baseline -0.017 -18"><span class='ocrx_word' id='word_1_240' title='bbox 211 3855 320 3938; x_wconf 92' lang='lat' dir='ltr'><strong>cipum</strong></span> <span class='ocrx_word' id='word_1_241' title='bbox 336 3851 537 3918; x_wconf 86' lang='lat' dir='ltr'><strong>secularium</strong></span> <span class='ocrx_word' id='word_1_242' title='bbox 560 3850 729 3917; x_wconf 89' lang='lat' dir='ltr'><strong>consensui</strong></span> <span class='ocrx_word' id='word_1_243' title='bbox 748 3845 975 3914; x_wconf 88' lang='lat' dir='ltr'><strong>decernendas</strong></span> <span class='ocrx_word' id='word_1_244' title='bbox 990 3845 1133 3912; x_wconf 88' lang='lat' dir='ltr'><strong>Ecclesia</strong></span> <span class='ocrx_word' id='word_1_245' title='bbox 1152 3844 1313 3925; x_wconf 88' lang='lat' dir='ltr'><strong>relinquat.</strong></span> 
     </span>
    </p>
   </div>
   <div class='ocr_carea' id='block_1_3' title="bbox 0 0 1424 5114">
    <p class='ocr_par' dir='ltr' id='par_1_4' title="bbox 0 0 1424 5114">
     <span class='ocr_line' id='line_1_32' title="bbox 0 0 1424 5114; baseline 0 0"><span class='ocrx_word' id='word_1_246' title='bbox 0 0 1424 5114; x_wconf 95' lang='lat' dir='ltr'><strong> </strong></span> 
     </span>
    </p>
   </div>
  </div>
 </body>
</html>
