2838 5114
244 340 307 401 cut
590 353 776 396 raserarus
802 353 843 396 ns
867 351 1013 396 runicus.

244 479 349 560 capite
366 481 520 542 Statuam
538 476 585 561 (ae
596 478 764 554 Horatius,
782 475 815 537 in
832 473 877 557 6),
899 493 941 538 ex
956 475 1187 540 constitutione
1202 478 1340 556 Capr’cata

245 592 419 658 Alexandri
428 593 467 669 V,
481 600 515 656 et
526 591 755 656 constitutione
766 595 849 656 Licet
864 611 903 654 eac
912 593 1048 654 omnibus
1056 590 1181 655 Urbani
1194 591 1247 655 IV.
1263 591 1340 671 Quae·

245 729 320 774 num
338 716 447 773 autem
468 709 509 771 sit
523 714 680 770 summarii
697 726 867 790 processus
889 725 1011 782 norma,
1030 705 1096 789 jam
1124 725 1224 789 supra
1238 725 1340 788 expen-

246 823 364 888 dimus.
385 825 552 888 «Tametsi
570 832 680 888 autem
696 822 756 887 hoc
772 820 973 905 procedendi
999 821 1096 887 modo
1109 822 1144 886 in
1159 823 1261 886 causis
1276 821 1340 886 fidei

248 963 264 1000 a
279 941 327 1006 uti
339 941 463 1023 possint
478 940 627 1022 Episcopi
642 947 675 1004 et
689 940 905 1024 inquisitores,
925 958 990 1003 non
1005 947 1115 1004 tamen
1131 921 1175 1004 ad
1187 939 1231 1001 sic
1245 956 1342 1020 procc-
1403 975 1404 990 1

248 1055 425 1122 «dendum
440 1055 635 1136 obligantur,
656 1073 731 1118 cum
752 1056 785 1118 in
808 1057 905 1122 citato
930 1055 1036 1138 eapite
1058 1061 1215 1120 statatum
1233 1053 1342 1118 dicatur

247 1177 475 1237 «concedimus.
505 1195 520 1230 r>
548 1171 747 1258 (beurenius,
776 1173 809 1234 in
831 1172 963 1237 titulum
993 1181 1035 1247 7,
1067 1171 1180 1236 libri5
1216 1171 1339 1246 decret,

245 1307 277 1374 q.
297 1287 386 1371 188.)

734 1499 750 1572 5
765 1496 836 1560 vlt.

273 1719 309 1764 ha
334 1717 359 1766 ia
384 1729 453 1764 causa
476 1717 590 1778 heresis,
616 1717 676 1765 sicut
699 1718 723 1764 in
750 1717 802 1766 aliis
826 1718 903 1766 causis
931 1717 1111 1775 criminalibus,
1133 1713 1228 1778 procedi
1253 1711 1327 1774 possit,
1405 1701 1406 1756 r

354 1817 401 1856 turn
414 1810 450 1856 riu
462 1809 626 1870 accusationis,
642 1816 690 1858 tum
702 1810 740 1858 via
751 1809 941 1872 denuntiationis,
957 1818 1004 1858 tum
1016 1811 1054 1857 ris
1067 1807 1239 1870 inquisitionist

291 2034 565 2118 Respondendum
576 2033 774 2116 affirmativo,
787 2039 861 2122 quia
872 2037 979 2122 quoad
993 2037 1054 2101 hoc
1065 2036 1145 2101 nihil
1154 2037 1286 2118 speciale
1295 2054 1338 2099 seu
1406 2073 1407 2094 r

244 2147 1335 2236 juricommunideroganssanctiofficiitribnaalibusluitinjunctum.
1406 2127 1407 2134 ἵ

292 2268 340 2330 Do
365 2266 451 2330 lacto
472 2274 581 2329 tamen
602 2269 805 2350 procedendi
827 2269 943 2333 modus
965 2289 1025 2352 per
1050 2269 1134 2332 iiam
1152 2268 1337 2334 accusationis

246 2400 309 2446 noa
326 2380 576 2459 soletadhiberi,
599 2402 639 2448 eo
655 2383 743 2468 quod
754 2393 924 2466 promotor
934 2385 1050 2449 fiscalis
1062 2388 1095 2448 in
1115 2383 1267 2469 ejusmodi
1283 2401 1336 2446 cau·

246 2497 288 2561 sis
302 2501 498 2564 accusatoris
509 2518 678 2581 personam
690 2510 792 2582 gerat.
804 2501 923 2567 Atvcro
934 2503 1037 2586 siquis
1051 2502 1254 2566 nihilominus
1267 2518 1335 2564 aecu-

246 2619 388 2677 satorem
410 2634 506 2697 agere
523 2616 635 2694 vellet,
664 2617 886 2682 admittendus
907 2627 1013 2700 esset,
1031 2624 1065 2682 ot
1095 2624 1176 2682 tuno
1203 2611 1335 2702 ejusmodi

246 2738 414 2793 accusator
439 2729 585 2794 libellum
604 2753 697 2796 suum
723 2732 929 2798 subscribere
957 2731 988 2794 iii
1005 2753 1135 2816 poenam
1151 2733 1273 2797 talionis
1288 2747 1335 2792 non

245 2853 426 2923 teneretur,
454 2867 528 2910 cum
547 2848 682 2930 procedi
704 2850 804 2932 possit
829 2851 1000 2913 summarie
1021 2849 1068 2935 (ut
1084 2850 1243 2931 superiori
1263 2865 1336 2930 para-

246 2961 368 3044 grapho
390 2961 512 3027 dicium
528 2963 601 3048 est),
620 2965 700 3028 etin
717 2965 890 3030 summario
913 2986 1065 3049 processu
1092 2986 1156 3030 non
1176 2965 1336 3049 requiratur

245 3076 404 3161 ejusmodi
415 3078 602 3146 formalitas.
614 3082 645 3143 Si
654 3082 852 3146 tamensalso
861 3101 1026 3146 accusasse
1039 3082 1332 3166 deprehenderetur,

245 3194 429 3276 puniendus
458 3205 552 3260 esset.
579 3199 626 3262 De
649 3216 713 3281 quo
744 3198 816 3263 ride
833 3200 1029 3264 Leurenium
1048 3200 1090 3286 (in
1118 3199 1171 3264 tit.
1193 3207 1222 3275 7,
1244 3193 1334 3260 librii
1407 3269 1409 3280 γ

248 3308 391 3387 decret,
407 3321 520 3394 quast.
543 3317 615 3389 188,
634 3335 665 3378 n.
683 3313 728 3397 2).

292 3427 430 3492 Procedi
443 3449 520 3511 ergo
541 3432 624 3495 solet
643 3440 756 3496 contra
777 3433 961 3498 haereticam
985 3432 1197 3518 pravitatem,
1214 3433 1274 3495 sive
1289 3442 1333 3509 per

247 3541 333 3604 riam
358 3539 620 3619 denuntiationis
649 3545 716 3609 sive
744 3565 803 3628 per
828 3547 911 3610 viam
943 3547 1155 3630 inquisitionis
1176 3565 1215 3610 ex
1240 3538 1329 3610 officio,

247 3649 377 3733 quando
395 3653 504 3717 nullus
517 3654 693 3739 intercepit
709 3655 929 3723 denuntiator.

736 3914 751 3986 5
777 3911 863 3974 l'llI.

247 4123 280 4172 De
307 4126 443 4173 necessitate
468 4127 582 4175 citationis
607 4137 629 4177 ct
654 4131 815 4190 probationum
840 4133 862 4178 in
888 4133 1037 4193 processibus
1069 4111 1143 4184 sandi
1166 4133 1244 4194 cneii,
1263 4137 1328 4181 arenti

486 4219 637 4270 concedendae
662 4235 701 4270 reo
725 4237 776 4272 sese
797 4223 933 4274 defendendi
952 4225 1076 4276 facultatis.

295 4433 325 4491 1⁰
351 4430 438 4493 Sicut
468 4432 499 4492 in
518 4435 644 4497 caeteris
661 4435 878 4502 criminalibus
901 4442 1013 4516 causis,
1037 4440 1082 4504 ita
1098 4447 1133 4504 et
1151 4442 1182 4504 in
1200 4431 1327 4524 processi·
