2838 5114
242 341 307 408 sat
582 359 768 406 raacrarus
793 361 835 405 na
857 357 1008 412 runicus,

244 505 261 545 u
278 482 377 549 datur
386 484 544 568 inquisitis
558 481 729 552 dunensi
743 482 931 560 advocatus,
944 499 1113 566 quousque
1127 487 1180 546 ter
1189 484 1298 546 moniti
1309 482 1340 546 ab

243 621 260 662 u
277 601 520 684 inquisitoribus
535 599 577 665 de
596 602 733 666 veritate
745 599 894 680 dicenda,
907 606 1026 682 negant
1037 596 1338 682 crimenobjeetun:

244 725 357 794 utum,
379 719 520 800 inquam,
540 725 676 800 propter
697 717 912 800 suspicionem
928 725 962 780 et
976 715 1113 781 dubium
1129 735 1171 781 ex
1186 717 1341 798 negatione

244 854 261 894 n
277 833 481 916 preveniens¹
501 831 589 916 quod
601 831 723 898 crimen
737 832 902 917 objectum
918 849 1033 897 verum
1044 850 1110 896 non
1121 832 1173 908 sit,
1186 829 1284 895 datur
1292 830 1343 895 illis

244 947 467 1014 «advocatus
483 947 577 1014 Unde
592 951 618 1014 si
637 949 804 1014 nrauileste
825 957 951 1014 constet
962 949 1152 1032 inquisitum
1169 947 1342 1012 hereticum

243 1083 357 1142 «esse,
374 1066 482 1131 nullus
497 1065 675 1131 advocatus
692 1065 763 1150 ejus
777 1066 990 1149 patrocinium
1008 1065 1119 1131 subire
1142 1071 1262 1148 posset,
1283 1065 1343 1148 quia

243 1204 260 1244 u
280 1190 366 1248 esset
377 1182 603 1247 haereticorum
615 1183 725 1248 fautor
741 1189 775 1247 et
791 1181 956 1260 defensor,
976 1190 1010 1247 et
1033 1188 1202 1265 perpetuae
1219 1181 1343 1246 infamia

245 1299 475 1384 «subjaceret.
493 1299 582 1386 (Cap.
605 1302 809 1376 Studeamus,
829 1302 865 1362 de
876 1298 1058 1384 Hereticis).

291 1437 307 1476 u
323 1415 373 1479 Fit
388 1414 497 1492 tertio,
510 1433 568 1479 reo
579 1413 856 1496 inquisitominori
868 1417 909 1479 25
921 1415 1013 1479 annis
1024 1414 1171 1480 dandum
1186 1433 1255 1480 esse
1264 1432 1344 1478 cura-

244 1540 393 1611 atorem,
415 1541 453 1597 ut
463 1531 535 1617 ejus
548 1531 744 1598 authoritate
761 1533 956 1598 accusationi
970 1533 1179 1616 respondeat.
1196 1559 1211 1593 n

743 1789 758 1860 ἓ
788 1786 841 1848 ΙΧ.

278 2011 338 2070 Quid
348 2009 393 2060 sihi
406 2009 528 2072 proprium
537 2007 631 2067 habeat,
644 2004 720 2068 quoad
734 2005 922 2066 appellationem,
936 2017 1062 2067 processus
1075 2007 1099 2053 in
1115 2018 1189 2072 cansa
1200 2007 1315 2054 hereseos.

292 2243 323 2304 l⁰
336 2239 469 2304 Certum
485 2241 536 2301 est
550 2234 653 2319 ajure
669 2234 820 2299 canonico
837 2231 991 2316 denegari
1015 2233 1241 2317 appellationis
1259 2233 1343 2298 bene

244 2357 353 2424 licium
364 2355 411 2433 iis,
431 2353 487 2438 qui
497 2370 557 2436 per
572 2353 765 2416 sententiam
779 2349 982 2416 definitivam
997 2349 1156 2415 declarati
1170 2359 1244 2416 suut
1258 2349 1342 2414 hare

241 2474 310 2552 tici,
331 2479 364 2538 et
379 2479 416 2537 ut
427 2471 510 2535 tales
526 2467 743 2533 condemnati.
760 2468 893 2533 Constat
905 2487 945 2532 ex
960 2465 1117 2542 decretali
1136 2471 1177 2531 Ut
1190 2471 1341 2548 inquisitio

241 2597 291 2679 nis
308 2591 356 2676 (eie
374 2593 542 2666 Hernicis,
564 2587 598 2650 in
612 2583 657 2670 6),
670 2586 727 2651 ubi
739 2586 784 2649 sic
796 2584 987 2650 decernitur
1004 2607 1010 2648 :
1030 2589 1105 2649 Cum
1122 2593 1184 2649 tum
1200 2585 1340 2648 secuudum

241 2709 460 2770 ordinationem
477 2705 727 2785 predecessorum
750 2708 937 2779 nostrorum,
965 2721 1053 2781 quarn
1081 2703 1241 2764 secandum
1264 2703 1339 2779 naen

241 2825 436 2905 imperialem,
458 2823 670 2902 appellationis
685 2827 714 2881 et
719 2821 967 2900 proclamationis
979 2819 1153 2896 beneficum
1166 2835 1295 2900 expresse
1308 2819 1340 2876 sit

242 2939 389 3002 hereticis
403 2945 433 2999 et
454 2938 651 3011 credentibus,
671 2955 705 2996 ac
717 2953 817 2996 eorum
829 2937 1074 3016 receptatoribus,
1091 2931 1339 3014 fautoridusetde

239 3056 407 3136 [anseribus
423 3054 627 3115 interdictum.
650 3071 666 3111 u
681 3049 760 3114 Hinc
775 3049 824 3126 fit,
842 3027 1084 3132 pronuntiatam
1096 3049 1286 3114 sententiam
1298 3043 1339 3110 ad·

244 3179 260 3232 'a
278 3187 393 3234 versus
407 3167 607 3244 hereticum,
618 3185 711 3249 posse
723 3165 830 3229 statim
838 3165 1022 3229 executioni
1037 3163 1195 3242 mandari,
1207 3184 1265 3229 uec
1274 3179 1337 3245 opus

243 3306 260 3346 u
276 3302 346 3348 esse
362 3289 536 3365 expectare
555 3279 732 3344 terminum
756 3276 872 3343 decem
897 3277 1026 3343 dierum
1044 3277 1150 3361 ajure
1170 3290 1335 3344 concessum

243 3421 260 3460 u
277 3398 319 3464 ad
334 3396 574 3482 appellandum,
593 3415 667 3461 cum
692 3395 865 3478 appellatio
888 3413 960 3460 esse
977 3414 1042 3458 non
1056 3395 1167 3477 possit.
1187 3418 1203 3456 a
1220 3393 1335 3482 (Castis

240 3518 344 3601 palan,
364 3524 458 3599 parte
477 3517 506 3592 1,
524 3514 714 3588 tractatui,
733 3510 854 3594 disput.
873 3515 905 3592 8,
926 3509 1106 3595 puucto7.)

285 3633 436 3696 Severum
448 3648 517 3694 esse
532 3629 653 3693 hancce
665 3627 748 3713 juris
763 3627 846 3692 sacri
858 3627 1223 3714 dispositionemnegari
1232 3627 1331 3712 nequit

241 3756 354 3813 atvero
368 3746 486 3831 injusta
511 3763 716 3830 nequaquam
733 3743 916 3827 reputanda
931 3754 993 3811 est.
1012 3747 1093 3810 Sunt
1110 3748 1197 3812 enim
1210 3743 1332 3831 quaedan

240 3863 360 3930 delicta
378 3861 460 3928 adeo
479 3862 628 3927 societati
642 3863 766 3940 nociva,
786 3869 820 3926 et
838 3862 1056 3928 subversionis
1071 3863 1252 3948 periculum
1264 3859 1332 3926 indu·

241 3979 356 4055 centia,
383 3985 420 4044 ut
442 3977 646 4060 legislatores
665 3996 776 4042 omnes
800 3976 984 4060 prudenter
1005 3979 1245 4056 estimaverint,
1263 3978 1291 4041 in
1306 3973 1331 4036 i'u

238 4091 419 4180 judicandis
446 4091 691 4158 concedendam
710 4111 774 4156 uon
794 4112 863 4158 esse
886 4089 1141 4177 appellationum
1162 4103 1197 4161 et
1214 4093 1329 4178 pluriun

239 4213 465 4277 instantiarum
477 4210 677 4275 facultatem.
693 4211 760 4274 Hac
779 4209 821 4276 de
840 4212 1060 4290 causaverit
1075 4215 1190 4296 gratia,
1204 4206 1330 4296 apudtri·

238 4327 369 4392 bunalia
386 4326 539 4391 militaria
554 4325 725 4391 damnatus
736 4327 827 4393 miles
838 4329 1143 4414 appellarenequit3
1162 4323 1327 4414 atqneiden

242 4441 284 4508 ad
298 4441 463 4527 quoslibet
480 4443 568 4507 cives
591 4440 792 4521 extenditur,
811 4442 940 4526 quando
962 4464 1001 4509 ex
1021 4447 1247 4512 malevolorum
1257 4436 1326 4506 noli·
