2878 5114
253 375 315 438 500
596 391 784 440 luderemus
806 395 849 440 DE
872 394 1020 442 lonicus.

249 535 311 600 per
326 518 542 579 remissortotes
556 517 675 580 litteras
686 516 729 582 od
742 493 886 601 judicem
902 519 974 584 loci.
998 519 1062 584 Pro
1071 517 1127 614 iris
1139 526 1242 584 cutem
1255 517 1351 583 tribus

246 631 368 697 ultimis
381 631 508 697 ensibus
528 630 666 697 formem
685 632 801 716 egendi
819 641 854 699 et
867 633 1032 700 scribendi
1047 633 1148 700 hebes
1170 634 1352 718 insequenti

248 749 366 831 capite,
394 753 428 827 §5
455 750 487 826 l,
517 751 536 812 5
562 755 596 812 et
618 751 651 813 6.

703 1036 835 1102 CAPUT
849 1041 887 1103 V.

422 1289 423 1292 ’
511 1293 667 1342 rotimum
697 1293 827 1340 LIBELLI
852 1295 1060 1344 nxcnPToltn.

287 1567 501 1630 Prceootamia.
526 1565 623 1625 --1ο
651 1562 809 1644 Excipere
825 1563 896 1647 quis
921 1560 1043 1628 dicitur
1060 1563 1192 1647 quondo
1211 1584 1227 1628 e
1247 1562 1354 1648 judice

242 1683 385 1767 postulet
398 1686 446 1757 ut,
462 1685 598 1762 propter
616 1679 758 1744 rationes
776 1697 855 1762 quus
871 1678 1000 1762 allegat,
1017 1681 1133 1766 uliquis
1151 1688 1355 1746 remoueatur

240 1800 281 1866 ob
297 1793 489 1872 accusando,
510 1794 563 1859 vel
583 1814 601 1858 o
620 1793 843 1878 testificond0;
862 1796 914 1861 vel
933 1796 1031 1860 etium
1043 1803 1082 1861 ut
1110 1795 1153 1862 ud
1173 1796 1353 1881 dignitates,

240 1915 353 1994 officie,
365 1919 421 1978 eut
433 1931 569 1978 munera
583 1930 648 1975 non
659 1918 903 1993 promoveatur.
926 1948 960 1958 -·
977 1914 1011 1975 2⁰
1021 1913 1177 1997 Exceptio
1188 1921 1293 1978 cutem
1305 1918 1358 1976 est

240 2034 294 2098 vel
316 2030 490 2096 criminalis
516 2027 571 2092 vel
592 2027 718 2092 civilis:
749 2027 923 2092 criminalis
940 2036 1002 2106 est,
1027 2028 1158 2112 quando
1183 2029 1358 2120 opponitur

237 2145 373 2233 'aliquod
400 2145 557 2212 delictum
582 2162 589 2205 :
616 2142 717 2206 civilis
739 2161 820 2208 vero
848 2143 978 2226 quondo
1005 2143 1039 2209 id
1065 2145 1155 2229 quod
1184 2145 1357 2227 opponitur

240 2263 396 2329 delictum
420 2279 485 2326 non
505 2266 572 2341 est3
601 2256 694 2323 verbi
714 2258 827 2340 gratim
849 2259 980 2341 quondo
1000 2245 1164 2344 excipitur
1181 2267 1288 2327 eontra
1307 2268 1357 2324 te·

238 2390 333 2459 stem,
352 2400 392 2445 ex
411 2397 450 2442 eo
476 2365 565 2461 quod
589 2376 630 2439 sii
651 2379 807 2456 cognatus
832 2374 886 2438 vel
912 2376 1035 2442 amicus
1060 2379 1269 2460 accusatoris,
1301 2379 1356 2444 vel

238 2495 369 2584 quondo
392 2493 487 2558 elicui
514 2488 736 2574 promovendo
759 2487 799 2554 ad
824 2489 962 2576 aliquem
987 2490 1181 2576 dignitatem
1204 2492 1357 2560 ecclesie·

237 2617 350 2681 sticam
367 2611 553 2697 opponitur,
569 2627 644 2674 eum
663 2626 728 2672 non
749 2606 870 2673 habere
885 2616 1015 2674 aetatem
1028 2631 1047 2674 c
1058 2610 1133 2695 jure
1149 2611 1352 2697 requisitam.

238 2733 297 2797 llic
328 2729 370 2795 de
396 2725 554 2792 criminali
576 2722 747 2788 dumtaxat
777 2724 968 2806 exceptione
1003 2727 1120 2808 egitur.
1140 2765 1186 2780 -
1199 2730 1232 2793 3⁰
1253 2727 1356 2791 lixoe

239 2848 317 2931 ptio,
334 2845 413 2910 licet
426 2839 612 2916 criminalis,
632 2839 769 2920 proponi
784 2845 892 2921 potest
904 2839 959 2905 vel
972 2842 1194 2920 criminaliter,
1210 2842 1261 2906 rel
1273 2843 1355 2908 civi

236 2964 316 3028 liter
339 2965 468 3023 tontum
489 2977 496 3021 :
519 2954 731 3021 criminaliter
756 2955 960 3037 proponitur,
982 2957 1113 3044 quondo
1141 2979 1205 3024 non
1225 2965 1354 3024 tantum

238 3077 423 3164 postuletur
440 3070 592 3157 impediri
608 3071 760 3156 aliquem,
783 3071 826 3137 ob
850 3070 971 3138 delicta
993 3073 1035 3138 eb
1058 3076 1129 3158 ipso
1151 3082 1288 3158 patrata,
1304 3065 1354 3140 ¹ne

237 3201 280 3287 sit
293 3201 472 3269 accusator,
496 3190 550 3256 rel
563 3188 676 3274 judex,
695 3190 749 3254 rel
767 3190 869 3266 testis,
889 3189 943 3255 vel
958 3198 1163 3272 procurator,
1187 3192 1295 3257 velue
1315 3190 1355 3255 nd
1424 3199 1425 3204 ’

241 3316 381 3400 aliquem
398 3311 588 3401 dignitctem
598 3315 850 3391 promoventur3
868 3307 926 3372 sed
940 3307 1074 3391 insuper
1089 3309 1214 3392 petitur
1227 3314 1263 3372 ui
1276 3327 1355 3373 con-

239 3433 334 3516 digne
350 3447 445 3514 poene
458 3427 631 3510 plectetur.
648 3425 846 3507 Proponitur
857 3431 966 3488 eutem
978 3423 1131 3502 civiliter,
1144 3422 1272 3509 quondo
1289 3445 1354 3491 non

238 3546 420 3616 intenditur
441 3550 479 3608 ut
503 3541 668 3625 punietur,
692 3539 751 3605 sed
775 3539 954 3613 dumtnxnt‘
969 3547 1007 3606 ut
1028 3560 1046 3605 e
1070 3540 1234 3625 predictis
1248 3561 1354 3608 remo

236 3673 365 3731 ventur.
387 3697 432 3710 -
449 3661 485 3724 4⁰
502 3657 657 3740 Exceptio
673 3675 744 3741 quae
760 3656 799 3722 fit
821 3676 840 3721 a
858 3675 926 3734 reo,
949 3657 1164 3741 proponenda
1184 3666 1234 3723 est
1249 3656 1355 3741 judici

237 3781 325 3866 opud
345 3798 442 3864 quem
463 3793 540 3841 reus
560 3773 625 3837 luit
638 3778 827 3849 conventus,
845 3773 995 3856 exceptio
1019 3777 1130 3838 cutem
1154 3790 1224 3855 qum
1250 3770 1290 3836 fit
1311 3771 1353 3838 nd

236 3893 482 3980 impediendum
502 3910 543 3956 ne
570 3889 640 3973 quis
666 3887 709 3952 ad
732 3886 923 3970 dignitatem
943 3888 1208 3966 ecclesiasticam,
1228 3886 1352 3954 benefi-

236 4012 374 4086 ciumve,
384 4014 441 4071 out
454 4003 592 4071 officium
606 4004 746 4087 eligetur
762 4011 796 4068 ei
812 4013 1056 4086 promoventur,
1073 4001 1285 4089 proponenda
1302 4013 1351 4069 est

234 4127 281 4192 illi
293 4123 463 4208 superiori,
480 4119 521 4184 od
532 4138 629 4205 quem
639 4121 782 4202 pertinet
791 4119 924 4203 eligere,
939 4121 994 4186 vel
1003 4121 1146 4186 electum
1160 4120 1350 4187 confirmare

236 4249 270 4308 et
289 4241 461 4305 instituere
479 4257 486 4300 ε
511 4233 596 4313 hinc,
614 4234 708 4299 veriti
724 4235 837 4317 gratio,
859 4236 886 4298 si
903 4237 976 4320 quis
997 4236 1031 4300 in
1046 4237 1150 4304 Gellio
1164 4236 1241 4302 velit
1261 4237 1350 4302 exci-

234 4379 314 4445 pere
327 4364 441 4424 eontre
454 4371 542 4432 eum,
560 4371 659 4438 quem
674 4353 835 4418 secularis
853 4361 999 4436 potestas
1014 4351 1056 4418 ed
1075 4328 1192 4419 sedem
1209 4351 1348 4434 aliquam

234 4472 449 4558 episcopalem
470 4471 689 4551 presentavit,
707 4467 808 4532 debet
821 4470 1048 4551 exceptionem
1065 4467 1206 4550 dirigere
1230 4466 1284 4532 vel
1306 4465 1347 4530 ud
