2930 5114
261 383 324 446 580
596 401 783 450 mouuuus
808 401 851 450 ou
872 401 1020 450 sumens.

266 565 269 572 ·
299 527 366 592 ubl
380 528 467 607 Quod
480 527 619 591 domuimus
631 531 660 594 N
662 575 684 606 .‚
701 535 856 592 aomosotor
869 533 918 592 sui
928 529 1123 610 priuuipulis,
1141 535 1186 591 est
1195 531 1325 594 ebriosus
1337 539 1365 596 et

253 645 398 724 muudum,
421 650 477 707 eto.

298 782 315 822 u
333 764 431 824 Testes
445 778 514 824 uero
524 767 705 842 opportunos
722 768 881 826 suauissioe
896 781 988 825 uuum
1003 768 1074 844 post
1092 764 1188 826 alium
1203 771 1366 846 maseato-

250 879 305 957 bit,
323 881 365 942 od
374 879 543 960 probaados
553 882 742 961 supradictos
755 882 911 959 articulos,
926 899 998 960 qums
1008 883 1096 962 justa
1113 881 1150 944 de
1160 899 1262 960 sousa,
1280 885 1367 946 modo

248 1001 474 1078 mopsopium·
496 998 549 1060 sod
567 999 609 1060 ad
629 1003 801 1061 citationem
823 999 979 1062 reuerendi
993 1001 1047 1076 Ν.,
1070 1001 1362 1081 timotianorum,

222 1119 328 1195 *ipsos
354 1116 531 1178 nominabit.
558 1151 604 1162 —
631 1118 695 1196 Eoo
710 1117 765 1193 ’Ν.,
796 1123 956 1196 patronos.
977 1149 1022 1164 -
1039 1119 1222 1180 Prasautati
1244 1119 1366 1196 [ueneat

247 1236 446 1313 suprascripti
459 1235 584 1296 artiouli
593 1238 622 1295 et
637 1237 782 1314 acceptati
796 1233 834 1294 ab
848 1234 1010 1296 reversato
1020 1235 1058 1296 N.
1062 1281 1073 1312 ,
1090 1236 1362 1315 Vtoarioauueroli‚

246 1352 274 1408 si
289 1353 318 1410 et
328 1352 362 1410 iu
374 1355 529 1428 multtum,
556 1355 585 1411 et
608 1351 692 1412 saluo
707 1346 777 1425 juro
788 1350 859 1412 illos
873 1349 1065 1428 moderaadt‚·
1079 1355 1108 1411 et
1130 1351 1173 1412 ad
1190 1353 1366 1414 moadatmu

244 1465 374 1544 ejusdem
403 1470 482 1527 iuter
510 1472 578 1528 acto
610 1469 730 1546 recepti.
763 1467 838 1527 Asia
866 1472 936 1528 suut
962 1465 1023 1528 iao
1056 1467 1164 1545 die...,
1197 1473 1363 1546 memis...,

244 1586 329 1658 aaut,
350 1588 405 1644 eto.
417 1617 463 1629 —
477 1584 541 1663 Euo
558 1586 586 1645 N
590 1631 612 1662 .,
625 1587 794 1645 attoarios.
813 1604 829 1642 >s

652 1869 786 1936 CAPUT
812 1870 951 1936 XXXIX.

430 2099 542 2186 sonus
563 2137 715 2188 uuuuuou
741 2138 775 2184 us
796 2137 963 2188 ouocussu
980 2137 1174 2188 uuouusuvo.

288 2433 304 2474 a
326 2415 467 2490 ΛΜΗ,
485 2427 638 2482 meme...,
654 2385 898 2482 die...‚‘oooatus
914 2409 976 2486 fuit
988 2409 1127 2470 domiuus
1141 2413 1197 2489 N.‚
1215 2417 1364 2492 potroma

241 2530 356 2592 domiai
367 2532 397 2592 N
400 2577 422 2607 .‚
446 2531 500 2592 liei
517 2530 569 2607 qui
583 2543 687 2607 supro,
705 2543 806 2587 coram
825 2525 986 2586 reverendo
999 2525 1031 2588 N
1033 2571 1056 2602 .,
1078 2527 1200 2590 Viturio
1213 2531 1360 2608 qeuemlt,

241 2653 270 2708 et
283 2648 380 2726 fuitei
398 2645 523 2721 ateium,
538 2648 573 2704 ut
584 2642 762 2724 produceret
782 2645 869 2702 testes
889 2640 1000 2702 etalio
1019 2641 1208 2721 documenta,
1227 2663 1286 2725 per
1300 2663 1363 2725 queo
1451 2669 1452 2742 i

238 2762 342 2844 probet
352 2762 495 2824 ortioulos
505 2761 671 2838 desmsioos
682 2757 719 2820 ab
730 2762 794 2838 ipso
804 2761 986 2838 propositos.
1000 2758 1040 2820 Et
1047 2759 1215 2838 pradictus
1224 2763 1362 2826 duutuus
1450 2751 1451 2834 l

238 2881 384 2956 patronus
394 2874 544 2955 probauit
554 2876 654 2952 primo
667 2872 821 2933 domimum
831 2872 860 2933 N
863 2917 886 2947 .‚
905 2868 1126 2950 presbyteram,
1144 2891 1237 2952 saper
1248 2879 1361 2936 articu-
1449 2849 1450 2926 b

241 2991 279 3052 lis
297 2993 328 3069 1,
345 2992 404 3054 set
420 2996 437 3054 7
455 2989 702 3050 emamiuaadum.
1447 3038 1448 3111 1

287 3131 303 3172 a
322 3112 523 3192 luooutimuii
537 3127 607 3188 erqo
625 3112 749 3168 omams
766 3107 828 3184 soit
838 3106 989 3186 profatus
1002 3105 1142 3168 domiuus
1160 3110 1192 3171 N
1194 3155 1218 3187 .‚
1238 3111 1359 3190 presbb

243 3234 303 3305 ter,·
322 3231 404 3306 eique
418 3227 552 3288 delatum
561 3231 605 3286 est
611 3228 819 3305 jurameutum
834 3223 871 3284 de
886 3226 1015 3284 ueritate
1030 3223 1175 3302 ituenda·
1184 3227 1265 3304 quod
1283 3232 1359 3288 tuoto

237 3350 367 3426 pectore,
386 3361 466 3405 more
483 3343 675 3419 sacerdotali,
689 3343 850 3420 prostitit·
868 3345 898 3401 oi
911 3345 1017 3420 posteo
1032 3343 1239 3421 iaterroyatus
1253 3343 1315 3421 fuit
1331 3348 1359 3402 ot

240 3461 394 3542 respoudit
406 3466 441 3522 ui
458 3463 616 3539 sequitur:

286 3577 352 3639 «1⁰
378 3578 586 3654 luterroaatus
609 3591 696 3653 super
719 3576 821 3654 primo
849 3572 979 3634 articulo
1005 3571 1170 3650 deseasioo,
1198 3591 1353 3656 mmpe...,

240 3693 434 3773 subaudit...

286 3811 523 3888 alatemoaatas
534 3824 624 3885 super
638 3805 878 3882 tuitiensium,
895 3801 1356 3891 neuim...(etsicquoado1ios

239 3923 406 3991 articulos.
421 3923 492 4004 Quo
507 3926 652 4005 peracto,
669 3920 912 4003 ponatursolitu
927 3919 1071 3986 olousulo
1085 3923 1193 4002 quibua
1204 3922 1353 3988 dabitis...

241 4061 303 4128 qua
314 4034 483 4106 te'rminori
501 4039 586 4106 solet
598 4035 770 4123 quodlibet
784 4055 921 4102 examen
939 4033 1057 4120 testis).

286 4181 302 4219 a
320 4157 497 4222 Immedioto
515 4161 595 4235 post,
615 4157 763 4235 pausatus
783 4155 922 4219 domimus
936 4159 1084 4233 patronus
1099 4159 1249 4234 proibuit
1265 4161 1296 4220 io
1311 4161 1351 4218 to-

238 4282 313 4338 stem
327 4276 480 4336 domiuum
493 4275 533 4336 N.
538 4319 549 4351 ,
569 4273 804 4334 euomiaoudum
819 4288 910 4350 super
920 4272 1047 4334 usuum
1061 4279 1092 4334 et
1105 4279 1215 4353 quarto
1228 4273 1349 4336 aemulo

235 4393 399 4469 detauioo,
417 4413 430 4448 u
449 4395 528 4463 eto,
542 4393 581 4452 ut
601 4405 662 4471 pro
687 4385 887 4470 praeoedeuti
908 4391 1011 4468 teste3
1040 4393 1075 4458 ei
1095 4387 1143 4453 sio
1158 4385 1348 4472 proceditur

237 4501 344 4588 quoad
360 4505 471 4566 oinues
488 4501 641 4566 articulos
652 4499 851 4568 defensivos.
