2838 5114
524 339 604 388 rans
629 335 787 388 sacunna.
1155 322 1219 386 437

94 465 316 550 mappalici,
343 465 371 529 si
398 465 430 530 io
459 465 565 547 prima
588 465 740 530 instantia
761 462 993 546 pronuntietur
1021 460 1219 548 invalidum3

97 580 200 668 idque
225 581 294 646 sive
317 579 418 644 ambe
449 586 575 663 partes,
599 579 668 646 sive
692 599 756 644 una
778 583 924 654 tantum,
947 577 1014 642 sive
1044 585 1176 654 neutra,
1202 599 1222 644 a

94 696 259 762 sententia
273 694 431 761 nullitatis
447 695 633 780 appellent3
651 696 704 761 vel
729 696 755 760 si
782 712 868 778 pars,
886 691 1060 777 interjecta
1080 695 1220 777 primum

94 810 325 895 appellatione,
344 810 385 876 ab
400 829 438 876 ea
455 810 663 894 postmodum
679 799 825 876 desistat.

138 928 171 992 Si
181 946 260 993 vero
270 927 503 1010 pronuntietur
514 928 644 994 nullitas
653 929 686 993 in
695 925 839 993 secunda
847 925 1012 1001 instantia,
1024 925 1145 1010 poterit
1154 925 1222 1010 qui·

91 1044 168 1109 dem
184 1041 340 1110 defensor
351 1043 519 1108 sententiaa
536 1044 755 1128 acquiescere,
772 1040 892 1126 sijusta
904 1043 965 1126 ipsi
975 1038 1142 1124 videatur;
1159 1039 1220 1106 sed

91 1158 230 1226 debebit
248 1159 345 1224 etiam
357 1158 398 1222 ab
410 1177 448 1224 ea
460 1159 637 1242 appellare,
651 1159 768 1224 simale
780 1157 1027 1242 pronuntiatum
1039 1157 1213 1220 existimet.

138 1277 226 1356 lmo,
252 1276 278 1340 si
302 1276 510 1358 pronuntiata
534 1277 576 1341 sit
594 1275 744 1344 validitas
766 1276 800 1340 in
825 1273 968 1354 secunda
990 1273 1160 1351 instantia,
1185 1280 1220 1338 et

91 1400 208 1477 postea
226 1392 337 1478 (parte
355 1390 557 1481 appellante)
581 1393 713 1458 nullitas
735 1393 967 1476 pronuntietur
982 1391 1015 1454 in
1031 1389 1143 1467 tertia,
1162 1407 1220 1474 po·

89 1508 172 1574 terit
197 1505 352 1578 defensor¹
380 1509 590 1584 matrimonii,
615 1508 683 1572 sive
710 1508 811 1586 solus,
833 1509 902 1573 sive
929 1504 1099 1572 adherens
1122 1506 1220 1572 alteri

88 1624 195 1707 parti,
213 1621 254 1688 ab
273 1623 334 1688 boc
358 1625 456 1690 tertia
476 1625 637 1690 sententia
652 1624 831 1707 appellare.
856 1622 934 1704 Quae
949 1622 1054 1687 omnia
1070 1627 1219 1688 constant

87 1739 138 1804 bis
156 1738 525 1804 comtitutionisverbis
543 1760 550 1805 :
569 1761 586 1800 c
603 1739 635 1803 si
649 1758 668 1802 a
681 1737 791 1823 judice
811 1755 872 1822 pro
888 1737 1083 1802 matrimonii
1103 1734 1218 1801 validi-

90 1879 106 1914 «
123 1861 196 1920 tate
218 1851 431 1938 judicabitur,
457 1862 491 1920 et
514 1855 621 1920 nullus
644 1847 765 1938 sit'qui
786 1854 948 1938 appellet,
970 1853 1038 1935 ipse
1060 1853 1157 1920 etiam
1176 1852 1217 1917 ab

90 1993 108 2032 a
122 1969 346 2054 appellatione
359 1989 393 2036 sc
406 1969 578 2053 abstineat3
593 1969 692 2054 idque
704 1971 801 2036 etiam
814 1977 975 2046 servetur,
985 1968 1010 2034 si
1020 1988 1039 2032 a
1049 1966 1158 2054 judice
1171 1987 1217 2033 se

88 2109 105 2146 a
120 2084 241 2150 cundae
257 2086 415 2151 mutantia
431 2103 492 2168 pro
507 2083 675 2150 validitate
690 2087 886 2152 matrimonii
901 2085 1001 2150 fuerit
1014 2081 1213 2170 judicatum,

86 2182 298 2286 «postquam
309 2199 411 2284 judex
421 2201 531 2284 primae
543 2201 702 2266 instantiae
713 2200 755 2266 de
765 2201 851 2266 illius
863 2199 1011 2266 nullitate
1023 2201 1216 2266 sententiam

86 2343 102 2379 a
119 2317 366 2402 pronuntiaret.
385 2316 439 2381 Sin
455 2322 565 2382 autem
581 2324 693 2382 contra
713 2317 907 2381 matrimonii
927 2313 1129 2381 validitatem
1143 2335 1216 2382 sen·

84 2459 101 2496 a
116 2433 225 2499 tentia
246 2433 383 2508 feratur,
409 2431 563 2500 defensor
585 2433 672 2498 inter
694 2432 836 2516 legitima
852 2440 1002 2516 tempora
1019 2431 1210 2515 appellabit,

89 2549 297 2616 «adherens
317 2549 413 2633 parti,
435 2567 506 2633 quae
530 2567 590 2630 pro
612 2547 779 2614 validitate
801 2548 929 2631 agebat.
950 2548 1030 2612 Cum
1052 2548 1213 2612 antemio

84 2689 101 2728 a
116 2664 247 2752 judicio
261 2681 368 2748 neque
384 2683 467 2728 unus
483 2664 535 2742 sit,
553 2665 609 2747 qui
624 2682 684 2746 pro
697 2663 892 2728 matrimonii
903 2662 1069 2728 validitate
1083 2662 1214 2746 negotio

84 2807 100 2842 a
116 2780 260 2857 insistat,
278 2779 333 2846 vel
348 2781 374 2844 si
389 2778 482 2854 adsit,
500 2780 566 2845 lata
582 2784 694 2846 contra
709 2797 785 2844 eum
802 2779 973 2856 sententia,
986 2770 1144 2863 judicium
1154 2777 1211 2842 de-

84 2922 101 2960 a
118 2896 278 2974 seruerit,
297 2897 366 2978 ipso
383 2914 422 2962 ox
440 2894 543 2962 officio
558 2893 599 2960 ad
613 2895 815 2979 superiorem
827 2894 970 2980 judicem
984 2892 1209 2980 provocabit.»

82 3015 112 3102 o
134 3011 186 3097 a>

129 3151 149 3190 a
168 3127 303 3209 Quodsi
316 3148 334 3192 c
347 3126 491 3194 secunda
504 3130 664 3193 sententia
675 3145 774 3212 super
784 3127 943 3205 nullitate,
956 3127 1011 3192 vel
1022 3127 1126 3194 altera
1137 3146 1214 3212 pars

79 3245 357 3330 «appellaverit,
383 3245 437 3310 vel
460 3243 645 3329 hujusmodi
660 3245 712 3323 sit,
731 3252 769 3309 ut
788 3245 818 3310 ei
839 3244 926 3310 salva
943 3245 1136 3310 conscientia
1152 3244 1210 3312 de·

80 3390 95 3425 a
112 3365 232 3430 fensor
251 3362 448 3428 matrimonii
465 3361 739 3448 acquiescendum
762 3381 827 3426 non
849 3367 944 3444 putet
963 3361 1028 3448 (vel
1052 3362 1127 3446 quia
1149 3361 1211 3428 sibi

79 3505 95 3542 a
112 3478 254 3546 videtur
272 3477 443 3544 manifeste
459 3475 597 3562 injusta,
616 3478 669 3542 vel
686 3476 844 3554 invalida,
869 3476 923 3542 vol
936 3478 1012 3562 quia
1027 3476 1130 3542 fuerit
1142 3477 1210 3544 lata

77 3622 95 3658 a
110 3600 149 3662 in
171 3595 270 3660 tertia
291 3595 454 3672 instantia,
477 3601 511 3660 et
535 3595 578 3659 sit
602 3594 805 3660 revocatoria
831 3593 967 3658 alterius
990 3591 1207 3676 precedentis

78 3737 95 3774 a
112 3729 220 3795 super
233 3709 399 3776 validitate
418 3707 608 3792 insecundo
625 3709 777 3774 instantia
793 3704 974 3790 emanata),
992 3707 1141 3773 volumus
1155 3715 1204 3787 ut,

78 3853 95 3891 a
111 3829 214 3894 firma
226 3833 416 3892 remanente
433 3827 563 3910 utrique
584 3823 714 3910 conjugi
724 3823 941 3909 prohibitione
957 3823 999 3888 ad
1012 3825 1089 3889 alias
1104 3830 1209 3890 trans-

79 3940 218 4010 «eundi
239 3941 424 4025 nuptias...,
443 3959 538 4006 cansa
557 3941 590 4004 in
605 3941 703 4006 tertia
721 3947 756 4006 et
771 3946 888 4025 quarta
909 3936 1060 4004 instantia
1088 3957 1209 4022 cogno-

79 4087 95 4122 «
111 4067 244 4141 scatur3
260 4058 397 4124 servatis
415 4057 588 4142 diligenter
601 4056 760 4135 omnibus
777 4073 848 4140 quae
864 4074 882 4119 a
897 4053 995 4119 Nobis
1008 4055 1041 4117 in
1054 4054 1158 4136 prima
1171 4061 1207 4120 et

80 4204 96 4240 «
113 4173 263 4263 secunda
287 4175 439 4240 instantia
463 4173 658 4240 demandata
682 4174 836 4271 fuerunt,
863 4189 980 4254 nempe
1006 4171 1040 4234 in
1062 4169 1231 4256 quolibet·

80 4291 263 4381 «judiciali
283 4298 377 4366 actu,
401 4291 500 4356 citato
522 4297 557 4356 et
580 4288 693 4356 audito
720 4288 894 4354 defensore
920 4285 1133 4362 matrimonii,
1151 4287 1208 4370 qni

80 4435 98 4468 a
115 4430 136 4474 a
150 4407 262 4494 judice
277 4408 381 4478 tertiae
396 4407 553 4472 instantiae
570 4403 876 4494 deputatus-tuerit.
892 4426 907 4462 a
927 4403 936 4492 (
945 4408 960 4479 g
981 4399 1047 4490 ll.)
