2878 5114
451 391 529 440 anns
552 391 710 440 reconna.
1084 373 1148 440 tor

62 522 147 586 daton
160 515 438 602 emmennone
460 513 624 582 ibullarii
642 517 703 592 sui,
724 534 757 582 n.
776 515 831 594 tt,
858 532 931 598 pag.
962 517 1040 592 393,
1067 515 1148 584 edit.

62 635 150 700 Rome
168 633 273 718 1749).

96 753 264 834 Precipuns
283 749 342 814 hac
357 747 399 815 de
419 767 455 814 re
473 747 696 830 dispositiones
715 747 937 816 describemus
953 750 1014 815 sub
1032 747 1154 832 duplici

62 867 241 950 paragrapho
257 889 264 949 ;
283 872 381 950 prout
395 884 512 948 nempe
529 865 715 930 reclamatio
730 874 844 931 contra
868 866 1011 932 valorem
1026 865 1153 949 profes-

61 982 230 1051 sionisintra
245 981 501 1068 quinquennium
512 981 716 1064 proponitur,
736 983 790 1047 vel
806 989 879 1066 post
893 983 1039 1066 elapsum
1060 982 1154 1066 quin-

62 1099 218 1179 quennium
233 1117 252 1162 a
268 1095 457 1162 diremisse
473 1095 691 1178 professionis.

567 1364 624 1440 il·
697 1403 700 1412 ·

58 1586 130 1636 sana
140 1584 279 1647 mordendi
289 1585 314 1636 in
326 1586 405 1633 causis
417 1586 530 1638 utilitatis
542 1585 694 1647 professionis
706 1585 831 1646 religiose,
844 1585 936 1648 mendo
949 1589 1009 1642 intre
1022 1589 1151 1651 quinquen-

344 1679 407 1730 nium
422 1686 502 1728 contre
515 1677 685 1740 professionem
701 1678 849 1730 reclamatur.

92 1910 115 1974 Ι.
133 1911 267 1992 Quoties
279 1907 393 1994 aliquis
408 1907 578 1991 religiosus
595 1907 681 1974 intra
700 1908 955 1990 quinquennium
974 1929 992 1979 a
1010 1908 1064 1976 die
1076 1927 1152 1995 pro·

56 2023 184 2092 fessionis
197 2046 265 2092 suae
279 2021 455 2110 pretendit
468 2019 613 2107 ejusdem
626 2020 833 2106 professionis
847 2023 1042 2102 nullitatern,
1059 2043 1154 2092 ceusu

53 2136 212 2220 judicanda
229 2149 279 2206 est
294 2145 474 2221 nmpcrtore
484 2145 574 2202 snoet
588 2139 764 2202 ordinario.
780 2137 913 2204 Constat
927 2158 970 2206 ex
988 2141 1094 2224 capite
1113 2146 1152 2209 19

54 2256 185 2322 sessionis
207 2259 251 2324 25
269 2253 466 2322 tridentinae
482 2251 618 2338 synodi,
639 2253 672 2317 in
696 2271 762 2338 quo
780 2254 826 2320 sio
852 2253 1044 2322 decernitur
1057 2278 1065 2321 ε
1078 2262 1156 2338 Oni-

52 2388 158 2454 eannpne
172 2373 324 2454 reputares
333 2371 506 2452 praetendet
521 2388 551 2430 se
570 2388 624 2448 per
638 2373 699 2432 cim
724 2376 752 2430 et
776 2376 887 2432 anetntn
908 2376 1076 2454 inpressum
1093 2393 1155 2450 esse

51 2487 287 2568 creponensem
299 2492 391 2552 etiarn
406 2487 488 2550 dieat
503 2489 574 2548 onte
589 2490 707 2546 aetatem
719 2485 852 2549 deditam
862 2489 1031 2566 professum
1044 2489 1149 2568 fnisse,

51 2612 93 2666 ont
103 2609 174 2686 qnid
185 2607 297 2686 simile,
321 2607 449 2684 velitque
469 2603 604 2664 habitunt
622 2603 776 2666 dimittere
789 2622 971 2684 quocunqne
986 2607 1023 2670 de
1047 2625 1149 2686 ronta,

50 2727 94 2781 ont
107 2727 195 2786 etiarn
218 2741 286 2782 enan
305 2721 410 2782 imbitn
426 2719 575 2781 discedere
588 2721 652 2780 stne
668 2719 789 2780 lieentia
803 2724 1006 2800 superiorum·
1024 2740 1084 2786 non
1097 2741 1153 2788 an·

50 2835 151 2913 dictur,
165 2842 231 2900 nisi
246 2841 329 2900 intra
339 2829 572 2916 quinquennium
585 2840 702 2896 tanturn
717 2853 735 2895 a
750 2835 800 2896 die
813 2837 1028 2916 professionis·
1038 2845 1068 2900 et
1084 2844 1153 2900 tnnc

49 2967 97 3012 teon
116 2956 217 3030 aliter,
244 2957 307 3016 nisi
327 2970 433 3015 censos
453 2969 526 3032 qnos
547 2951 744 3032 pretenderit
764 2951 926 3014 deduxerit
945 2972 1044 3016 cororn
1067 2973 1152 3034 snpe-

47 3073 115 3132 n'ere
127 3091 179 3134 sno
190 3077 223 3133 et
242 3071 418 3132 Ordtnorc'o.

83 3186 120 3250 ll.
141 3185 284 3252 Praefate
292 3183 458 3266 dispositio
469 3175 679 3264 intelligenda
689 3190 738 3248 est
756 3184 855 3248 etium
868 3183 973 3268 quoad
985 3185 1152 3268 religiosos

46 3297 242 3368 feminarum
258 3299 399 3365 ordines.
419 3300 469 3365 Ito
483 3317 636 3381 expresse
654 3297 801 3365 declarat
817 3299 1017 3366 Benedictus
1030 3301 1102 3368 XIV
1117 3303 1151 3369 in

46 3416 132 3484 olisia
145 3418 238 3488 bulla
251 3421 288 3484 st
298 3420 415 3482 menn.

82 3535 136 3602 III.
155 3537 242 3606 Item
259 3529 470 3615 intelligenda
485 3540 546 3608 est,
564 3551 629 3598 non
645 3539 773 3598 tantum
789 3532 822 3596 in
840 3551 916 3602 cusu
934 3552 999 3617 quo
1022 3534 1151 3616 religio-

45 3665 91 3714 sus
112 3652 164 3716 vel
183 3649 333 3733 religiose
350 3648 531 3712 nullitatem
547 3646 734 3730 pretendit,
754 3645 814 3714 sed
837 3649 937 3716 etiam
955 3647 1086 3733 quondo
1108 3649 1150 3714 ah

45 3761 106 3844 ipso
124 3765 240 3833 ordine
265 3764 413 3848 religioso
431 3761 643 3828 contenditur
666 3762 788 3830 nullam
812 3761 911 3830 fuisse
935 3762 1071 3847 olimjus
1099 3765 1151 3828 sui

45 3879 173 3946 membri
190 3879 434 3963 professionem.
456 3879 515 3964 (Ita
537 3895 691 3962 expresse
712 3879 745 3942 in
770 3877 857 3944 dicta
884 3878 1055 3946 Benedicti
1078 3881 1151 3944 XIV

46 3987 151 4078 botta.)

83 4111 137 4176 tv.
160 4110 429 4194 Quinquennium
443 4108 682 4180 numerandum
707 4117 758 4174 est
780 4107 868 4174 adie
883 4109 1003 4178 endssae
1026 4111 1154 4194 profes-

45 4225 152 4306 sionis,
185 4228 311 4292 etiamsi
338 4224 600 4308 praetenderetur
629 4233 752 4290 metum
783 4223 917 4292 durasse
949 4226 1038 4292 ultra
1071 4225 1155 4292 illud

46 4342 312 4426 quinquennium,
342 4345 376 4404 et
404 4338 547 4408 defuisse
571 4339 757 4408 libertatem
785 4341 870 4408 intra
897 4341 1155 4424 quinquennum

46 4456 253 4526 reclamandi.
277 4457 393 4544 (ditato
407 4455 521 4540 bulla.)
