2878 5114
216 275 278 338 526
472 322 475 328 .
561 285 749 336 raacrarcs
770 285 814 334 aa
836 283 986 335 marens.

184 425 185 428 ’
215 415 342 492 domus,
359 413 413 479 vel
430 411 669 480 tandemalicui
688 411 854 478 exincolis
872 407 1020 495 ejusdem
1035 407 1162 486 domus,
1183 409 1234 493 qui
1245 427 1308 493 pra

214 533 323 596 mittat
338 550 371 596 se
384 530 462 596 testi
480 530 540 612 ipsi
557 527 717 613 ejusmodi
730 528 939 610 scriptionem
956 533 1187 609 porrecturam
1204 525 1308 592 :mado

214 655 322 714 tamen
346 665 486 730 persana
508 646 560 709 eui
578 645 687 710 citatio
703 644 910 726 consignatur
930 650 1060 712 aetctem
1080 645 1309 708 convenientem

214 761 346 828 habeat.
358 759 509 826 intimata
520 767 630 825 autem
642 759 705 825 hoc
717 757 815 825 moda
829 759 992 836 citatione,
1005 759 1169 825 referatur
1182 759 1214 825 in
1229 761 1309 824 actis:

216 897 277 962 pro
293 897 358 963 quc
374 876 515 942 formula
531 878 577 940 sic
591 877 776 942 concinnari
791 875 934 958 poterit:

264 1018 280 1057 a
295 998 369 1060 Gnan
386 996 516 1058 loannes
535 997 576 1056 N.
580 1042 591 1073 ‚
617 995 794 1074 episcopalis
810 997 901 1054 carice
918 981 1032 1072 narrar,
1057 995 1230 1056 mandatnm
1246 1012 1314 1054 accc-

215 1115 309 1191 pisan
322 1129 340 1172 a
355 1111 585 1188 caraccioli„
606 1112 725 1187 Vicanic
738 1111 883 1189 qenarali,
912 1115 947 1170 nt
968 1111 1124 1172 lancinant
1139 1111 1179 1172 N.
1199 1113 1231 1170 in
1243 1111 1316 1170 dana

217 1228 314 1289 salita
324 1230 419 1306 ipsine
432 1225 629 1288 habitationis
640 1229 748 1292 citaret
762 1226 803 1286 acl
814 1227 1054 1306 comparandam,
1064 1243 1123 1306 pcc
1139 1211 1317 1305 informanda

218 1344 255 1404 cia
269 1343 423 1404 nonnullis
436 1343 519 1404 dicta
533 1346 771 1418 catanance
779 1343 821 1402 aa
832 1360 877 1402 naa
887 1343 1036 1421 praefatas
1047 1359 1150 1404 carcar
1161 1342 1273 1419 rainiit,
1281 1359 1315 1417 sc,

218 1458 307 1519 die...
323 1462 481 1538 praesentis
498 1461 607 1518 mensis
624 1457 665 1518 acl
681 1459 801 1518 doniam
818 1461 851 1518 in
866 1459 1010 1520 mandato
1028 1459 1218 1538 acsiqnatana
1231 1463 1321 1518 canta

219 1573 299 1649 iisse,
317 1579 346 1634 ct
361 1573 491 1654 academ
513 1574 617 1634 donnas
634 1575 767 1652 janitori
785 1570 850 1656 (vel
867 1571 979 1635 incclae
994 1568 1190 1653 dominon.)
1203 1590 1322 1652 prasen-

220 1695 296 1750 tassc
312 1695 341 1752 ct
354 1691 510 1770 reliquisse
516 1693 669 1752 citationis
685 1690 829 1767 iibcilnna,
843 1689 902 1750 sibi
911 1693 944 1750 in
954 1693 1039 1750 caria
1053 1693 1270 1769 caresianatnni,
1282 1691 1326 1768 qai

218 1812 247 1866 ct
261 1825 291 1866 se
303 1806 437 1884 fideliter
454 1807 573 1868 dominc
594 1808 633 1870 Ν.
655 1809 903 1868 transmissarum
914 1809 1058 1885 promisit
1074 1823 1085 1866 :
1099 1807 1186 1886 cnjns
1203 1807 1327 1866 citctcrii

220 1922 316 1982 libelli
325 1926 440 2003 capiam
451 1923 529 1984 iclenn
541 1940 643 1984 aaran
656 1925 689 1982 in
700 1925 777 1984 actis
788 1925 988 2000 presentavit
1001 1940 1012 1980 :
1022 1927 1052 1982 ct
1063 1925 1232 2002 incipit...‚
1249 1926 1277 1982 at
1287 1921 1328 1982 cic·

219 2041 318 2102 rinit..
327 2085 348 2114 .,
357 2043 386 2099 ct
396 2039 479 2118 infra
493 2039 645 2120 descripta
658 2037 794 2115 habetne,
806 2040 929 2118 siqnata
940 2055 1103 2100 namara...
1114 2037 1192 2098 Acta
1201 2037 1327 2098 anctae

219 2156 324 2231 dic...‚
347 2159 512 2231 mensis...,
545 2173 665 2217 cnm...
685 2156 807 2234 -ch
833 2157 887 2232 N„
907 2155 1084 2243 matanatis
1105 2157 1199 2216 annia
1222 2171 1323 2232 aaran,

219 2261 337 2339 affirma
350 2269 385 2324 at
400 2281 503 2345 snpra.
531 2298 562 2306 -—
584 2263 647 2340 ch
666 2264 705 2325 N.
711 2307 721 2338 ,
748 2267 912 2324 acinarius.
935 2283 950 2320 a

664 2494 800 2610 CAPUT
815 2547 900 2610 XIV.

254 2817 366 2864 FORMA
388 2817 432 2864 AD
455 2817 635 2864 HABENDAM
659 2814 901 2864 DEPOSITIONEM
919 2811 1029 2867 Ttsrts
1051 2819 1110 2878 QUI
1134 2819 1168 2864 IN
1191 2816 1301 2864 Atinia

572 2935 716 2983 DIOECESI
749 2935 986 2984 COMMORATUR.

271 3202 384 3268 Posset
400 3203 547 3268 Vicarius
565 3205 726 3286 generalis
739 3205 925 3270 citationem
941 3225 1003 3288 per
1021 3207 1120 3272 curiae
1147 3225 1212 3272 suae
1231 3222 1328 3271 cursa-
1410 3183 1411 3188 ἵ

228 3338 300 3386 rem
310 3320 459 3386 intimare
471 3320 558 3397 testi,
577 3321 676 3385 etiam
689 3321 722 3386 in
737 3321 841 3387 aliena
855 3319 988 3387 dioecesi
997 3322 1166 3407 existenti3
1179 3343 1254 3390 cum
1267 3339 1327 3387 ver·

227 3434 308 3499 baiis
315 3433 473 3519 ejusmodi
485 3435 644 3502 intimatio
654 3455 718 3501 non
726 3437 767 3502 sit
776 3442 868 3500 actus
879 3434 1123 3520 jurisdictionis.
1140 3439 1325 3522 Plerumque

227 3560 337 3617 tamen
352 3553 387 3616 in
402 3553 460 3616 tali
473 3570 549 3617 casu
565 3552 747 3618 recurritur
759 3550 802 3617 ad
817 3553 941 3619 cariam
953 3554 1171 3638 episcopalem
1184 3552 1325 3622 territorii

227 3668 262 3731 in
276 3686 340 3752 quc
358 3669 522 3752 reperitur
536 3669 640 3734 testis.
663 3667 834 3734 ordinario
857 3688 975 3754 nempe
998 3668 1095 3754 hujus
1109 3671 1266 3738 territorii
1283 3670 1325 3754 ju·

228 3781 293 3848 dici
323 3783 538 3848 ecclesiastico
563 3782 784 3870 expediuntur
811 3783 949 3863 littera,
982 3805 1053 3871 quae
1081 3790 1323 3854 ranissariainra

229 3899 433 3984 pragmaticis
451 3900 561 3986 vacari
576 3900 695 3966 solent.
711 3900 917 3985 subjicienda
929 3903 980 3968 hic
993 3904 1094 3982 ¹venit,
1118 3907 1150 3968 1ο
1165 3901 1323 3972 earumlit·

229 4022 373 4080 terarum
386 4013 539 4100 formula;
557 4018 591 4080 2⁰
608 4014 711 4082 farma
724 4036 821 4102 quam
837 4020 930 4103 sequi
943 4018 1043 4094 debet
1059 4018 1164 4109 judex
1182 4014 1322 4106 ejusmodi

229 4130 355 4197 litteras
368 4131 539 4214 accipiens.
