<?xml version="1.0" encoding="UTF-8"?>
<!DOCTYPE html PUBLIC "-//W3C//DTD XHTML 1.0 Transitional//EN"
    "http://www.w3.org/TR/xhtml1/DTD/xhtml1-transitional.dtd">
<html xmlns="http://www.w3.org/1999/xhtml" xml:lang="en" lang="en">
 <head>
  <title>
</title>
<meta http-equiv="Content-Type" content="text/html;charset=utf-8" />
  <meta name='ocr-system' content='tesseract 3.04.00' />
  <meta name='ocr-capabilities' content='ocr_page ocr_carea ocr_par ocr_line ocrx_word'/>
</head>
<body>
  <div class='ocr_page' id='page_1' title='image "./tractatusdejudi01bouigoog_0433.png"; bbox 0 0 2838 5114; ppageno 0'>
   <div class='ocr_carea' id='block_1_1' title="bbox 245 369 1011 442">
    <p class='ocr_par' dir='ltr' id='par_1_1' title="bbox 245 369 1011 442">
     <span class='ocr_line' id='line_1_1' title="bbox 245 369 1011 442; baseline 0.005 -8"><span class='ocrx_word' id='word_1_1' title='bbox 245 369 307 434; x_wconf 72' lang='lat'><strong>424</strong></span> <span class='ocrx_word' id='word_1_2' title='bbox 415 385 421 394; x_wconf 71' lang='grc'><strong>“</strong></span> <span class='ocrx_word' id='word_1_3' title='bbox 588 391 775 442; x_wconf 77' lang='grc'>’1111111111</span> <span class='ocrx_word' id='word_1_4' title='bbox 798 391 1011 441; x_wconf 84' lang='grc'>1111111111.</span> 
     </span>
    </p>
   </div>
   <div class='ocr_carea' id='block_1_2' title="bbox 233 511 1362 3382">
    <p class='ocr_par' dir='ltr' id='par_1_2' title="bbox 244 511 1345 953">
     <span class='ocr_line' id='line_1_2' title="bbox 244 511 1343 602; baseline 0.005 -24"><span class='ocrx_word' id='word_1_5' title='bbox 244 511 453 579; x_wconf 91' lang='lat' dir='ltr'><strong>decernenda</strong></span> <span class='ocrx_word' id='word_1_6' title='bbox 469 521 518 580; x_wconf 91' lang='lat' dir='ltr'><strong>est</strong></span> <span class='ocrx_word' id='word_1_7' title='bbox 534 515 672 601; x_wconf 87' lang='lat' dir='ltr'><strong>ajudiee</strong></span> <span class='ocrx_word' id='word_1_8' title='bbox 693 520 865 597; x_wconf 89' lang='lat' dir='ltr'><strong>restitutio,</strong></span> <span class='ocrx_word' id='word_1_9' title='bbox 883 519 980 584; x_wconf 90' lang='lat' dir='ltr'><strong>ctiam</strong></span> <span class='ocrx_word' id='word_1_10' title='bbox 996 515 1103 602; x_wconf 80' lang='lat' dir='ltr'><strong>quoad</strong></span> <span class='ocrx_word' id='word_1_11' title='bbox 1121 521 1242 582; x_wconf 87' lang='lat' dir='ltr'><strong>torum.</strong></span> <span class='ocrx_word' id='word_1_12' title='bbox 1263 519 1343 584; x_wconf 84' lang='lat' dir='ltr'><strong>«Ra-</strong></span> 
     </span>
     <span class='ocr_line' id='line_1_3' title="bbox 247 630 1345 720; baseline 0.012 -33"><span class='ocrx_word' id='word_1_13' title='bbox 247 653 263 690; x_wconf 87' lang='grc'><strong>((</strong></span> <span class='ocrx_word' id='word_1_14' title='bbox 276 630 322 694; x_wconf 88' lang='lat' dir='ltr'><strong>tio</strong></span> <span class='ocrx_word' id='word_1_15' title='bbox 345 638 414 708; x_wconf 88' lang='lat' dir='ltr'><strong>est,</strong></span> <span class='ocrx_word' id='word_1_16' title='bbox 444 633 517 715; x_wconf 91' lang='lat' dir='ltr'><strong>quia</strong></span> <span class='ocrx_word' id='word_1_17' title='bbox 541 652 602 715; x_wconf 90' lang='lat' dir='ltr'><strong>per</strong></span> <span class='ocrx_word' id='word_1_18' title='bbox 626 636 865 701; x_wconf 83' lang='lat' dir='ltr'><strong>matrimonium</strong></span> <span class='ocrx_word' id='word_1_19' title='bbox 898 641 1156 701; x_wconf 86' lang='lat' dir='ltr'><strong>consummatum</strong></span> <span class='ocrx_word' id='word_1_20' title='bbox 1180 637 1345 720; x_wconf 86' lang='lat' dir='ltr'><strong>acquiritur</strong></span> 
     </span>
     <span class='ocr_line' id='line_1_4' title="bbox 247 747 1345 836; baseline 0.012 -32"><span class='ocrx_word' id='word_1_21' title='bbox 247 770 263 805; x_wconf 87' lang='grc'>(</span> <span class='ocrx_word' id='word_1_22' title='bbox 281 747 375 828; x_wconf 91' lang='lat' dir='ltr'><strong>plena</strong></span> <span class='ocrx_word' id='word_1_23' title='bbox 400 749 556 829; x_wconf 85' lang='lat' dir='ltr'>possessio</span> <span class='ocrx_word' id='word_1_24' title='bbox 582 747 742 834; x_wconf 85' lang='lat' dir='ltr'><strong>conjugis,</strong></span> <span class='ocrx_word' id='word_1_25' title='bbox 762 758 796 816; x_wconf 89' lang='lat' dir='ltr'><strong>et</strong></span> <span class='ocrx_word' id='word_1_26' title='bbox 819 758 1057 835; x_wconf 83' lang='lat' dir='ltr'><strong>consequenter</strong></span> <span class='ocrx_word' id='word_1_27' title='bbox 1081 750 1239 834; x_wconf 91' lang='lat' dir='ltr'><strong>spoliatus</strong></span> <span class='ocrx_word' id='word_1_28' title='bbox 1261 751 1345 836; x_wconf 84' lang='lat' dir='ltr'><strong>plene</strong></span> 
     </span>
     <span class='ocr_line' id='line_1_5' title="bbox 247 863 1277 953; baseline 0.005 -31"><span class='ocrx_word' id='word_1_29' title='bbox 247 885 262 922; x_wconf 83' lang='lat' dir='ltr'><strong>a</strong></span> <span class='ocrx_word' id='word_1_30' title='bbox 278 863 408 927; x_wconf 89' lang='lat' dir='ltr'><strong>restitui</strong></span> <span class='ocrx_word' id='word_1_31' title='bbox 423 863 534 929; x_wconf 89' lang='lat' dir='ltr'><strong>debet.</strong></span> <span class='ocrx_word' id='word_1_32' title='bbox 550 886 567 926; x_wconf 83' lang='grc'><strong>1</strong></span> <span class='ocrx_word' id='word_1_33' title='bbox 1264 939 1277 953; x_wconf 75' lang='lat'><em>,</em></span> 
     </span>
    </p>

    <p class='ocr_par' dir='ltr' id='par_1_3' title="bbox 233 976 1362 3036">
     <span class='ocr_line' id='line_1_6' title="bbox 233 976 1348 1066; baseline 0.007 -28"><span class='ocrx_word' id='word_1_34' title='bbox 233 1023 236 1032; x_wconf 89' lang='lat'>.</span> <span class='ocrx_word' id='word_1_35' title='bbox 292 1002 307 1038; x_wconf 87' lang='grc'><strong>((</strong></span> <span class='ocrx_word' id='word_1_36' title='bbox 327 976 446 1045; x_wconf 80' lang='lat' dir='ltr'><strong>Addidi</strong></span> <span class='ocrx_word' id='word_1_37' title='bbox 455 987 517 1043; x_wconf 81' lang='lat' dir='ltr'><strong>atsi</strong></span> <span class='ocrx_word' id='word_1_38' title='bbox 526 987 645 1065; x_wconf 82' lang='lat' dir='ltr'><strong>justam</strong></span> <span class='ocrx_word' id='word_1_39' title='bbox 663 1003 783 1048; x_wconf 76' lang='lat' dir='ltr'><strong>causam</strong></span> <span class='ocrx_word' id='word_1_40' title='bbox 793 1003 957 1066; x_wconf 79' lang='lat' dir='ltr'><strong>proponere</strong></span> <span class='ocrx_word' id='word_1_41' title='bbox 970 989 1079 1066; x_wconf 78' lang='lat' dir='ltr'><em>possit.</em></span> <span class='ocrx_word' id='word_1_42' title='bbox 1098 983 1182 1046; x_wconf 88' lang='lat' dir='ltr'><strong>Talis</strong></span> <span class='ocrx_word' id='word_1_43' title='bbox 1198 983 1262 1048; x_wconf 87' lang='lat' dir='ltr'><strong>erit</strong></span> <span class='ocrx_word' id='word_1_44' title='bbox 1283 987 1311 1046; x_wconf 84' lang='lat'><strong>1⁰</strong></span> <span class='ocrx_word' id='word_1_45' title='bbox 1325 983 1348 1046; x_wconf 93' lang='lat' dir='ltr'><strong>si</strong></span> 
     </span>
     <span class='ocr_line' id='line_1_7' title="bbox 246 1091 1347 1183; baseline 0.005 -29"><span class='ocrx_word' id='word_1_46' title='bbox 246 1117 261 1152; x_wconf 91' lang='lat'>«</span> <span class='ocrx_word' id='word_1_47' title='bbox 278 1091 449 1158; x_wconf 85' lang='lat' dir='ltr'><strong>discedens</strong></span> <span class='ocrx_word' id='word_1_48' title='bbox 459 1095 643 1176; x_wconf 86' lang='lat' dir='ltr'><strong>praetendat</strong></span> <span class='ocrx_word' id='word_1_49' title='bbox 656 1097 744 1161; x_wconf 92' lang='lat' dir='ltr'><strong>inter</strong></span> <span class='ocrx_word' id='word_1_50' title='bbox 758 1116 792 1162; x_wconf 91' lang='lat' dir='ltr'><strong>se</strong></span> <span class='ocrx_word' id='word_1_51' title='bbox 806 1106 840 1162; x_wconf 89' lang='lat' dir='ltr'><strong>et</strong></span> <span class='ocrx_word' id='word_1_52' title='bbox 855 1097 1024 1183; x_wconf 79' lang='lat' dir='ltr'><strong>conjugem</strong></span> <span class='ocrx_word' id='word_1_53' title='bbox 1037 1096 1245 1162; x_wconf 79' lang='lat' dir='ltr'><strong>intercedere</strong></span> <span class='ocrx_word' id='word_1_54' title='bbox 1258 1099 1347 1180; x_wconf 92' lang='lat' dir='ltr'><strong>impc-</strong></span> 
     </span>
     <span class='ocr_line' id='line_1_8' title="bbox 246 1209 1347 1311; baseline 0.008 -44"><span class='ocrx_word' id='word_1_55' title='bbox 246 1232 263 1267; x_wconf 77' lang='grc'>(</span> <span class='ocrx_word' id='word_1_56' title='bbox 276 1209 457 1275; x_wconf 90' lang='lat' dir='ltr'><strong>dimentum</strong></span> <span class='ocrx_word' id='word_1_57' title='bbox 471 1209 635 1276; x_wconf 87' lang='lat' dir='ltr'><strong>dirimens.</strong></span> <span class='ocrx_word' id='word_1_58' title='bbox 651 1213 723 1276; x_wconf 79' lang='lat' dir='ltr'><strong>2⁰Si</strong></span> <span class='ocrx_word' id='word_1_59' title='bbox 732 1222 876 1296; x_wconf 85' lang='lat' dir='ltr'><strong>opponat</strong></span> <span class='ocrx_word' id='word_1_60' title='bbox 888 1215 1113 1311; x_wconf 80' lang='lat' dir='ltr'><strong>exceptionem</strong></span> <span class='ocrx_word' id='word_1_61' title='bbox 1125 1215 1255 1278; x_wconf 83' lang='lat' dir='ltr'><strong>saevitiae</strong></span> <span class='ocrx_word' id='word_1_62' title='bbox 1266 1234 1273 1296; x_wconf 92' lang='lat'>;</span> <span class='ocrx_word' id='word_1_63' title='bbox 1284 1232 1347 1277; x_wconf 90' lang='lat' dir='ltr'><strong>nam</strong></span> 
     </span>
     <span class='ocr_line' id='line_1_9' title="bbox 246 1325 1347 1412; baseline 0.007 -29"><span class='ocrx_word' id='word_1_64' title='bbox 246 1348 262 1383; x_wconf 90' lang='grc'><strong>((</strong></span> <span class='ocrx_word' id='word_1_65' title='bbox 276 1325 308 1387; x_wconf 90' lang='lat' dir='ltr'><strong>in</strong></span> <span class='ocrx_word' id='word_1_66' title='bbox 318 1325 379 1389; x_wconf 93' lang='lat' dir='ltr'><strong>hoc</strong></span> <span class='ocrx_word' id='word_1_67' title='bbox 392 1343 468 1389; x_wconf 87' lang='lat' dir='ltr'><strong>casu</strong></span> <span class='ocrx_word' id='word_1_68' title='bbox 490 1345 554 1390; x_wconf 91' lang='lat' dir='ltr'><strong>non</strong></span> <span class='ocrx_word' id='word_1_69' title='bbox 570 1336 645 1392; x_wconf 89' lang='lat' dir='ltr'><strong>ante</strong></span> <span class='ocrx_word' id='word_1_70' title='bbox 661 1329 778 1393; x_wconf 91' lang='lat' dir='ltr'><strong>marito</strong></span> <span class='ocrx_word' id='word_1_71' title='bbox 792 1327 943 1394; x_wconf 84' lang='lat' dir='ltr'><strong>facienda</strong></span> <span class='ocrx_word' id='word_1_72' title='bbox 964 1337 1014 1394; x_wconf 90' lang='lat' dir='ltr'><strong>est</strong></span> <span class='ocrx_word' id='word_1_73' title='bbox 1028 1331 1205 1407; x_wconf 85' lang='lat' dir='ltr'><strong>restitutio,</strong></span> <span class='ocrx_word' id='word_1_74' title='bbox 1224 1347 1313 1412; x_wconf 89' lang='lat' dir='ltr'><strong>quam</strong></span> <span class='ocrx_word' id='word_1_75' title='bbox 1327 1329 1347 1392; x_wconf 93' lang='lat' dir='ltr'><strong>is</strong></span> 
     </span>
     <span class='ocr_line' id='line_1_10' title="bbox 247 1440 1347 1528; baseline 0.007 -28"><span class='ocrx_word' id='word_1_76' title='bbox 247 1464 262 1500; x_wconf 89' lang='grc'><strong>((</strong></span> <span class='ocrx_word' id='word_1_77' title='bbox 278 1440 320 1514; x_wconf 84' lang='lat' dir='ltr'><strong>de</strong></span> <span class='ocrx_word' id='word_1_78' title='bbox 336 1442 420 1506; x_wconf 88' lang='lat' dir='ltr'><strong>malo</strong></span> <span class='ocrx_word' id='word_1_79' title='bbox 433 1443 540 1527; x_wconf 89' lang='lat' dir='ltr'><strong>aliquo</strong></span> <span class='ocrx_word' id='word_1_80' title='bbox 554 1446 649 1509; x_wconf 81' lang='lat' dir='ltr'><strong>uxori</strong></span> <span class='ocrx_word' id='word_1_81' title='bbox 662 1463 725 1509; x_wconf 93' lang='lat' dir='ltr'><strong>non</strong></span> <span class='ocrx_word' id='word_1_82' title='bbox 743 1445 932 1523; x_wconf 82' lang='lat' dir='ltr'><strong>inserendo,</strong></span> <span class='ocrx_word' id='word_1_83' title='bbox 952 1465 1012 1528; x_wconf 92' lang='lat' dir='ltr'><strong>per</strong></span> <span class='ocrx_word' id='word_1_84' title='bbox 1030 1447 1184 1528; x_wconf 85' lang='lat' dir='ltr'><strong>pignora,</strong></span> <span class='ocrx_word' id='word_1_85' title='bbox 1205 1453 1262 1509; x_wconf 93' lang='lat' dir='ltr'><strong>aut</strong></span> <span class='ocrx_word' id='word_1_86' title='bbox 1277 1442 1347 1508; x_wconf 92' lang='lat' dir='ltr'><strong>fide-</strong></span> 
     </span>
     <span class='ocr_line' id='line_1_11' title="bbox 247 1558 1347 1644; baseline 0.006 -28"><span class='ocrx_word' id='word_1_87' title='bbox 247 1581 263 1617; x_wconf 86' lang='lat'>«</span> <span class='ocrx_word' id='word_1_88' title='bbox 280 1558 474 1642; x_wconf 75' lang='lat' dir='ltr'><strong>Jussionem,</strong></span> <span class='ocrx_word' id='word_1_89' title='bbox 492 1560 545 1623; x_wconf 88' lang='lat' dir='ltr'><strong>vel</strong></span> <span class='ocrx_word' id='word_1_90' title='bbox 555 1559 796 1644; x_wconf 89' lang='lat' dir='ltr'><strong>juramentum,</strong></span> <span class='ocrx_word' id='word_1_91' title='bbox 819 1563 1002 1627; x_wconf 68' lang='lat' dir='ltr'><strong>coertionem</strong></span> <span class='ocrx_word' id='word_1_92' title='bbox 1018 1561 1219 1644; x_wconf 83' lang='lat' dir='ltr'><strong>praestiterit.</strong></span> <span class='ocrx_word' id='word_1_93' title='bbox 1238 1561 1268 1624; x_wconf 88' lang='lat' dir='ltr'><strong>Si</strong></span> <span class='ocrx_word' id='word_1_94' title='bbox 1282 1579 1347 1626; x_wconf 85' lang='grc'>1111</span> 
     </span>
     <span class='ocr_line' id='line_1_12' title="bbox 247 1673 1344 1760; baseline 0.004 -24"><span class='ocrx_word' id='word_1_95' title='bbox 247 1698 262 1734; x_wconf 80' lang='lat' dir='ltr'><strong>a</strong></span> <span class='ocrx_word' id='word_1_96' title='bbox 278 1694 361 1739; x_wconf 81' lang='lat' dir='ltr'><strong>uxor</strong></span> <span class='ocrx_word' id='word_1_97' title='bbox 377 1673 483 1739; x_wconf 89' lang='lat' dir='ltr'><strong>adbuc</strong></span> <span class='ocrx_word' id='word_1_98' title='bbox 496 1675 620 1741; x_wconf 89' lang='lat' dir='ltr'><strong>diffidat</strong></span> <span class='ocrx_word' id='word_1_99' title='bbox 636 1677 707 1741; x_wconf 88' lang='lat' dir='ltr'><strong>viro</strong></span> <span class='ocrx_word' id='word_1_100' title='bbox 722 1677 764 1741; x_wconf 92' lang='lat' dir='ltr'><strong>ob</strong></span> <span class='ocrx_word' id='word_1_101' title='bbox 781 1677 921 1760; x_wconf 86' lang='lat' dir='ltr'><strong>capitale</strong></span> <span class='ocrx_word' id='word_1_102' title='bbox 932 1677 1053 1758; x_wconf 86' lang='lat' dir='ltr'><strong>odium,</strong></span> <span class='ocrx_word' id='word_1_103' title='bbox 1070 1696 1135 1760; x_wconf 87' lang='lat' dir='ltr'><strong>quo</strong></span> <span class='ocrx_word' id='word_1_104' title='bbox 1147 1679 1181 1741; x_wconf 92' lang='lat' dir='ltr'><strong>in</strong></span> <span class='ocrx_word' id='word_1_105' title='bbox 1193 1695 1229 1742; x_wconf 92' lang='lat' dir='ltr'><strong>se</strong></span> <span class='ocrx_word' id='word_1_106' title='bbox 1242 1676 1344 1749; x_wconf 83' lang='lat' dir='ltr'><strong>fertur,</strong></span> 
     </span>
     <span class='ocr_line' id='line_1_13' title="bbox 248 1789 1346 1875; baseline 0.007 -27"><span class='ocrx_word' id='word_1_107' title='bbox 248 1813 264 1849; x_wconf 91' lang='grc'>«</span> <span class='ocrx_word' id='word_1_108' title='bbox 281 1789 370 1872; x_wconf 93' lang='lat' dir='ltr'><strong>apud</strong></span> <span class='ocrx_word' id='word_1_109' title='bbox 385 1796 546 1872; x_wconf 91' lang='lat' dir='ltr'><strong>parentes,</strong></span> <span class='ocrx_word' id='word_1_110' title='bbox 561 1798 714 1875; x_wconf 83' lang='lat' dir='ltr'><strong>cognatos</strong></span> <span class='ocrx_word' id='word_1_111' title='bbox 728 1794 827 1856; x_wconf 92' lang='lat' dir='ltr'><strong>autin</strong></span> <span class='ocrx_word' id='word_1_112' title='bbox 844 1793 906 1857; x_wconf 92' lang='lat' dir='ltr'><strong>alio</strong></span> <span class='ocrx_word' id='word_1_113' title='bbox 922 1800 994 1857; x_wconf 89' lang='lat' dir='ltr'><strong>tuto</strong></span> <span class='ocrx_word' id='word_1_114' title='bbox 1012 1793 1086 1858; x_wconf 92' lang='lat' dir='ltr'><strong>loco</strong></span> <span class='ocrx_word' id='word_1_115' title='bbox 1103 1793 1255 1858; x_wconf 87' lang='lat' dir='ltr'><strong>collocari</strong></span> <span class='ocrx_word' id='word_1_116' title='bbox 1269 1799 1346 1875; x_wconf 91' lang='lat' dir='ltr'><strong>pote·</strong></span> 
     </span>
     <span class='ocr_line' id='line_1_14' title="bbox 249 1906 1346 1986; baseline 0.005 -21"><span class='ocrx_word' id='word_1_117' title='bbox 249 1929 265 1966; x_wconf 90' lang='lat'>«</span> <span class='ocrx_word' id='word_1_118' title='bbox 283 1907 336 1985; x_wconf 91' lang='lat' dir='ltr'><strong>rit,</strong></span> <span class='ocrx_word' id='word_1_119' title='bbox 358 1906 436 1972; x_wconf 91' lang='lat' dir='ltr'><strong>dam</strong></span> <span class='ocrx_word' id='word_1_120' title='bbox 449 1926 544 1972; x_wconf 91' lang='lat' dir='ltr'><strong>causa</strong></span> <span class='ocrx_word' id='word_1_121' title='bbox 559 1907 722 1974; x_wconf 87' lang='lat' dir='ltr'><strong>videatur.</strong></span> <span class='ocrx_word' id='word_1_122' title='bbox 739 1909 813 1972; x_wconf 87' lang='lat' dir='ltr'><strong>Visa</strong></span> <span class='ocrx_word' id='word_1_123' title='bbox 828 1915 861 1974; x_wconf 91' lang='lat' dir='ltr'><strong>et</strong></span> <span class='ocrx_word' id='word_1_124' title='bbox 880 1909 1022 1974; x_wconf 89' lang='lat' dir='ltr'><strong>discussa</strong></span> <span class='ocrx_word' id='word_1_125' title='bbox 1037 1927 1144 1986; x_wconf 89' lang='lat' dir='ltr'><strong>consa,</strong></span> <span class='ocrx_word' id='word_1_126' title='bbox 1165 1910 1191 1973; x_wconf 91' lang='lat' dir='ltr'><strong>si</strong></span> <span class='ocrx_word' id='word_1_127' title='bbox 1204 1915 1274 1973; x_wconf 91' lang='lat' dir='ltr'><strong>tute</strong></span> <span class='ocrx_word' id='word_1_128' title='bbox 1289 1927 1346 1972; x_wconf 90' lang='lat' dir='ltr'><strong>mu-</strong></span> 
     </span>
     <span class='ocr_line' id='line_1_15' title="bbox 250 2005 1362 2107; baseline 0 -23"><span class='ocrx_word' id='word_1_129' title='bbox 250 2022 344 2086; x_wconf 83' lang='lat' dir='ltr'><strong>«lier</strong></span> <span class='ocrx_word' id='word_1_130' title='bbox 363 2022 549 2087; x_wconf 78' lang='lat' dir='ltr'><strong>cohabitare</strong></span> <span class='ocrx_word' id='word_1_131' title='bbox 575 2024 691 2088; x_wconf 91' lang='lat' dir='ltr'><strong>marito</strong></span> <span class='ocrx_word' id='word_1_132' title='bbox 714 2031 864 2107; x_wconf 86' lang='lat' dir='ltr'><strong>nequeat,</strong></span> <span class='ocrx_word' id='word_1_133' title='bbox 891 2024 933 2088; x_wconf 92' lang='lat' dir='ltr'><strong>ad</strong></span> <span class='ocrx_word' id='word_1_134' title='bbox 952 2025 1145 2090; x_wconf 91' lang='lat' dir='ltr'><strong>sententiam</strong></span> <span class='ocrx_word' id='word_1_135' title='bbox 1164 2024 1293 2089; x_wconf 88' lang='lat' dir='ltr'><strong>divortii</strong></span> <span class='ocrx_word' id='word_1_136' title='bbox 1306 2005 1362 2086; x_wconf 58' lang='lat' dir='ltr'><strong>est&#39;</strong></span> 
     </span>
     <span class='ocr_line' id='line_1_16' title="bbox 250 2137 1343 2225; baseline 0.005 -29"><span class='ocrx_word' id='word_1_137' title='bbox 250 2137 538 2220; x_wconf 86' lang='lat' dir='ltr'><strong>«procedendum,</strong></span> <span class='ocrx_word' id='word_1_138' title='bbox 557 2145 594 2203; x_wconf 90' lang='lat' dir='ltr'><strong>ut</strong></span> <span class='ocrx_word' id='word_1_139' title='bbox 612 2139 774 2222; x_wconf 77' lang='lat' dir='ltr'><strong>colligitur</strong></span> <span class='ocrx_word' id='word_1_140' title='bbox 789 2159 830 2203; x_wconf 83' lang='grc'><strong>11</strong></span> <span class='ocrx_word' id='word_1_141' title='bbox 853 2140 959 2221; x_wconf 88' lang='lat' dir='ltr'><strong>capite</strong></span> <span class='ocrx_word' id='word_1_142' title='bbox 978 2144 1111 2204; x_wconf 81' lang='lat' dir='ltr'><strong>Litteras</strong></span> <span class='ocrx_word' id='word_1_143' title='bbox 1138 2140 1204 2225; x_wconf 84' lang='lat'><strong>(13,</strong></span> <span class='ocrx_word' id='word_1_144' title='bbox 1229 2142 1278 2205; x_wconf 88' lang='lat' dir='ltr'><strong>tit.</strong></span> <span class='ocrx_word' id='word_1_145' title='bbox 1304 2141 1343 2212; x_wconf 84' lang='grc'><strong>13,</strong></span> 
     </span>
     <span class='ocr_line' id='line_1_17' title="bbox 250 2251 1348 2339; baseline 0.002 -25"><span class='ocrx_word' id='word_1_146' title='bbox 250 2253 358 2318; x_wconf 81' lang='lat' dir='ltr'><strong>«libri</strong></span> <span class='ocrx_word' id='word_1_147' title='bbox 381 2257 400 2317; x_wconf 75' lang='lat'><strong>2</strong></span> <span class='ocrx_word' id='word_1_148' title='bbox 420 2253 573 2338; x_wconf 83' lang='lat' dir='ltr'><strong>decret).</strong></span> <span class='ocrx_word' id='word_1_149' title='bbox 593 2258 627 2318; x_wconf 87' lang='lat'><strong>3⁰</strong></span> <span class='ocrx_word' id='word_1_150' title='bbox 643 2255 673 2317; x_wconf 92' lang='lat' dir='ltr'><strong>Si</strong></span> <span class='ocrx_word' id='word_1_151' title='bbox 692 2274 807 2319; x_wconf 80' lang='lat' dir='ltr'><strong>uxora</strong></span> <span class='ocrx_word' id='word_1_152' title='bbox 826 2257 942 2320; x_wconf 90' lang='lat' dir='ltr'><strong>marito</strong></span> <span class='ocrx_word' id='word_1_153' title='bbox 964 2255 1100 2319; x_wconf 90' lang='lat' dir='ltr'><strong>divertit</strong></span> <span class='ocrx_word' id='word_1_154' title='bbox 1116 2261 1254 2339; x_wconf 90' lang='lat' dir='ltr'><strong>propter</strong></span> <span class='ocrx_word' id='word_1_155' title='bbox 1274 2251 1348 2318; x_wconf 89' lang='lat' dir='ltr'><strong>aliud</strong></span> 
     </span>
     <span class='ocr_line' id='line_1_18' title="bbox 252 2367 1348 2454; baseline 0.002 -25"><span class='ocrx_word' id='word_1_156' title='bbox 252 2390 267 2429; x_wconf 81' lang='lat' dir='ltr'><strong>a</strong></span> <span class='ocrx_word' id='word_1_157' title='bbox 282 2388 381 2452; x_wconf 79' lang='lat' dir='ltr'><strong>grave</strong></span> <span class='ocrx_word' id='word_1_158' title='bbox 394 2371 537 2452; x_wconf 91' lang='lat' dir='ltr'><strong>corporis</strong></span> <span class='ocrx_word' id='word_1_159' title='bbox 554 2370 607 2435; x_wconf 86' lang='lat' dir='ltr'><strong>rel</strong></span> <span class='ocrx_word' id='word_1_160' title='bbox 626 2369 738 2436; x_wconf 85' lang='lat' dir='ltr'><strong>animae</strong></span> <span class='ocrx_word' id='word_1_161' title='bbox 759 2371 952 2452; x_wconf 88' lang='lat' dir='ltr'><strong>periculum,</strong></span> <span class='ocrx_word' id='word_1_162' title='bbox 967 2370 1062 2434; x_wconf 88' lang='lat' dir='ltr'><strong>verbi</strong></span> <span class='ocrx_word' id='word_1_163' title='bbox 1073 2371 1190 2452; x_wconf 81' lang='lat' dir='ltr'><strong>gratia,</strong></span> <span class='ocrx_word' id='word_1_164' title='bbox 1213 2367 1298 2454; x_wconf 90' lang='lat' dir='ltr'><strong>quod</strong></span> <span class='ocrx_word' id='word_1_165' title='bbox 1310 2369 1348 2431; x_wconf 86' lang='grc'><strong>111</strong></span> 
     </span>
     <span class='ocr_line' id='line_1_19' title="bbox 252 2485 1347 2568; baseline 0.004 -24"><span class='ocrx_word' id='word_1_166' title='bbox 252 2509 268 2546; x_wconf 81' lang='lat' dir='ltr'><strong>a</strong></span> <span class='ocrx_word' id='word_1_167' title='bbox 282 2486 385 2568; x_wconf 90' lang='lat' dir='ltr'><strong>ipsam</strong></span> <span class='ocrx_word' id='word_1_168' title='bbox 403 2485 536 2551; x_wconf 89' lang='lat' dir='ltr'><strong>inducat</strong></span> <span class='ocrx_word' id='word_1_169' title='bbox 554 2485 596 2550; x_wconf 92' lang='lat' dir='ltr'><strong>ad</strong></span> <span class='ocrx_word' id='word_1_170' title='bbox 610 2485 837 2564; x_wconf 89' lang='lat' dir='ltr'><strong>idololatriam,</strong></span> <span class='ocrx_word' id='word_1_171' title='bbox 851 2487 1008 2564; x_wconf 83' lang='lat' dir='ltr'><strong>haeresim,</strong></span> <span class='ocrx_word' id='word_1_172' title='bbox 1022 2489 1072 2552; x_wconf 92' lang='lat' dir='ltr'><strong>sui</strong></span> <span class='ocrx_word' id='word_1_173' title='bbox 1088 2488 1347 2568; x_wconf 90' lang='lat' dir='ltr'><strong>prostitutionem,</strong></span> 
     </span>
     <span class='ocr_line' id='line_1_20' title="bbox 253 2601 1348 2687; baseline 0.002 -27"><span class='ocrx_word' id='word_1_174' title='bbox 253 2625 269 2662; x_wconf 80' lang='lat' dir='ltr'><strong>a</strong></span> <span class='ocrx_word' id='word_1_175' title='bbox 287 2603 340 2666; x_wconf 88' lang='lat' dir='ltr'><strong>vel</strong></span> <span class='ocrx_word' id='word_1_176' title='bbox 359 2601 447 2668; x_wconf 89' lang='lat' dir='ltr'><strong>aliud</strong></span> <span class='ocrx_word' id='word_1_177' title='bbox 462 2601 631 2686; x_wconf 85' lang='lat' dir='ltr'><strong>flagitium,</strong></span> <span class='ocrx_word' id='word_1_178' title='bbox 654 2601 743 2687; x_wconf 93' lang='lat' dir='ltr'><strong>quod</strong></span> <span class='ocrx_word' id='word_1_179' title='bbox 766 2604 828 2667; x_wconf 94' lang='lat' dir='ltr'><strong>alia</strong></span> <span class='ocrx_word' id='word_1_180' title='bbox 854 2605 905 2668; x_wconf 89' lang='lat' dir='ltr'><strong>via</strong></span> <span class='ocrx_word' id='word_1_181' title='bbox 925 2604 1030 2667; x_wconf 86' lang='lat' dir='ltr'><strong>averti</strong></span> <span class='ocrx_word' id='word_1_182' title='bbox 1052 2602 1147 2667; x_wconf 89' lang='lat' dir='ltr'><strong>lacile</strong></span> <span class='ocrx_word' id='word_1_183' title='bbox 1167 2621 1233 2666; x_wconf 93' lang='lat' dir='ltr'><strong>non</strong></span> <span class='ocrx_word' id='word_1_184' title='bbox 1252 2601 1348 2685; x_wconf 88' lang='lat' dir='ltr'><strong>possit.</strong></span> 
     </span>
     <span class='ocr_line' id='line_1_21' title="bbox 254 2691 1351 2802; baseline 0.002 -25"><span class='ocrx_word' id='word_1_185' title='bbox 254 2742 269 2778; x_wconf 73' lang='grc' dir='ltr'><strong>(ι</strong></span> <span class='ocrx_word' id='word_1_186' title='bbox 287 2719 355 2782; x_wconf 91' lang='lat' dir='ltr'><strong>Hoc</strong></span> <span class='ocrx_word' id='word_1_187' title='bbox 381 2719 466 2782; x_wconf 91' lang='lat' dir='ltr'><strong>enim</strong></span> <span class='ocrx_word' id='word_1_188' title='bbox 486 2737 563 2784; x_wconf 92' lang='lat' dir='ltr'><strong>casu</strong></span> <span class='ocrx_word' id='word_1_189' title='bbox 585 2720 720 2783; x_wconf 89' lang='lat' dir='ltr'><strong>maritus</strong></span> <span class='ocrx_word' id='word_1_190' title='bbox 746 2691 978 2801; x_wconf 72' lang='lat' dir='ltr'><strong>possessorium</strong></span> <span class='ocrx_word' id='word_1_191' title='bbox 1001 2717 1239 2802; x_wconf 86' lang='lat' dir='ltr'><strong>recuperandae</strong></span> <span class='ocrx_word' id='word_1_192' title='bbox 1262 2719 1351 2782; x_wconf 89' lang='lat' dir='ltr'><strong>inten-</strong></span> 
     </span>
     <span class='ocr_line' id='line_1_22' title="bbox 255 2833 1350 2920; baseline 0.004 -27"><span class='ocrx_word' id='word_1_193' title='bbox 255 2841 366 2910; x_wconf 86' lang='lat' dir='ltr'><strong>«tans,</strong></span> <span class='ocrx_word' id='word_1_194' title='bbox 381 2853 445 2899; x_wconf 93' lang='lat' dir='ltr'><strong>non</strong></span> <span class='ocrx_word' id='word_1_195' title='bbox 460 2833 621 2912; x_wconf 91' lang='lat' dir='ltr'><strong>audietur,</strong></span> <span class='ocrx_word' id='word_1_196' title='bbox 637 2842 810 2919; x_wconf 86' lang='lat' dir='ltr'><strong>antequam</strong></span> <span class='ocrx_word' id='word_1_197' title='bbox 821 2833 1006 2920; x_wconf 85' lang='lat' dir='ltr'><strong>hujusmodi</strong></span> <span class='ocrx_word' id='word_1_198' title='bbox 1019 2834 1204 2916; x_wconf 89' lang='lat' dir='ltr'><strong>periculum</strong></span> <span class='ocrx_word' id='word_1_199' title='bbox 1219 2841 1350 2900; x_wconf 83' lang='grc'>1111111</span> 
     </span>
     <span class='ocr_line' id='line_1_23' title="bbox 255 2947 1166 3036; baseline 0 -22"><span class='ocrx_word' id='word_1_200' title='bbox 255 2949 565 3036; x_wconf 82' lang='lat' dir='ltr'><strong>(Schmalzgrueber,</strong></span> <span class='ocrx_word' id='word_1_201' title='bbox 579 2952 611 3014; x_wconf 90' lang='lat' dir='ltr'><strong>in</strong></span> <span class='ocrx_word' id='word_1_202' title='bbox 623 2952 674 3015; x_wconf 90' lang='lat' dir='ltr'><strong>tit.</strong></span> <span class='ocrx_word' id='word_1_203' title='bbox 694 2955 745 3029; x_wconf 88' lang='grc'><strong>13,</strong></span> <span class='ocrx_word' id='word_1_204' title='bbox 761 2951 837 3017; x_wconf 93' lang='lat' dir='ltr'><strong>libri</strong></span> <span class='ocrx_word' id='word_1_205' title='bbox 854 2955 873 3015; x_wconf 75' lang='lat'><strong>2</strong></span> <span class='ocrx_word' id='word_1_206' title='bbox 889 2950 1029 3026; x_wconf 83' lang='lat' dir='ltr'><strong>decret,</strong></span> <span class='ocrx_word' id='word_1_207' title='bbox 1045 2971 1077 3013; x_wconf 89' lang='lat' dir='ltr'><strong>n.</strong></span> <span class='ocrx_word' id='word_1_208' title='bbox 1095 2947 1166 3033; x_wconf 87' lang='grc'>61.)</span> 
     </span>
    </p>

    <p class='ocr_par' dir='ltr' id='par_1_4' title="bbox 253 3068 1353 3382">
     <span class='ocr_line' id='line_1_24' title="bbox 296 3068 1353 3150; baseline -0.004 -18"><span class='ocrx_word' id='word_1_209' title='bbox 296 3068 504 3148; x_wconf 65' lang='grc'>(1111111051.</span> <span class='ocrx_word' id='word_1_210' title='bbox 524 3105 569 3116; x_wconf 93' lang='lat'><strong>—-</strong></span> <span class='ocrx_word' id='word_1_211' title='bbox 585 3071 666 3148; x_wconf 74' lang='lat' dir='ltr'><strong>Quid</strong></span> <span class='ocrx_word' id='word_1_212' title='bbox 680 3072 839 3149; x_wconf 72' lang='lat' dir='ltr'><strong>openetrum,</strong></span> <span class='ocrx_word' id='word_1_213' title='bbox 855 3071 985 3150; x_wconf 79' lang='lat' dir='ltr'><strong>quoodo,</strong></span> <span class='ocrx_word' id='word_1_214' title='bbox 1002 3074 1069 3130; x_wconf 87' lang='lat' dir='ltr'><strong>rato</strong></span> <span class='ocrx_word' id='word_1_215' title='bbox 1084 3070 1137 3130; x_wconf 82' lang='lat' dir='ltr'><strong>sed</strong></span> <span class='ocrx_word' id='word_1_216' title='bbox 1154 3071 1287 3130; x_wconf 80' lang='grc'>11111111</span> <span class='ocrx_word' id='word_1_217' title='bbox 1302 3086 1353 3128; x_wconf 78' lang='lat' dir='ltr'><strong>coo</strong></span> 
     </span>
     <span class='ocr_line' id='line_1_25' title="bbox 253 3183 1353 3265; baseline -0.002 -21"><span class='ocrx_word' id='word_1_218' title='bbox 253 3191 399 3245; x_wconf 81' lang='lat' dir='ltr'><strong>summoto</strong></span> <span class='ocrx_word' id='word_1_219' title='bbox 411 3188 613 3262; x_wconf 78' lang='lat' dir='ltr'><strong>matrimoorb,</strong></span> <span class='ocrx_word' id='word_1_220' title='bbox 632 3188 741 3265; x_wconf 74' lang='lat' dir='ltr'><strong>conjum</strong></span> <span class='ocrx_word' id='word_1_221' title='bbox 760 3187 912 3248; x_wconf 81' lang='lat' dir='ltr'><strong>discedens</strong></span> <span class='ocrx_word' id='word_1_222' title='bbox 924 3185 1087 3265; x_wconf 76' lang='lat' dir='ltr'><strong>pretendit</strong></span> <span class='ocrx_word' id='word_1_223' title='bbox 1100 3188 1235 3246; x_wconf 77' lang='lat' dir='ltr'><strong>earistere</strong></span> <span class='ocrx_word' id='word_1_224' title='bbox 1249 3183 1353 3264; x_wconf 84' lang='lat' dir='ltr'><strong>impedi·</strong></span> 
     </span>
     <span class='ocr_line' id='line_1_26' title="bbox 253 3301 1353 3382; baseline -0.002 -20"><span class='ocrx_word' id='word_1_225' title='bbox 253 3307 384 3364; x_wconf 78' lang='grc'>1111111111</span> <span class='ocrx_word' id='word_1_226' title='bbox 397 3303 553 3379; x_wconf 73' lang='lat' dir='ltr'><strong>dirimens,</strong></span> <span class='ocrx_word' id='word_1_227' title='bbox 573 3307 602 3362; x_wconf 80' lang='lat' dir='ltr'><strong>er</strong></span> <span class='ocrx_word' id='word_1_228' title='bbox 616 3303 694 3362; x_wconf 83' lang='lat' dir='ltr'><strong>ulter</strong></span> <span class='ocrx_word' id='word_1_229' title='bbox 705 3307 784 3382; x_wconf 82' lang='lat' dir='ltr'><strong>petit</strong></span> <span class='ocrx_word' id='word_1_230' title='bbox 797 3321 828 3363; x_wconf 87' lang='lat' dir='ltr'><strong>se</strong></span> <span class='ocrx_word' id='word_1_231' title='bbox 844 3307 965 3364; x_wconf 79' lang='lat' dir='ltr'><strong>restitut</strong></span> <span class='ocrx_word' id='word_1_232' title='bbox 979 3305 1012 3362; x_wconf 82' lang='lat' dir='ltr'><strong>in</strong></span> <span class='ocrx_word' id='word_1_233' title='bbox 1016 3306 1203 3380; x_wconf 78' lang='lat' dir='ltr'><strong>possessione</strong></span> <span class='ocrx_word' id='word_1_234' title='bbox 1214 3301 1353 3382; x_wconf 76' lang='lat' dir='ltr'><strong>conjupis?</strong></span> 
     </span>
    </p>
   </div>
   <div class='ocr_carea' id='block_1_3' title="bbox 162 3413 1354 3498">
    <p class='ocr_par' dir='ltr' id='par_1_5' title="bbox 162 3413 1354 3498">
     <span class='ocr_line' id='line_1_27' title="bbox 162 3413 1354 3498; baseline 0.003 -23"><span class='ocrx_word' id='word_1_235' title='bbox 162 3413 164 3417; x_wconf 78' lang='grc'><strong>’</strong></span> <span class='ocrx_word' id='word_1_236' title='bbox 209 3423 211 3429; x_wconf 71' lang='grc'><em>“</em></span> <span class='ocrx_word' id='word_1_237' title='bbox 252 3452 298 3461; x_wconf 95' lang='grc'>-</span> <span class='ocrx_word' id='word_1_238' title='bbox 311 3416 545 3497; x_wconf 75' lang='lat' dir='ltr'><strong>SupponamuS,</strong></span> <span class='ocrx_word' id='word_1_239' title='bbox 566 3414 660 3479; x_wconf 89' lang='lat' dir='ltr'><strong>verbi</strong></span> <span class='ocrx_word' id='word_1_240' title='bbox 676 3417 790 3498; x_wconf 83' lang='lat' dir='ltr'><strong>gratia,</strong></span> <span class='ocrx_word' id='word_1_241' title='bbox 809 3418 976 3482; x_wconf 89' lang='lat' dir='ltr'><strong>Bertama</strong></span> <span class='ocrx_word' id='word_1_242' title='bbox 998 3417 1115 3480; x_wconf 91' lang='lat' dir='ltr'><strong>marito</strong></span> <span class='ocrx_word' id='word_1_243' title='bbox 1136 3433 1197 3479; x_wconf 90' lang='lat' dir='ltr'><strong>suo</strong></span> <span class='ocrx_word' id='word_1_244' title='bbox 1217 3417 1295 3480; x_wconf 85' lang='lat' dir='ltr'><strong>Titio</strong></span> <span class='ocrx_word' id='word_1_245' title='bbox 1313 3431 1354 3478; x_wconf 88' lang='lat' dir='ltr'><strong>re·</strong></span> 
     </span>
    </p>
   </div>
   <div class='ocr_carea' id='block_1_4' title="bbox 234 3528 1354 4546">
    <p class='ocr_par' dir='ltr' id='par_1_6' title="bbox 234 3528 1354 4410">
     <span class='ocr_line' id='line_1_28' title="bbox 254 3528 1354 3614; baseline -0.003 -19"><span class='ocrx_word' id='word_1_246' title='bbox 254 3533 396 3608; x_wconf 89' lang='lat' dir='ltr'><strong>cessisse,</strong></span> <span class='ocrx_word' id='word_1_247' title='bbox 425 3530 660 3614; x_wconf 71' lang='lat' dir='ltr'><strong>praetendendo</strong></span> <span class='ocrx_word' id='word_1_248' title='bbox 681 3533 878 3596; x_wconf 90' lang='lat' dir='ltr'><strong>matrimonii</strong></span> <span class='ocrx_word' id='word_1_249' title='bbox 894 3533 965 3608; x_wconf 91' lang='lat' dir='ltr'><strong>rati,</strong></span> <span class='ocrx_word' id='word_1_250' title='bbox 988 3531 1131 3596; x_wconf 91' lang='lat' dir='ltr'><strong>sednon</strong></span> <span class='ocrx_word' id='word_1_251' title='bbox 1158 3528 1354 3596; x_wconf 86' lang='lat' dir='ltr'><strong>consummati</strong></span> 
     </span>
     <span class='ocr_line' id='line_1_29' title="bbox 254 3645 1353 3732; baseline -0.002 -22"><span class='ocrx_word' id='word_1_252' title='bbox 254 3647 492 3713; x_wconf 75' lang='lat' dir='ltr'><strong>nullitatem‘ex</strong></span> <span class='ocrx_word' id='word_1_253' title='bbox 507 3647 739 3732; x_wconf 89' lang='lat' dir='ltr'><strong>impedimento</strong></span> <span class='ocrx_word' id='word_1_254' title='bbox 753 3647 924 3712; x_wconf 90' lang='lat' dir='ltr'><strong>dirimente</strong></span> <span class='ocrx_word' id='word_1_255' title='bbox 940 3669 947 3711; x_wconf 92' lang='lat'>:</span> <span class='ocrx_word' id='word_1_256' title='bbox 962 3647 1081 3711; x_wconf 86' lang='lat' dir='ltr'><strong>Titium</strong></span> <span class='ocrx_word' id='word_1_257' title='bbox 1104 3666 1185 3712; x_wconf 80' lang='lat' dir='ltr'><strong>vero</strong></span> <span class='ocrx_word' id='word_1_258' title='bbox 1210 3645 1297 3732; x_wconf 91' lang='lat' dir='ltr'><strong>apud</strong></span> <span class='ocrx_word' id='word_1_259' title='bbox 1311 3663 1353 3708; x_wconf 90' lang='lat' dir='ltr'><strong>cu·</strong></span> 
     </span>
     <span class='ocr_line' id='line_1_30' title="bbox 254 3759 1352 3849; baseline -0.006 -21"><span class='ocrx_word' id='word_1_260' title='bbox 254 3767 334 3828; x_wconf 92' lang='lat' dir='ltr'><strong>riam</strong></span> <span class='ocrx_word' id='word_1_261' title='bbox 361 3765 575 3849; x_wconf 88' lang='lat' dir='ltr'><strong>episcopalem</strong></span> <span class='ocrx_word' id='word_1_262' title='bbox 602 3766 764 3828; x_wconf 90' lang='lat' dir='ltr'><strong>actionem</strong></span> <span class='ocrx_word' id='word_1_263' title='bbox 799 3767 960 3829; x_wconf 91' lang='lat' dir='ltr'><strong>intentare</strong></span> <span class='ocrx_word' id='word_1_264' title='bbox 995 3763 1197 3846; x_wconf 88' lang='lat' dir='ltr'><strong>possessorii,</strong></span> <span class='ocrx_word' id='word_1_265' title='bbox 1227 3759 1352 3846; x_wconf 89' lang='lat' dir='ltr'><strong>petendo</strong></span> 
     </span>
     <span class='ocr_line' id='line_1_31' title="bbox 253 3880 1349 3965; baseline -0.006 -21"><span class='ocrx_word' id='word_1_266' title='bbox 253 3899 371 3964; x_wconf 91' lang='lat' dir='ltr'><strong>nempe</strong></span> <span class='ocrx_word' id='word_1_267' title='bbox 390 3890 428 3945; x_wconf 93' lang='lat' dir='ltr'><strong>ut</strong></span> <span class='ocrx_word' id='word_1_268' title='bbox 443 3900 503 3964; x_wconf 92' lang='lat' dir='ltr'><strong>per</strong></span> <span class='ocrx_word' id='word_1_269' title='bbox 516 3882 709 3946; x_wconf 90' lang='lat' dir='ltr'><strong>sententiam</strong></span> <span class='ocrx_word' id='word_1_270' title='bbox 725 3880 844 3965; x_wconf 88' lang='lat' dir='ltr'><strong>judicis</strong></span> <span class='ocrx_word' id='word_1_271' title='bbox 856 3881 1068 3945; x_wconf 90' lang='lat' dir='ltr'><strong>ecclesiastici</strong></span> <span class='ocrx_word' id='word_1_272' title='bbox 1081 3880 1279 3944; x_wconf 91' lang='lat' dir='ltr'><strong>restituatur</strong></span> <span class='ocrx_word' id='word_1_273' title='bbox 1291 3883 1349 3942; x_wconf 89' lang='lat' dir='ltr'><strong>ante</strong></span> 
     </span>
     <span class='ocr_line' id='line_1_32' title="bbox 255 3993 1347 4079; baseline -0.008 -17"><span class='ocrx_word' id='word_1_274' title='bbox 255 3998 360 4062; x_wconf 91' lang='lat' dir='ltr'><strong>omnia</strong></span> <span class='ocrx_word' id='word_1_275' title='bbox 374 3999 406 4061; x_wconf 93' lang='lat' dir='ltr'><strong>in</strong></span> <span class='ocrx_word' id='word_1_276' title='bbox 417 3999 618 4079; x_wconf 90' lang='lat' dir='ltr'><strong>possessione</strong></span> <span class='ocrx_word' id='word_1_277' title='bbox 634 3997 743 4063; x_wconf 79' lang='lat' dir='ltr'><strong>uxoris</strong></span> <span class='ocrx_word' id='word_1_278' title='bbox 759 4015 835 4060; x_wconf 82' lang='lat' dir='ltr'><strong>suae.</strong></span> <span class='ocrx_word' id='word_1_279' title='bbox 862 3997 1000 4060; x_wconf 77' lang='lat' dir='ltr'><strong>Antunc</strong></span> <span class='ocrx_word' id='word_1_280' title='bbox 1014 3994 1116 4079; x_wconf 85' lang='lat' dir='ltr'><strong>judex</strong></span> <span class='ocrx_word' id='word_1_281' title='bbox 1132 3993 1347 4071; x_wconf 86' lang='lat' dir='ltr'><strong>ecclesiasticus</strong></span> 
     </span>
     <span class='ocr_line' id='line_1_33' title="bbox 234 4110 1343 4203; baseline -0.012 -25"><span class='ocrx_word' id='word_1_282' title='bbox 234 4111 374 4203; x_wconf 91' lang='lat' dir='ltr'><strong>debeat</strong></span> <span class='ocrx_word' id='word_1_283' title='bbox 398 4114 637 4178; x_wconf 88' lang='lat' dir='ltr'><strong>restitutionem</strong></span> <span class='ocrx_word' id='word_1_284' title='bbox 659 4112 851 4186; x_wconf 88' lang='lat' dir='ltr'><strong>decernere,</strong></span> <span class='ocrx_word' id='word_1_285' title='bbox 882 4113 978 4190; x_wconf 90' lang='lat' dir='ltr'><strong>idest,</strong></span> <span class='ocrx_word' id='word_1_286' title='bbox 1000 4115 1134 4178; x_wconf 92' lang='lat' dir='ltr'><strong>Bertam</strong></span> <span class='ocrx_word' id='word_1_287' title='bbox 1152 4110 1343 4176; x_wconf 89' lang='lat' dir='ltr'><strong>condemnare</strong></span> 
     </span>
     <span class='ocr_line' id='line_1_34' title="bbox 255 4217 1341 4313; baseline -0.007 -19"><span class='ocrx_word' id='word_1_288' title='bbox 255 4230 297 4294; x_wconf 92' lang='lat' dir='ltr'><strong>ad</strong></span> <span class='ocrx_word' id='word_1_289' title='bbox 316 4229 565 4296; x_wconf 91' lang='lat' dir='ltr'><strong>cohabitandum</strong></span> <span class='ocrx_word' id='word_1_290' title='bbox 581 4249 654 4294; x_wconf 86' lang='lat' dir='ltr'><strong>eum</strong></span> <span class='ocrx_word' id='word_1_291' title='bbox 676 4230 776 4306; x_wconf 82' lang='lat' dir='ltr'><strong>Titio,</strong></span> <span class='ocrx_word' id='word_1_292' title='bbox 795 4227 899 4294; x_wconf 91' lang='lat' dir='ltr'><strong>donec</strong></span> <span class='ocrx_word' id='word_1_293' title='bbox 917 4227 1091 4313; x_wconf 90' lang='lat' dir='ltr'><strong>probatum</strong></span> <span class='ocrx_word' id='word_1_294' title='bbox 1110 4227 1211 4292; x_wconf 88' lang='lat' dir='ltr'><strong>fuerit</strong></span> <span class='ocrx_word' id='word_1_295' title='bbox 1232 4217 1341 4306; x_wconf 82' lang='lat' dir='ltr'><strong>inpedi-</strong></span> 
     </span>
     <span class='ocr_line' id='line_1_35' title="bbox 257 4344 595 4410; baseline 0 0"><span class='ocrx_word' id='word_1_296' title='bbox 257 4354 402 4410; x_wconf 88' lang='lat' dir='ltr'><strong>mentum</strong></span> <span class='ocrx_word' id='word_1_297' title='bbox 418 4344 595 4410; x_wconf 79' lang='lat' dir='ltr'><strong>dirimens?</strong></span> 
     </span>
    </p>

    <p class='ocr_par' dir='ltr' id='par_1_7' title="bbox 299 4460 1338 4546">
     <span class='ocr_line' id='line_1_36' title="bbox 299 4460 1338 4546; baseline -0.005 -20"><span class='ocrx_word' id='word_1_298' title='bbox 299 4462 347 4526; x_wconf 79' lang='lat' dir='ltr'><strong>Ad</strong></span> <span class='ocrx_word' id='word_1_299' title='bbox 369 4461 461 4546; x_wconf 89' lang='lat' dir='ltr'><strong>cujus</strong></span> <span class='ocrx_word' id='word_1_300' title='bbox 479 4463 662 4546; x_wconf 85' lang='lat' dir='ltr'><strong>quaestionis</strong></span> <span class='ocrx_word' id='word_1_301' title='bbox 683 4463 876 4527; x_wconf 88' lang='lat' dir='ltr'><strong>solutionem</strong></span> <span class='ocrx_word' id='word_1_302' title='bbox 905 4461 1026 4544; x_wconf 83' lang='lat' dir='ltr'><strong>duplex</strong></span> <span class='ocrx_word' id='word_1_303' title='bbox 1050 4479 1143 4524; x_wconf 91' lang='lat' dir='ltr'><strong>casus</strong></span> <span class='ocrx_word' id='word_1_304' title='bbox 1169 4460 1338 4537; x_wconf 79' lang='lat' dir='ltr'><strong>distinguen-</strong></span> 
     </span>
    </p>
   </div>
   <div class='ocr_carea' id='block_1_5' title="bbox 0 0 1436 5108">
    <p class='ocr_par' dir='ltr' id='par_1_8' title="bbox 0 0 1436 5108">
     <span class='ocr_line' id='line_1_37' title="bbox 0 0 1436 5108; baseline 0 0"><span class='ocrx_word' id='word_1_305' title='bbox 0 0 1436 5108; x_wconf 95' lang='lat' dir='ltr'><strong> </strong></span> 
     </span>
    </p>
   </div>
  </div>
 </body>
</html>
