2836 5118
470 381 548 428 rans
572 379 730 427 suenum.
1095 365 1158 426 337

73 509 240 571 «titionibus
254 514 283 569 et
295 508 534 588 capescendas
547 513 609 568 tam
624 510 821 588 tempururwis
830 524 919 585 quum
928 511 1095 588 perpetuis·
1113 524 1162 572 re-

72 647 83 682 «
96 623 218 688 centiori
242 629 351 687 tamen
381 620 511 687 aevoab
532 621 588 685 illa
614 621 775 686 sententia
798 620 956 687 recedere
980 621 1159 700 consuevit,

72 763 83 798 e
96 741 236 826 aliamque
260 746 447 806 constanter
468 745 579 804 secuta
604 745 677 818 est,
705 757 767 823 qna
789 738 825 804 id
846 739 932 804 velle
952 739 1103 818 ridetur,
1125 747 1164 805 nt

72 855 268 940 «hujusmodi
282 855 508 939 suspensiones
536 855 731 942 (presertim
754 862 942 939 perpetue,
962 875 1021 922 seu
1046 855 1164 922 indefi-

71 973 173 1051 anitae,
198 991 269 1058 que
290 971 379 1037 idem
399 973 510 1037 ualent
533 991 571 1037 ac
593 979 781 1055 perpetuae,
808 979 929 1038 etsnnt
942 989 1040 1037 merae
1056 973 1164 1056 priva-

71 1112 83 1148 a
97 1085 218 1172 tiones),
236 1087 325 1153 haud
341 1106 483 1171 anquam
502 1087 717 1169 inposterum
736 1086 880 1153 ferendae
903 1087 977 1166 sint,
1001 1087 1062 1153 nisi
1081 1107 1165 1172 prae-

70 1228 82 1262 «
96 1205 185 1269 missis
201 1203 431 1269 monitionibus
447 1203 580 1288 aliisque
596 1203 862 1282 solemnitatibus,
877 1203 920 1270 ad
934 1205 1162 1288 prescriptam

70 1319 231 1403 «ejusdem
255 1318 372 1404 synodi
398 1317 592 1384 Tridentinae
621 1319 769 1383 sessionis
796 1321 850 1397 21,
878 1320 992 1403 capitis
1015 1322 1052 1398 6,
1084 1321 1165 1386 latas

69 1460 80 1494 1
95 1435 182 1503 fnisse
192 1438 371 1520 repererit.
393 1461 409 1498 a
439 1435 489 1501 Ad
503 1433 591 1520 quod
620 1435 845 1517 probandum,
873 1438 1015 1503 citantur
1045 1437 1166 1504 ibidem

67 1549 126 1616 dua
140 1553 334 1630 absconse,
353 1571 372 1616 a
385 1551 480 1616 Sacra
492 1551 747 1634 Congregatione
764 1551 896 1618 Consilii
907 1551 1074 1636 judicate.

101 1672 263 1752 despondeo
285 1673 316 1732 1⁰
337 1669 531 1735 Gravissima
553 1687 607 1734 res
626 1674 694 1745 est,
721 1667 810 1753 quod
833 1668 929 1735 Sacra
952 1670 1167 1754 congregatio

66 1786 184 1852 Consilii
206 1787 401 1852 sententiam
419 1803 529 1862 suam,
551 1803 621 1870 quae
638 1785 671 1849 in
691 1790 893 1850 constantem
909 1788 1049 1870 praxim,
1065 1796 1165 1872 atque

65 1902 134 1968 adeo
147 1903 244 1987 injus
258 1922 428 1968 commune
444 1901 629 1980 transierat,
647 1902 873 1986 corrigendam
885 1905 1060 1983 existimet,
1073 1913 1108 1972 et
1123 1904 1165 1972 ad
1216 1951 1217 1954 =

65 2023 228 2103 oppositam
239 2018 393 2085 declinet.
409 2017 657 2084 Admittendum
670 2037 748 2103 ergo
760 2038 824 2087 non
839 2021 903 2085 erit
917 2018 1040 2085 factum
1052 2020 1165 2113 hujus-

65 2135 157 2217 modi,
178 2137 239 2201 nisi
252 2137 395 2219 rigorose
412 2133 584 2218 probetur.
601 2135 705 2201 Porro
715 2155 779 2201 non
791 2134 951 2217 probatur
969 2154 1065 2201 :nam
1078 2135 1166 2221 quod

65 2249 92 2314 id
104 2259 259 2318 assertum
277 2250 463 2334 reperiatur
477 2249 512 2314 in
530 2250 628 2315 citata
645 2267 748 2316 causat
765 2251 973 2316 Lucionensis
985 2252 1159 2329 relatione,

64 2367 116 2432 vim
131 2367 327 2452 probationis
341 2386 407 2431 non
417 2363 531 2450 habet3
545 2385 616 2452 qaae
631 2367 665 2432 in
677 2365 836 2451 ejusmodi
852 2385 1022 2433 causarum
1038 2368 1165 2434 relatio

64 2483 146 2550 nibus
164 2485 247 2551 solet
265 2485 368 2548 Sacrae
389 2475 656 2566 congregationis
680 2483 877 2549 secretarius
902 2484 1045 2549 rationes
1063 2491 1098 2550 et
1119 2503 1165 2550 as

65 2601 210 2667 sortiones
232 2600 307 2665 hinc
328 2598 404 2664 inde
423 2598 607 2682 apartibus
627 2598 800 2676 deductas,
822 2585 891 2664 siv'e
908 2599 1000 2665 bonae
1023 2608 1059 2666 et
1078 2620 1164 2666 verae

65 2715 128 2794 sint,
146 2717 213 2783 sire
237 2737 323 2793 non,
350 2733 535 2798 exponere3
569 2722 603 2779 et
631 2714 741 2800 (prout
763 2733 861 2799 supra
883 2715 1076 2810 monuimus)
1108 2737 1165 2782 aa·
1217 2802 1226 2816 .

65 2834 236 2899 ctoritatem
267 2831 366 2898 habet
397 2830 566 2896 dumtaxat
596 2832 928 2898 Eminentissimcrum
963 2833 1098 2899 Patrum
1123 2827 1191 2902 ad¹
1239 2863 1246 2876 ·

65 2951 216 3033 proposita
231 2948 331 3014 dubia
344 2948 521 3032 responsio.

101 3067 225 3132 Pariter
242 3065 315 3130 dnae
334 3065 404 3130 aliae
420 3081 534 3141 causae,
552 3062 595 3128 ad
618 3082 699 3148 qaas
716 3065 904 3144 remittitur,
926 3067 1088 3131 intentum
1102 3086 1167 3132 non

65 3181 201 3260 probant.
223 3183 304 3247 Nam
322 3181 357 3244 in
371 3181 475 3264 priori
499 3180 618 3266 (Sancti
640 3180 803 3258 Severini,
832 3181 851 3244 4
877 3182 987 3265 aprilis
1014 3187 1109 3261 1778,
1132 3185 1166 3249 in

66 3297 214 3378 Thesauro,
231 3306 320 3365 tomo
331 3299 386 3375 47,
405 3315 479 3380 pag.
492 3298 545 3374 84,
563 3300 624 3363 198
640 3303 674 3362 et
690 3297 726 3360 11
738 3292 780 3378 i),
792 3297 959 3379 reperitur
968 3297 1099 3399 quidem
1114 3313 1167 3365 re·v

65 3413 152 3480 scissa
164 3391 426 3498 extra-judicialis
438 3413 598 3478 sententia
609 3411 769 3496 Episcopi,
787 3430 850 3496 qua
864 3413 1043 3496 parcebam
1056 3434 1166 3500 quem·

64 3529 131 3596 dam
142 3530 408 3607 indeterminate,
428 3547 487 3594 seu
509 3527 630 3613 absque
651 3528 717 3593 ulia
731 3529 886 3611 temporis
900 3529 1098 3612 praefixione,
1120 3531 1163 3596 ab

66 3641 1160 3726 exercitiocuraeamoverat3sednondicuntEminentissimiPatres‚

65 3759 132 3828 ideo
142 3761 300 3828 annullari
309 3760 391 3827 banc
406 3759 610 3836 sententiam,
626 3756 713 3842 quod
724 3759 844 3824 amotio
857 3758 913 3823 iila
926 3777 992 3824 non
1009 3759 1111 3826 tuerit
1124 3763 1163 3824 ab

65 3883 168 3958 tempus
179 3882 408 3942 determinatum
423 3874 464 3939 ab
478 3875 637 3958 Episcopo
659 3872 795 3940 decreta
803 3891 825 3951 ‚·
841 3873 899 3939 sed
912 3874 1163 3942 indeterminate

66 3992 163 4059 seuad
182 3991 438 4076 beneplacitum
454 3998 488 4056 et
499 3996 678 4073 potuerunt
692 3989 735 4054 ub
748 3991 825 4054 alias
836 4007 947 4056 causas
963 3989 1084 4057 dictam
1094 4012 1165 4058 sen·

64 4111 187 4175 tentiam
208 4107 407 4176 rescindere.
435 4107 539 4192 Atque
560 4105 648 4173 idem
665 4107 794 4172 omniuo
813 4105 989 4172 dicendum
1010 4109 1100 4172 venit
1122 4107 1165 4174 de

66 4225 157 4293 altera
170 4247 265 4295 causa
281 4225 500 4313 (Placentina,
516 4227 557 4290 26
573 4223 730 4290 februarii
749 4221 859 4308 1818),
875 4223 1023 4291 similiter
1038 4225 1071 4290 in
1089 4244 1165 4309 pro-

65 4338 217 4408 bationem
231 4341 386 4409 adducta.

109 4463 266 4542 despondeo
291 4461 327 4522 2⁰
339 4458 385 4522 Ex
401 4456 535 4540 praefata
550 4475 646 4522 causa
655 4456 844 4522 Lucionensi
854 4456 1043 4538 probatura
1054 4467 1167 4529 contra

197 4576 227 4632 11.
1012 4571 1047 4626 81

437 4684 439 4688 .
776 4661 796 4698 c·
