2914 5122
518 377 597 435 rens
622 388 779 436 secuunn.
857 379 861 386 '
1147 361 1209 434 1349

112 509 174 574 hinc.
190 517 258 574 orto
283 511 422 576 celebris
436 512 710 596 jurisperitorum,
728 513 762 576 in
791 513 926 578 materie
953 512 1055 589 civili,
1075 513 1205 596 regulo,-

112 629 197 710 dcdcrc
220 635 398 691 sententium
421 631 521 690 libello
545 647 606 690 cecc
633 631 823 708 conformem.
844 631 928 713 Ergo
949 647 1079 694 necesse
1104 636 1211 694 estut

113 749 187 808 octor
201 743 233 806 in
250 743 362 810 libello
375 743 574 810 determinet
591 743 670 830 quid
684 751 786 830 petet,
801 763 859 811 seu
873 746 1003 828 exigere
1014 764 1032 808 n
1043 763 1101 810 reo
1110 744 1213 810 inten-

113 855 166 923 dut.
183 860 264 943 Ergo
277 860 311 924 iu
328 858 441 925 libello
457 860 543 925 civili
558 861 720 926 conclusio
735 861 916 926 necessario
936 868 995 925 cst.

147 977 225 1040 Noto.
243 998 259 1036 u
277 977 479 1041 conclusioni
500 976 533 1040 in
555 976 666 1041 libello
687 977 776 1041 civili
800 976 997 1060 plerumque
1015 975 1112 1062 adjici
1128 976 1212 1043 solet

112 1090 285 1170 retrusum,
305 1101 343 1157 ut
355 1095 670 1173 vocent,.satutorts;
684 1110 755 1177 qum
777 1091 828 1156 his
849 1091 903 1158 uel
924 1093 1082 1158 similibus
1105 1093 1214 1158 uerbis

115 1209 309 1292 «concipitur
328 1232 336 1274 :
352 1215 448 1292 Sopor
460 1213 507 1273 lois
525 1214 659 1274 nonnitus
670 1217 738 1292 peto
753 1212 828 1272 milet
835 1215 889 1292 jus
904 1219 934 1274 ct
941 1216 1100 1293 justitiane
1117 1214 1213 1274 odoni·

113 1330 259 1390 orrutroro'
281 1333 362 1389 omni
383 1329 502 1390 nettort
523 1329 608 1390 modo
628 1336 657 1390 et
675 1331 785 1408 forma,
800 1347 859 1408 quo
881 1330 918 1389 de
934 1332 1018 1409 jure,
1036 1333 1150 1390 statuto
1167 1325 1215 1390 ool

111 1464 127 1509 n
137 1445 338 1507 concretudtnc
354 1444 424 1521 fieri
433 1452 545 1525 potest.
560 1441 663 1528 liujus
676 1442 703 1506 is
716 1450 765 1508 est
784 1442 929 1519 effectus,
947 1441 1036 1527 quod
1053 1439 1213 1526 perillum

110 1564 220 1622 nector
233 1566 406 1624 censentur
420 1578 512 1624 omne
526 1557 578 1645 jus
601 1579 695 1625 suum
711 1560 743 1622 in
760 1557 919 1643 judicium
934 1556 1124 1637 deduxisse,
1150 1559 1212 1624 etsi

110 1672 173 1740 ode
187 1674 338 1740 omuibus
364 1683 398 1740 et
420 1674 553 1758 singulis
572 1693 634 1740 non
653 1675 772 1740 fecerit
790 1675 988 1740 mentionem
1011 1693 1210 1760 expressam.

111 1790 223 1857 «Unde
238 1791 370 1858 siccior
386 1793 577 1877 simpliciter
590 1793 724 1876 petierit
738 1792 798 1858 sibi
820 1811 889 1857 rem
908 1792 1046 1867 restitui,
1068 1791 1149 1856 nihil
1166 1791 1215 1858 di-

110 1929 123 1966 o
137 1906 236 1974 cendo¹
253 1907 295 1974 de
321 1909 482 1975 fructibus
501 1916 535 1974 et
551 1909 713 1992 expensis
733 1908 910 1973 clausulam
926 1925 1008 1973 vero
1024 1905 1208 1992 hujusmodi

110 2047 122 2082 o
137 2024 303 2090 solutorem
318 2022 494 2102 addiderit,
508 2025 675 2090 tenebitur
681 2022 784 2109 judex
800 2041 894 2088 reum
904 2031 1102 2089 conventum
1112 2024 1210 2088 olium

110 2139 171 2206 tud
188 2139 303 2205 horum
319 2139 559 2206 restitutionem
575 2137 808 2223 condemnere;
826 2138 926 2223 quod,
941 2138 1214 2204 secundummul·

111 2279 122 2314 u
138 2262 192 2336 tos,
208 2258 368 2341 obligatus
384 2277 448 2323 non
462 2257 578 2322 fuisset
593 2257 714 2334 locere,
731 2257 910 2322 sicluusulo
921 2257 1070 2322 solutoris
1082 2255 1209 2341 adjectu

110 2392 194 2442 ¹«.uou
213 2373 340 2440 fuisset.
368 2372 720 2459 etSehmelzgruebeu
749 2371 782 2437 in
807 2372 858 2437 tit..
880 2375 912 2450 3,
934 2371 1008 2437 libri
1029 2374 1048 2436 2
1072 2371 1212 2448 decret,

110 2491 122 2564 l
141 2492 166 2567 1,
185 2511 218 2558 11.
232 2487 281 2573 4.)

145 2607 289 2692 Quosne
303 2607 348 2674 4⁸.
371 2643 416 2656 -
432 2611 480 2672 An
494 2612 528 2670 tn
547 2608 646 2669 libello
672 2611 804 2688 reprimi
829 2611 994 2669 necessario
1019 2607 1124 2669 mdccc
1151 2625 1214 2669 noc-

68 2733 71 2739 '
109 2725 180 2786 dium
197 2744 246 2786 sen
259 2725 554 2786 couscronclndendc'
568 2728 582 2785 l
597 2760 642 2772 -
656 2721 800 2788 Medium
815 2741 873 2788 seu
886 2741 981 2787 cuusu
992 2720 1213 2788 concludendi

110 2839 195 2906 estid
209 2841 242 2904 in
256 2859 321 2925 quo
340 2858 410 2906 sese
432 2838 549 2904 fundet
564 2847 666 2918 notor,
685 2838 728 2904 nd
742 2837 1014 2918 concludendum,
1025 2839 1123 2905 tulum
1144 2859 1215 2908 esse

108 2954 235 3040 ojudioe
255 2964 371 3022 contro
385 2975 478 3021 reum
493 2956 665 3023 ferendum
685 2957 891 3022 sententium.
908 2957 981 3038 Quo
996 2963 1188 3041 prenotato,

142 3073 328 3157 despondeo
352 3077 383 3136 1ο
396 3072 434 3137 ln
452 3072 563 3138 libello
580 3072 736 3137 criminali
761 3091 894 3137 neccsse
907 3091 981 3142 ⁴non
1002 3081 1051 3138 est
1070 3071 1216 3138 medium

106 3190 303 3255 conclusionis
330 3189 513 3272 exprimere
534 3211 541 3253 :
560 3209 635 3254 num
667 3207 797 3254 neccsse
827 3208 891 3252 non
917 3193 967 3254 est
993 3187 1214 3256 concludendi

107 3306 237 3398 medium
253 3325 432 3392 opponere,
449 3306 507 3374 ubi
518 3327 723 3374 necessenon
738 3314 788 3372 cst
798 3305 975 3392 quidquam
989 3305 1187 3374 concludere
1202 3331 1208 3374 :

105 3424 192 3506 utqui,
210 3444 250 3490 ex
266 3422 361 3488 dictis
376 3425 409 3488 in
429 3424 592 3506 superiori
607 3423 794 3507 questione,
813 3441 946 3488 necesse
960 3441 1026 3488 nou
1045 3431 1094 3488 est
1107 3415 1218 3490 libello

106 3537 248 3604 criminali
262 3540 362 3606 ullum
377 3547 555 3606 annectere
579 3539 835 3622 conclusionem
855 3558 933 3623 ergo
953 3557 1015 3604 nec
1035 3559 1169 3606 necesse
1184 3540 1217 3606 in

108 3670 141 3718 eo
155 3674 278 3726 cuusom
295 3657 510 3724 conclusionis
524 3656 680 3722 indicare.

144 3770 330 3856 despondeo
347 3776 381 3838 2⁰
396 3775 435 3838 In
447 3774 561 3840 libello
580 3773 677 3851 ciuili,
697 3792 829 3839 necesse
850 3779 900 3840 est
926 3772 1065 3856 exprimi
1085 3773 1216 3840 conclu-

105 3883 196 3954 dendi
209 3889 367 3956 medium.
390 3891 471 3955 Nom
489 3892 515 3956 si
526 3898 616 3956 octor
631 3898 754 3955 ossernt
767 3897 908 3968 tuntum,
922 3889 1015 3956 verbi
1030 3891 1150 3973 grotta,
1165 3897 1214 3957 to-

106 4000 163 4068 lem
186 4024 378 4072 summumu
405 4025 463 4072 reo
487 4007 546 4072 sibi
568 4007 701 4098 deberi,
722 4015 756 4072 et
781 4025 846 4070 nou
867 4007 1029 4089 exprimet
1050 4007 1093 4074 ob
1119 4026 1217 4093 quom

104 4135 220 4186 causum
236 4141 293 4188 seu
312 4141 352 4188 cn
371 4122 546 4206 quotitulo
564 4121 598 4188 id
615 4120 810 4206 protendet,
829 4141 893 4187 non
905 4122 1027 4206 poterit
1045 4142 1122 4188 reus
1141 4143 1220 4196 eon-

105 4243 212 4306 tentus
227 4239 307 4304 scire
323 4240 436 4304 utrum
452 4239 513 4306 sibi
527 4239 680 4323 expedint
697 4237 816 4306 cedere
840 4247 874 4306 et
895 4239 1004 4307 stetim
1017 4240 1220 4318 solveremur

104 4367 178 4413 uero
189 4353 326 4438 litigare.
343 4356 448 4420 Porro
462 4354 584 4440 justitio
606 4361 639 4424 et
659 4356 782 4429 bouum
798 4356 964 4444 publicum
979 4356 1090 4444 exigit,
1107 4362 1143 4420 ut
1156 4354 1218 4426 boe
