2848 5118
491 365 570 412 runs
593 363 752 412 sncnnnn.
1113 353 1176 416 rat

80 495 149 553 Inter
163 489 227 576 (13,
245 493 284 554 de
301 493 434 554 Sentent.
450 497 479 552 et
493 508 527 552 re
541 485 642 572 jud).
660 487 752 554 Ratio
766 497 816 554 est
829 491 904 574 quia
920 499 997 556 tunc
1013 509 1074 574 pro
1090 494 1178 557 veri·

79 611 133 669 tate
150 603 307 688 habetur;
322 608 357 669 et
373 623 432 688 pro
447 623 481 668 sc
497 601 597 668 habet
609 603 894 686 presumptionem
903 608 987 686 juris
1000 611 1030 668 at
1043 607 1081 669 de
1091 610 1175 688 jure,

78 717 152 803 quod
167 719 208 783 sit
224 717 339 803 justa:
359 727 473 802 estque
492 719 702 802 presumptio
719 715 787 782 haec
809 716 893 784 adeo
911 716 1015 796 fortis,
1038 726 1074 784 ut
1093 717 1179 803 ejus·

79 831 152 900 nodi
176 835 344 900 sententia
370 832 523 899 standum
546 833 609 912 sit,
638 853 700 899 nec
729 835 901 898 instaurari
932 838 1046 918 postea
1066 833 1107 900 lis
1133 835 1178 900 itu

76 944 152 1013 finita
164 951 276 1032 possit.

111 1065 162 1130 III.
188 1069 321 1146 Effectus
338 1067 436 1146 quood
451 1084 573 1128 cansam
592 1069 700 1146 ipsam.
719 1099 764 1112 —
780 1067 811 1127 1⁰
826 1064 892 1129 Per
910 1063 1104 1132 sententiam
1120 1064 1177 1132 de·

76 1179 216 1246 finitivam
230 1181 395 1247 finiturlis
413 1201 472 1247 seu
488 1179 721 1257 controversia,
740 1178 848 1263 quoad
862 1180 1046 1244 instantiam
1064 1181 1097 1246 in
1113 1199 1176 1266 qua

79 1296 310 1380 pronuntiatur3
328 1297 402 1380 quia
416 1301 489 1380 post
506 1297 605 1361 lutam
620 1295 814 1360 sententiam
833 1293 870 1380 (si
889 1292 995 1359 valida
1010 1293 1062 1378 sit)
1074 1293 1177 1379 judex

78 1407 166 1474 officio
176 1427 235 1474 suo
245 1409 377 1475 functus
389 1417 448 1487 est,
464 1409 627 1475 etdesinit
639 1428 709 1474 esse
719 1407 820 1493 judex
831 1409 939 1491 quoad
950 1426 1019 1473 eam
1034 1426 1173 1478 causam.

79 1525 106 1586 2⁰
122 1524 195 1588 Lato
214 1526 249 1590 in
263 1524 410 1590 favorem
426 1525 561 1602 actoris,
583 1525 714 1591 incitat
731 1529 821 1589 actor
840 1521 959 1589 habeat
983 1529 1127 1588 actionem
1143 1531 1176 1590 to

77 1639 187 1716 fuctum,
199 1636 233 1702 vi
244 1636 338 1722 cujus
353 1638 506 1722 persequi
521 1645 630 1721 potest
645 1638 732 1705 idad
745 1638 834 1724 quod
848 1659 925 1705 reus
941 1639 1175 1707 condemnatus

79 1757 129 1815 cst.
143 1754 176 1816 3ο
187 1752 264 1817 Lata
276 1754 309 1815 in
327 1752 472 1818 favonem
486 1753 546 1830 rei,
565 1752 643 1822 facit
655 1762 692 1819 ut
707 1772 765 1819 reo
779 1761 942 1837 competat
961 1756 1111 1837 exceptio
1130 1761 1175 1819 ret

76 1869 202 1944 indicate
218 1874 332 1933 contra
354 1875 498 1932 actorem
516 1866 650 1952 ejusque
671 1866 845 1932 haeredem.
864 1867 899 1930 4⁰
914 1866 1115 1951 Quandoque
1133 1869 1174 1932 ir·

77 1989 158 2065 rogat
170 1983 332 2048 infamium
346 2003 405 2049 reo
417 1983 649 2064 condemnat03
665 1997 784 2064 nempe
798 1986 910 2063 prime
928 1981 1057 2066 quando
1067 1981 1174 2065 agitur

78 2092 113 2160 de
126 2096 247 2164 delictis
259 2099 405 2182 publicis,
428 2106 466 2163 ut
477 2099 504 2164 si
523 2099 594 2183 quis
607 2095 844 2162 condemnetur
866 2093 907 2161 de
923 2095 1097 2173 adulterio,
1116 2116 1173 2163 ve·

78 2209 190 2290 neficio,
201 2220 266 2279 etc.
284 2219 427 2291 secundo,
440 2212 569 2299 quando
584 2231 661 2280 rens
672 2211 907 2277 condemnatur
917 2209 959 2276 ob
971 2211 1107 2291 furtum,
1118 2212 1173 2278 vel

79 2326 220 2407 napinam,
239 2329 296 2393 vel
308 2328 470 2413 injuriam,
488 2329 541 2394 vel
560 2327 684 2394 dolum.
704 2333 815 2409 Tertio,
832 2327 963 2413 quondo
977 2328 1174 2395 condemna·

77 2444 124 2504 tur
135 2441 175 2507 ob
187 2442 286 2508 fidem
301 2463 366 2508 nou
382 2449 543 2509 servatam
556 2445 590 2507 in
605 2451 775 2508 contractu
789 2442 938 2526 depositi,
953 2443 1169 2522 velmaudati,

79 2555 124 2620 nel
134 2559 251 2636 tutelae,
269 2559 323 2623 rel
335 2559 507 2625 societatis.
524 2563 557 2623 5⁰
572 2559 738 2625 Sententia
753 2557 920 2624 definitiva
927 2559 1033 2623 irritat
1046 2568 1173 2624 contra-

78 2671 152 2735 rium
164 2675 355 2758 rescriptum
367 2675 486 2758 Pnpale
500 2675 696 2740 obtentuma
713 2693 781 2748 reo,
794 2673 854 2738 nisi
860 2674 893 2737 in
908 2692 947 2738 eo
957 2672 1000 2738 de
1011 2674 1172 2739 sententia

80 2793 179 2852 contra
203 2807 296 2854 reum
313 2788 438 2871 prolata
463 2789 584 2854 mentio
612 2789 679 2853 tint.
711 2791 746 2854 6⁰
776 2786 935 2853 indubio
961 2807 1001 2852 an
1021 2786 1108 2872 justa
1131 2787 1173 2854 sit

79 2903 221 2968 sententia
247 2904 384 2987 prolata,
413 2902 514 2968 debet
535 2903 649 2989 judex‚
674 2902 717 2968 nd
750 2921 845 2988 quem
870 2903 1063 2988 appellatur,
1101 2923 1172 2970 eam
1208 2978 1211 2983 ,

79 3017 272 3101 coufirmnre3
306 3019 381 3102 quia
399 3019 684 3102 praesumptionem
712 3037 772 3102 pro
795 3038 829 3084 se
859 3017 976 3103 hnbct;
1007 3018 1094 3084 unde
1126 3019 1173 3086 illi

78 3132 287 3209 standumst,
308 3133 369 3198 nisi
382 3131 501 3218 injusta
523 3131 698 3215 probetur.
719 3132 802 3199 Vide
825 3131 1115 3217 Schmalzgrueber
1128 3133 1172 3219 (in

47 3240 49 3243 ’
78 3246 494 3326 tit.tt,1ihritdecret.,n.
508 3251 549 3314 88
566 3244 692 3331 etseq.)

514 3495 648 3561 CAPUT
672 3497 715 3562 11.

198 3689 199 3694 ¹
282 3757 284 3761 ·
358 3727 402 3774 nn
438 3725 623 3774 sunrnnrnn
655 3723 873 3774 uxncunnonn.

114 3937 633 4017 Quaadsententiaeexecutionem
642 3935 808 4018 pertinent
819 3916 1171 4021 exponemusl⁰quoad

80 4052 209 4133 regiones
229 4054 263 4118 in
288 4033 406 4138 quibus
432 4051 575 4116 Ecclesia
601 4052 697 4134 pleno
725 4048 798 4134 jure
819 4069 878 4116 suo
903 4050 1027 4131 utitur,
1053 4073 1112 4119 seu
1136 4053 1171 4118 in

79 4153 178 4235 quibus
186 4157 287 4243 judex
302 4158 537 4224 ecclesiasticus
555 4154 679 4221 brachii
698 4157 860 4222 saecularis
876 4157 1032 4223 auxilium
1056 4157 1167 4226 habet.

80 4268 223 4351 tonost
235 4276 384 4359 regiones
398 4276 431 4339 iu
446 4273 563 4359 quihus
576 4271 678 4358 judex
689 4273 924 4372 ecclesiasticus
937 4271 1027 4340 dicto
1046 4273 1170 4340 brachii

81 4388 220 4456 secularis
230 4389 349 4455 auxilio
364 4387 565 4454 destituitur.
