2838 5114
242 385 306 445 352
593 399 781 446 rnscrnrus
805 401 848 446 nn
870 400 1019 448 Jnmcns.

247 522 373 588 «nibus
391 524 527 588 retineri
544 542 608 589 nou
628 531 754 606 potest,
780 523 919 610 ideoque
940 526 1043 590 intrat
1063 542 1216 590 recursus
1230 523 1279 588 vel
1293 543 1340 607 ap-

246 669 258 692 «
274 637 438 722 pellatio.»
461 637 602 705 Adnotat
618 645 732 723 postea
747 638 836 705 idem
851 648 977 720 auctor,
993 659 1059 705 non
1079 641 1203 705 intrare
1222 639 1341 722 precise

240 759 496 840 Appellaticucm,
512 754 571 821 sed
585 777 737 820 recursum
752 756 941 841 dumtaxat3
956 776 1030 823 cum
1049 757 1227 840 Episcopus
1244 756 1341 839 vigore

237 872 352 954 capitis
368 875 442 936 Cum
458 873 610 935 honestius
629 871 674 957 (l,
697 890 776 937 sess.
796 873 846 950 14,
864 872 1010 939 Trident.
1034 872 1176 957 synodi),
1195 872 1294 955 possit
1309 891 1342 936 er

237 987 410 1053 informata
428 988 621 1054 couscientia
638 987 886 1068 ordinationem,
901 991 1001 1054 etiam
1017 990 1160 1067 arctatis,
1177 988 1339 1072 denegare.

235 1227 350 1285 serunt
375 1221 587 1298 auctoritate,
604 1229 757 1304 putamus
777 1221 907 1286 omnino
923 1221 1101 1288 tenendum
1128 1240 1200 1287 esse
1226 1220 1341 1286 conclu·

235 1335 357 1400 sionem
378 1344 542 1414 nostram,
561 1353 702 1418 nempe:
720 1337 863 1401 recusari
878 1357 941 1404 uon
961 1355 1076 1420 posse,
1097 1339 1196 1402 etlam
1219 1356 1282 1402 non
1300 1357 1341 1401 ar·

236 1453 344 1530 etatis,
368 1449 605 1518 ordinationem
625 1451 747 1536 absque
770 1450 858 1535 justa
888 1471 1005 1536 causa3
1036 1462 1071 1519 et
1095 1473 1114 1518 a
1138 1453 1339 1536 denegatione

236 1567 388 1633 ordinum
406 1577 520 1652 patere
537 1587 668 1652 semper
683 1568 726 1634 ad
740 1571 860 1653 Papam
870 1588 1050 1634 recursum.

281 1687 323 1750 Il.
345 1689 500 1749 Firmctur
513 1691 613 1768 positu
628 1688 786 1748 conclusio.
797 1723 842 1734 -
853 1684 990 1766 Quando
1003 1660 1138 1770 quaestio
1148 1685 1235 1750 inter
1244 1683 1339 1749 docto

235 1822 288 1868 res
302 1809 529 1879 controversa,
547 1802 785 1866 interveniente
797 1801 888 1868 Sedis
899 1802 1089 1886 Apostolicoe
1109 1800 1280 1879 decisione,
1295 1799 1338 1866 vel

236 1918 395 1984 constanti
410 1919 507 1982 curiae
527 1917 678 1981 Romame
694 1916 798 1998 praxi,
818 1918 851 1981 in
867 1936 932 1982 uuo
947 1936 1044 1982 seusu
1058 1915 1123 1981 fuit
1138 1917 1259 1993 soluta,
1275 1934 1338 1980 cou-

234 2033 394 2098 troversia
418 2051 478 2118 pro
502 2030 593 2097 finita
615 2030 766 2097 habenda
789 2039 866 2110 est,
890 2041 924 2098 et
946 2035 1121 2117 scriptores
1145 2034 1201 2119 qui
1224 2051 1336 2098 sensum

234 2149 432 2231 oppositum,
453 2149 508 2214 vel
522 2155 617 2213 antea
642 2146 880 2222 defenderunt,
899 2146 954 2210 vel
973 2147 1071 2212 etiam
1086 2149 1249 2230 posterius
1270 2145 1335 2210 reti-

233 2271 330 2343 nent,
348 2283 482 2349 prorsus
495 2262 670 2330 deserendi
686 2271 773 2328 sunt.
789 2261 886 2346 Atqui
901 2263 1062 2328 conclusio
1086 2271 1198 2330 nostra
1210 2263 1256 2328 his
1267 2261 1334 2326 duo

233 2379 294 2445 bus
312 2379 373 2446 viis
387 2388 476 2446 certa
493 2379 607 2445 evasit.

276 2503 381 2562 Primo
413 2496 543 2582 quidem
572 2497 785 2562 intervenisse
816 2513 1003 2579 expressam
1024 2493 1222 2562 decisionem
1244 2493 1333 2561 refert

232 2616 400 2696 Faguanus
426 2612 488 2678 hoc
517 2610 637 2678 modo:
671 2612 786 2677 «Cum
813 2613 891 2678 olim
920 2612 962 2679 de
986 2614 1047 2679 hoo
1065 2615 1136 2698 ipso
1164 2614 1334 2680 dubitatum

237 2761 249 2793 a
268 2738 352 2796 esset
381 2729 490 2815 quoad
516 2731 689 2813 Episcopos
717 2729 845 2815 (nempe,
864 2750 904 2794 on
920 2733 970 2793 illl
987 2751 1074 2812 quem
1088 2736 1251 2814 Episcopus
1265 2733 1334 2792 ordi·

236 2877 248 2899 «
267 2868 341 2911 nore
361 2853 497 2924 recusat,
519 2853 626 2927 pateat
649 2847 691 2908 cd
713 2848 818 2910 Sedem
837 2847 1037 2928 Apostolicum
1061 2844 1223 2930 remersus),
1254 2847 1333 2911 Sacra

236 2992 248 3014 a
267 2961 496 3045 Congregatio,
515 2979 551 3025 re
578 2958 619 3025 ad
638 2959 832 3042 Gregorium
847 2961 925 3024 XIII
949 2958 1074 3038 delata,
1095 2961 1200 3028 edidit
1215 2959 1333 3027 decisio

235 3106 246 3134 s
267 3099 353 3157 nem,
374 3098 443 3164 quae
468 3087 579 3162 postea
595 3086 757 3162 perpetuo
781 3075 922 3144 obtinuit
941 3076 975 3141 in
995 3074 1137 3154 dataria,
1166 3075 1330 3143 videlicet:

235 3225 247 3249 «
265 3196 531 3281 quotiescumque
547 3193 736 3260 Ordinarius
750 3194 953 3259 recusaverit
970 3212 1167 3279 quemquam
1181 3192 1330 3269 ordinare,

236 3343 247 3365 κ
267 3309 532 3376 committendum
561 3329 631 3374 esse
656 3309 905 3392 Metropolitano
930 3310 984 3374 vel
1009 3311 1155 3375 vtotntori
1174 3311 1329 3395 Episcopo,
1405 3377 1406 3390 ἢ

141 3431 143 3438 “
235 3434 304 3491 «ut
330 3428 372 3494 ab
400 3425 516 3492 eodem
542 3425 714 3493 Ordinario
740 3427 830 3509 prius
859 3427 1020 3511 requirat,
1042 3445 1102 3490 cur
1126 3426 1330 3504 recusaverim

238 3575 250 3598 «
268 3563 333 3629 quo
352 3561 479 3608 oausam
507 3541 685 3624 legitimam
712 3559 776 3604 non
805 3540 982 3624 allegante,
1001 3541 1099 3606 liceat
1120 3541 1168 3608 illi
1194 3538 1331 3607 eumdem
1405 3531 1406 3536 ’

238 3668 453 3726 «recusatum
478 3658 640 3723 ordinare.
673 3687 686 3712 ιι
716 3658 909 3744 (Faguanus,
940 3658 974 3720 in
1004 3675 1075 3740 cap.
1108 3659 1149 3720 cd
1171 3661 1281 3733 Aures,
1302 3656 1331 3716 lc

234 3783 334 3858 Temp.
353 3779 467 3853 ordin,
494 3795 527 3838 n.
559 3771 628 3857 22.)
653 3775 815 3838 Noteutur
837 3772 882 3837 ihi
904 3771 1016 3850 verba,
1043 3778 1275 3855 quotiescunque
1292 3789 1330 3831 cr·

231 3897 369 3957 dinarius
388 3896 584 3970 recusaverit,
600 3897 713 3972 aperte
740 3890 826 3953 enim
855 3887 1026 3953 includunt
1051 3907 1162 3954 casum
1180 3888 1328 3972 denegate

230 4007 458 4085 ordinandum,
484 4008 582 4072 etiam
609 4027 674 4072 non
701 4006 846 4071 arctatis.
877 4007 960 4072 Item
996 4013 1153 4073 notentur
1189 4007 1248 4071 alla
1274 4003 1326 4067 hec

229 4125 348 4204 verba,
375 4146 431 4206 quo
456 4144 575 4187 causum
596 4127 759 4206 leptttmcm
782 4144 843 4187 nou
865 4125 1032 4205 ctlcpuutc,
1058 4141 1128 4208 quae
1156 4123 1241 4189 clare
1267 4136 1326 4202 sup

227 4250 367 4329 ponunt,
386 4241 507 4327 absque
531 4244 665 4322 lepittmc
686 4260 777 4303 causa
798 4259 864 4306 non
885 4258 979 4323 posse
1004 4258 1147 4325 unquam
1170 4237 1325 4307 ordinatio·
1403 4227 1405 4234 ’

226 4381 301 4427 nem
314 4358 480 4440 denegari.

271 4479 319 4542 De
331 4473 487 4559 praedicta
502 4473 605 4538 Sacrae
619 4472 883 4556 Corrgregationis
894 4471 1084 4538 decisiones
1095 4474 1248 4557 GregorIo
1261 4464 1321 4534 lllll
