2836 5118
215 323 277 391 tlt
556 342 742 391 rotmarus
765 339 810 390 na
832 340 979 393 morans.

214 457 514 552 extrojudicialiter
529 465 671 534 obtentis
690 468 933 552 suspensionem
950 469 1123 536 fulminare
1138 469 1232 553 ;·sed
1251 485 1318 554 pro

213 581 359 649 bedenas
379 583 442 648 tlte
460 576 544 648 tales
561 598 631 647 esse
654 580 788 659 debent,
818 597 890 668 que
909 585 971 668 ipsi
988 585 1148 669 Episcopo
1170 584 1318 650 delictum

211 705 341 764 certam
356 694 487 776 iaciant,
505 703 605 782 prout
618 715 660 764 ex
674 699 744 782 ipso
757 697 838 783 juris
852 700 1009 766 naturalis
1031 699 1209 766 dictamine
1221 707 1315 784 patet.

257 817 294 880 3ο
316 814 418 890 Immo
440 822 478 880 ut
501 814 708 897 probationes
730 813 791 880 ille
811 812 853 879 de
876 813 997 881 delicto
1019 815 1320 900 extra-judicialiter

211 929 355 995 obtentae
379 927 574 995 sufficientes
598 930 663 996 sint
681 947 740 996 sen
772 928 911 1007 monce,
931 947 996 996 non
1008 933 1085 998 satis
1100 939 1150 996 est
1168 939 1206 996 ut
1224 932 1320 996 solun

213 1047 407 1130 Episcopum
431 1049 624 1114 convincere
643 1048 788 1130 valeant3
808 1047 966 1115 sed'tales
981 1065 1051 1115 esse
1073 1048 1197 1115 debent
1217 1050 1320 1136 (prout

212 1162 298 1228 inira
313 1161 517 1247 probabitur)
537 1181 609 1248 qaue
625 1163 701 1228 Sedi
717 1163 925 1247 Apostolicoe,
949 1181 1006 1230 sea
1021 1165 1126 1230 Sacrae
1144 1165 1320 1250 congrega·

213 1279 294 1345 tioni
304 1279 438 1368 Consilii
451 1279 489 1366 (si
504 1275 591 1344 forte
605 1297 759 1345 recursus
775 1297 959 1364 asnspenso
971 1278 1171 1364 instituatur)
1187 1279 1280 1366 justae
1290 1288 1321 1346 et

213 1393 410 1460 sufficientes
433 1393 539 1460 videri
563 1396 695 1478 possint.
719 1393 832 1473 Unde,
862 1396 956 1461 uerbi
971 1397 1095 1480 gratia,
1120 1396 1208 1480 qued
1228 1397 1320 1462 Titias

155 1541 158 1547 ·
213 1510 352 1576 clericus
363 1511 521 1595 Episcopo
532 1530 591 1576 suo
606 1512 756 1594 privatim
772 1513 894 1598 absque
909 1513 1049 1578 testibus
1067 1512 1223 1578 delictam
1234 1527 1319 1578 suum

213 1627 380 1692 confessus
394 1627 452 1701 sit,
470 1634 520 1692 est
534 1626 680 1708 probatio
694 1643 765 1711 qaae
778 1634 906 1692 certum
917 1627 995 1692 iacit
1010 1627 1207 1710 Episcopum
1221 1627 1262 1693 de
1271 1628 1321 1692 illo

213 1741 335 1808 delicto
354 1762 361 1806 :
382 1739 586 1806 nibilominus
602 1743 629 1806 si
647 1742 824 1825 Episcopus
837 1761 877 1806 ex
897 1741 956 1807 hac
971 1743 1037 1808 sola
1054 1727 1245 1826 probatione
1258 1759 1321 1808 sas·

213 1860 400 1944 pensionem
415 1861 663 1943 pronuntiaret,
683 1867 718 1924 et
732 1861 834 1925 Titias
850 1858 892 1926 ad
911 1858 1029 1926 sedem
1044 1859 1259 1943 apostolicam
1274 1877 1321 1926 re·

214 1989 361 2054 currens,
374 1983 511 2059 negaret
525 1995 559 2040 se
576 1975 829 2061 unquamlaocce
843 1975 1001 2042 delictum
1014 1983 1160 2061 patrasse
1179 1986 1235 2044 aut
1249 1995 1320 2044 cen·

207 2090 338 2156 dossum
353 2089 468 2168 fnisse,
489 2091 584 2155 Sacra
599 2091 816 2174 congregatio
831 2090 980 2167 Consilii,
997 2091 1138 2175 eoquod
1153 2090 1196 2157 de
1209 2092 1319 2158 delicto

215 2204 323 2291 quoad
339 2205 441 2289 ipsam
456 2219 520 2270 non
533 2206 609 2270 satis
623 2214 805 2282 constaret,
820 2208 1014 2272 sententiam
1025 2224 1092 2270 non
1105 2207 1317 2289 confirmaret

214 2321 275 2386 nisi
292 2320 379 2386 forts
391 2328 482 2386 tanta
497 2328 583 2386 esset
605 2321 754 2404 Episcopi
771 2322 948 2390 auctoritas
964 2329 999 2388 et
1015 2322 1211 2404 integritatis
1228 2323 1316 2399 fama,

215 2444 253 2502 nt
263 2438 331 2520 ipsa
346 2435 419 2520 ejus
427 2434 594 2500 affirmatio
606 2453 666 2519 pro
677 2435 848 2502 sufficienti
862 2436 1053 2520 probatione
1065 2437 1319 2504 Eminentissimis

214 2547 367 2618 Patribus
380 2549 530 2617 habenda
541 2551 722 2618 rideretur.
736 2553 818 2617 Hinc
831 2552 1041 2638 probationes
1051 2561 1187 2636 possunt
1196 2553 1318 2639 quiden

214 2685 285 2736 osse
303 2667 600 2754 extra-judiciales3
621 2667 681 2734 sed
694 2675 776 2752 nptae
799 2687 840 2734 ex
854 2677 970 2735 natura
984 2689 1042 2734 sna
1060 2689 1131 2736 esse
1145 2669 1267 2736 debent
1283 2667 1319 2734 ad

215 2784 486 2863 convincendam,
503 2803 569 2850 non
580 2791 708 2850 tanturn
722 2785 927 2868 Episcopum,
944 2784 1004 2850 scd
1015 2787 1219 2870 superiorem
1231 2787 1318 2852 etiarn

213 2903 366 2990 judicem.
389 2903 536 2988 Alioquin
550 2903 636 2968 enim
654 2903 774 2968 absone
785 2909 915 2986 pateret
925 2922 1094 2968 recursus:
1108 2902 1267 2988 siquidem
1277 2921 1318 2968 re

215 3035 341 3098 cursus,
352 3021 408 3086 llle
420 3020 519 3086 datar
531 3026 569 3084 nt
580 2999 751 3097 sententia,
766 3021 794 3085 si
805 3021 891 3087 forte
906 3018 1026 3104 injusta
1038 3019 1091 3098 sit,
1106 3020 1316 3100 rescindatur;

215 3135 400 3222 acproinde
414 3136 509 3202 Sacra
520 3135 739 3220 congregatio.
752 3135 884 3202 coacuit
898 3135 1056 3223 (adquam
1070 3136 1236 3204 ordinarie
1249 3135 1319 3222 ejas

216 3253 306 3320 madi
317 3269 497 3320 recursusa
512 3253 595 3319 Sede
611 3251 1059 3338 apostoticaconmiuantnc)
1068 3251 1219 3338 judicare
1229 3253 1317 3320 debet

218 3386 258 3436 aa
274 3371 412 3437 clericus
434 3385 608 3453 snspensas
626 3369 670 3436 sit
683 3387 787 3435 necne
806 3371 960 3434 innocens
980 3390 987 3435 :
1004 3389 1069 3435 non
1085 3375 1199 3452 potest
1221 3377 1317 3436 auten

216 3485 363 3572 judicare
377 3486 468 3552 illam
483 3484 666 3571 deliquisse,
683 3484 983 3569 exprobationibus
997 3505 1067 3571 quae
1083 3487 1145 3553 soli
1157 3487 1315 3569 Episcopo,

217 3609 403 3669 nouantem
415 3602 490 3681 sibi,
510 3601 668 3668 delictum
683 3601 835 3685 probent.
860 3601 964 3687 Atque
985 3601 1040 3677 id,
1062 3603 1278 3686 quamvisper
1291 3617 1318 3664 se

146 3693 151 3705 ⁸
217 3717 567 3804 pessumdandum
598 3719 774 3794 voluimus,
796 3718 872 3802 qaia
893 3725 944 3782 est
969 3719 1002 3782 in
1026 3719 1180 3801 presenti
1197 3715 1318 3784 materia

218 3834 314 3904 ualde
333 3835 582 3902 attendendam.
608 3837 679 3901 Non
695 3842 809 3922 tamen
825 3832 962 3899 dicimus
973 3834 1160 3916 ¹intrinsece
1182 3833 1318 3919 inimtan

218 3951 290 4018 iore
313 3953 527 4031 sententiam,
554 3951 580 4016 si
595 3953 790 4035 Episcopus,
816 3970 856 4016 ex
875 3949 1123 4034 probationibus
1142 3969 1214 4035 quaa
1226 3943 1317 4034 quoad

216 4071 323 4154 ipsum
339 4068 508 4135 dumtaxat
516 4068 674 4154 probent,
692 4067 935 4150 suspensionem
952 4067 1144 4149 pronuntiet
1155 4087 1162 4149 ;
1174 4063 1316 4151 siquidem

217 4199 260 4252 ex
288 4185 480 4272 hypothesi,
497 4203 670 4269 snspensas
684 4202 801 4250 revera
814 4182 968 4268 deliquit,
985 4190 1083 4268 atqua
1104 4201 1178 4248 eam
1203 4196 1314 4267 ponan

220 4305 357 4369 meritus
377 4303 439 4369 est.
466 4303 642 4386 Perperam
662 4309 771 4368 tamen
793 4302 861 4386 agit
882 4300 1076 4366 sententiam
1093 4293 1316 4385 pronuntiando

221 4421 400 4486 remissioni
420 4420 602 4486 obnoxiant.
625 4419 695 4484 lma
714 4417 940 4485 neomaenias
958 4394 1140 4503 procedere
1162 4425 1239 4482 tnnc
1255 4430 1315 4478 cen
