2836 5118
478 353 557 404 rans
581 355 737 403 sscnuna.
1102 341 1160 406 att

76 484 114 548 riu
126 484 218 569 magis
229 485 396 552 insolitum
412 489 576 550 occurret.
591 483 623 548 Si
640 499 720 548 vero
733 489 877 548 mentem
890 483 1110 550 convertimus
1125 483 1167 550 ad

76 617 181 666 errores
193 605 227 666 et
247 598 346 666 dubia
361 598 478 685 quibus
493 605 620 675 ortum,
639 597 694 663 vel
707 595 772 682 jam
792 595 901 675 dedit,
922 597 976 664 vel
991 600 1168 665 etiamnum

74 712 138 781 dure
151 723 254 800 potest
265 716 430 781 recentior
444 714 530 792 haeo,
552 733 570 778 a
585 721 734 797 tempore
749 713 873 778 sedicet
896 712 1090 781 Tridentium
1113 735 1168 801 sy-

73 829 136 896 nodi
150 830 332 897 introducta
352 831 476 907 formu,
494 830 585 896 nulla
603 831 689 895 forte
710 828 792 914 juris
814 830 899 896 sacri
915 847 989 913 pars
1006 829 1167 897 solertiori

72 945 273 1030 indagatione,
303 948 423 1012 nostris
449 947 630 1030 praesertim
653 945 873 1030 temporibus,
904 945 1051 1031 indigere
1079 946 1168 1013 vide·

72 1060 153 1127 bitur.

104 1173 240 1244 Arduum
253 1178 404 1262 proiecto
422 1184 666 1262 argumentum,
684 1177 716 1240 in
735 1193 801 1261 quo
818 1175 1053 1260 pertractando
1063 1177 1170 1244 sanior

70 1289 199 1362 doetrina
223 1315 243 1360 a
261 1296 452 1380 periculosis
470 1291 687 1378 quorumdam
708 1292 966 1376 opinationibus,
993 1292 1170 1359 solidarum

70 1415 284 1478 auctoritatum
304 1411 511 1488 adminiculo,
528 1419 680 1476 accurato
695 1393 747 1476 est
764 1410 994 1476 discernenda.
1016 1411 1112 1494 Quod
1133 1417 1171 1476 ut

68 1525 177 1596 facilius
192 1539 396 1614 promemus,
419 1528 479 1595 hoo
493 1527 609 1595 ordine
624 1527 850 1594 distribuenda
863 1529 999 1593 materia
1013 1530 1080 1594 visa
1094 1535 1143 1595 est
1159 1549 1166 1592 :

71 1644 98 1704 1⁰
113 1645 252 1710 dicemus
266 1643 346 1729 quid
360 1647 401 1710 eit
413 1653 448 1711 ot
461 1645 549 1710 unde
561 1651 634 1710 ortu
647 1645 844 1728 Episcopatis
860 1649 1003 1727 potestus
1017 1661 1058 1708 ex
1071 1642 1171 1710 intor-

66 1768 137 1825 mata
162 1761 356 1827 conscientia
373 1759 591 1844 procedendi3
620 1761 657 1823 2⁰
675 1765 870 1842 potestatem
893 1757 1079 1842 hujusmodi
1099 1763 1171 1824 tun·

66 1877 289 1960 quamomniuo
308 1885 432 1941 eertum
448 1875 614 1960 Episcopis
631 1874 883 1958 vindicabimus;
902 1877 938 1940 3⁰
953 1873 1087 1940 extendi
1099 1859 1171 1940 enm

64 1991 99 2058 ad
119 2001 224 2060 certos
245 2011 339 2058 nasus
363 1992 539 2078 dequibus
561 1992 697 2057 dubium
713 1991 790 2058 oriri
810 1999 920 2074 posset
935 1990 1168 2075 ostendemus,

64 2107 95 2172 ⁴⁰
106 2108 253 2194 ejusdem
262 2109 381 2174 limites
393 2106 646 2192 assignabimus3
666 2111 701 2172 5⁰
716 2106 851 2174 tandem
869 2106 1076 2192 subjiciemus
1090 2106 1170 2193 quid

65 2224 229 2292 catholicus
249 2225 387 2309 quisquo
413 2223 456 2290 da
479 2224 574 2310 hujus
596 2223 774 2316 discipline
790 2221 1031 2289 introductione
1047 2219 1169 2288 debent

63 2345 112 2404 ant
124 2340 213 2406 iioite
229 2341 331 2425 possit
346 2339 468 2406 sentire
484 2347 519 2404 et
532 2340 704 2405 sustinere.

518 2617 651 2686 CAPUT
674 2618 700 2684 1.

61 2891 135 2951 Qum
157 2895 208 2944 SlT
231 2895 273 2942 ΕΤ
296 2895 386 2944 UNDE
410 2895 498 2944 ORTA
521 2892 726 2943 EPISCOPAUS
737 2891 897 2948 totusue
920 2893 963 2942 EX
986 2889 1172 2940 OEFORMATA

379 3009 592 3060 cousctuurrt
615 3007 834 3058 ruocunuuut.

101 3276 126 3342 i.
154 3277 292 3344 Unmum
315 3277 391 3343 huia
410 3279 587 3364 episcopati
604 3277 760 3362 potestati
783 3277 964 3362 assignatur
981 3277 1175 3348 tundamen-

61 3394 149 3457 tum:
170 3401 269 3477 eaput
288 3406 405 3478 nempe
419 3395 560 3478 primum
578 3395 625 3481 (de
638 3391 869 3478 deformatione)
884 3395 1033 3462 sessionis
1050 3397 1087 3462 li
1105 3397 1175 3464 Τή-

61 3505 181 3575 denttni
199 3511 345 3594 coneilii3
363 3527 428 3596 qno
444 3519 555 3590 textu,
576 3520 730 3596 tauquam
748 3511 897 3591 cordine,
919 3521 989 3578 tota
1006 3514 1123 3579 nititur
1140 3523 1175 3582 et

61 3627 197 3692 vertitur
221 3627 454 3712 pertractanda
474 3646 561 3694 nuno
576 3627 774 3713 juditiorum
794 3647 833 3691 ea
851 3631 1015 3710 informato
1030 3638 1175 3697 conscien-

61 3747 103 3805 tta
126 3745 313 3826 gravissima
339 3746 486 3830 quaestio.
513 3747 564 3812 lta
591 3747 714 3812 seilicet
744 3746 966 3812 decreverunt
993 3746 1174 3818 Tridentini

59 3855 171 3926 Patres
190 3883 198 3926 t
224 3866 300 3926 Oeam
321 3863 472 3925 honestius
488 3881 523 3925 oo
535 3867 630 3926 tutius
642 3869 684 3925 sit
702 3865 842 3945 subjecto,
858 3865 989 3926 deditam
999 3871 1173 3948 propositis

59 3975 252 4042 obedientiam
267 3981 482 4061 impendendo,
501 3985 533 4042 ia
550 3983 692 4060 inferiori
712 3984 880 4042 ministerio
898 3983 1065 4058 deservire,
1083 4001 1172 4064 quam

58 4107 125 4153 oum
136 4101 364 4176 propositorum
384 4098 526 4158 seandalo
546 4099 696 4176 araneum
713 4097 856 4158 uitiorum
879 4105 1016 4178 appetere
1037 4101 1173 4179 attonito·

57 4211 119 4268 tem
129 4229 145 4285 ,·
157 4216 201 4290 ot,
220 4215 270 4272 eut
288 4227 427 4274 omasus
448 4190 489 4274 nd
504 4229 603 4274 saeros
623 4213 744 4275 ordines
762 4190 782 4274 a
797 4233 851 4276 sno
867 4215 1020 4290 motato,
1042 4230 1082 4276 ean
1098 4229 1172 4296 qno·

58 4341 180 4406 uimque
198 4345 303 4406 muso,
332 4335 422 4392 ettam
445 4333 482 4393 oo
497 4333 644 4394 monitum
667 4336 798 4410 crimea,
811 4333 1055 4418 ‘momoodolitess
1078 4337 1169 4395 ettaaa

58 4448 343 4524 mundialiter
356 4451 450 4530 ttaertt
459 4451 636 4512 inteutans
648 4471 660 4524 ,-
