2848 5118
127 379 130 386 .
219 321 282 386 Μ
562 335 816 388 mercenses
835 335 984 386 runicus.

217 457 419 530 incommoda
433 460 472 548 (si
481 458 573 526 verbi
587 461 701 544 gratia,
723 477 800 525 reus
810 459 851 525 sit
871 459 1018 538 clericus,
1032 459 1174 530 ‹et-testis
1185 459 1318 537 immina,

219 578 360 663 quunos
372 575 463 643 videt
476 573 640 642 dedecere
655 573 983 659 conmutationem)
999 597 1005 641 :
1024 582 1094 644 tum
1109 575 1152 642 ob
1165 573 1323 646 difficulte-

219 701 287 758 tem
308 700 398 759 recte
423 691 615 776 peragenda
638 690 824 776 hujusmodi
841 690 1125 774 confrontationis;
1146 691 1235 760 unde
1255 711 1323 775 pru

99 813 103 820 '
219 807 338 876 deuter
351 809 567 893 Pciicgriuus,
587 809 637 874 vir
651 808 684 875 in
706 807 754 874 rei
767 806 943 891 judiciariae
963 808 1055 891 praxi
1077 809 1320 876 versatissimus:

222 925 337 1006 oQuia
357 925 573 992 confrontatio
596 924 735 1008 requirit
763 943 912 1008 magnam
938 925 1273 1008 circumspectionem,
1295 935 1325 992 et

222 1065 239 1104 c
254 1042 431 1124 practicam
444 1042 557 1124 inipso
571 1040 655 1107 bene
669 1039 833 1118 facienda,
851 1059 913 1124 ego
926 1059 1090 1125 nonquam
1104 1041 1261 1119 facerem,
1277 1041 1325 1108 rel

223 1158 374 1226 «sutem
388 1156 432 1224 de
451 1175 537 1234 raro,
559 1155 618 1222 sed
636 1175 768 1240 semper
788 1175 937 1222 curarem
961 1155 1034 1222 fieri
1055 1157 1324 1240 repetitionem.»

219 1275 336 1362 (Peme
348 1277 381 1354 4,
399 1280 481 1342 sect.
498 1278 530 1351 9,
548 1294 582 1338 n.
600 1271 669 1357 68.)

266 1392 449 1460 Eormulam
476 1397 586 1458 autem
612 1390 805 1474 peragendae
831 1389 1111 1468 commentationis,
1134 1391 1165 1456 si
1189 1391 1326 1458 ominem

220 1509 255 1577 in
268 1513 380 1575 nostro
402 1507 591 1577 formusrio
612 1505 795 1584 desideres,
813 1507 928 1591 supple
944 1525 984 1571 ex
1000 1503 1118 1572 eodem
1134 1507 1323 1590 Peliegriuo,

219 1626 278 1712 qui
296 1644 367 1692 eom
391 1643 454 1709 per
476 1631 647 1692 extensum
666 1621 779 1690 tradn.
802 1623 917 1709 (Parte
938 1623 970 1700 4,
991 1623 1135 1688 sectione
1155 1627 1187 1700 9,
1207 1643 1240 1688 ιι.
1261 1627 1280 1690 9
1298 1631 1326 1687 et

220 1738 461 1826 mouentibus.)

267 1861 359 1924 Noto.
387 1893 430 1908 ω·-
454 1855 592 1937 Quando
607 1853 646 1921 iit
664 1855 883 1920 confrontntio
902 1854 1051 1932 testium,
1077 1854 1185 1921 iocum
1207 1852 1326 1938 supplet

220 1973 424 2057 repetitionis
444 1969 655 2054 eorumdem
672 1989 708 2035 ac
724 1969 860 2054 proinde
885 1969 1038 2053 repetitio
1053 1978 1134 2034 tnnc
1146 1987 1214 2034 uon
1227 1967 1327 2034 esitio·
1402 2001 1403 2046 t

219 2085 346 2159 sunu.

667 2341 809 2411 cirus
828 2341 884 2409 ix.

219 2601 268 2660 'un
286 2607 457 2664 runcoris
479 2611 708 2674 possessoriis,
736 2617 795 2663 snu
814 2616 859 2663 nn
877 2614 1055 2662 nnocnssus
1078 2615 1273 2672 nereusrvo,
1294 2613 1327 2656 nr

464 2728 627 2790 Quouooo
650 2730 830 2778 processus
853 2730 912 2776 rnc
935 2730 1099 2776 rmmrun.

273 3016 303 3080 1.
329 3011 388 3080 Jus
412 3031 483 3080 sese
507 3011 725 3093 defendendi,
746 3035 813 3081 non
837 3016 977 3082 humana
1004 3023 1129 3082 matum
1145 3025 1184 3082 et
1205 3018 1326 3100 positia

220 3127 295 3207 i'ex,
314 3127 377 3198 scd
398 3129 552 3196 naturalis
570 3131 671 3196 etium
691 3139 725 3197 ot
746 3129 855 3198 divina
877 3151 937 3198 reo
952 3132 1114 3198 tribuunt.
1132 3135 1176 3198 -In
1196 3151 1261 3219 quo
1279 3131 1326 3198 de·

203 3239 454 3325 ‘monstrnndm
487 3265 562 3312 cum
593 3255 688 3314 extra
718 3248 970 3314 controversiam
1001 3251 1061 3330 sit,
1095 3265 1162 3314 non
1190 3252 1326 3317 immori·

225 3356 344 3430 bimur.

270 3480 303 3542 2.
318 3479 399 3542 iiiuc
411 3476 464 3563 jus
478 3477 576 3544 habet
589 3498 666 3546 reus
679 3488 717 3545 ut
727 3479 830 3564 judex
845 3479 1003 3565 procedat
1016 3479 1059 3547 ad
1073 3501 1210 3549 examen
1223 3499 1325 3550 eorum

223 3592 385 3671 anniam,
403 3611 475 3678 quae
489 3593 524 3658 in
538 3595 588 3660 sui
602 3593 826 3662 defensionem
851 3595 967 3663 afferre
988 3597 1139 3664 voluerit.
1167 3600 1212 3663 Ut
1229 3603 1325 3664 autem

226 3709 328 3790 possit
342 3707 444 3792 judex
456 3727 558 3792 super
572 3708 731 3794 ejusmodi
745 3711 943 3777 defensionis
956 3711 1072 3778 mediis
1089 3712 1326 3796 processurum

221 3824 374 3902 stituerc,
390 3843 522 3894 necesse
538 3833 588 3892 est
603 3846 642 3892 ea
658 3827 720 3910 ipsi
736 3828 824 3892 ctare
840 3827 987 3894 iudicari.

262 3937 336 4004 *Pro
351 3957 416 4023 quo
437 3959 514 4008 reus
529 3960 596 4025 :per
609 3961 644 4007 se
658 3943 715 4007 uel
733 3952 906 4027 patronum
932 3959 1026 4021 suum
1050 3947 1243 4030 scripturum
1257 3961 1325 4012 cor

225 4054 352 4132 cinnat,
373 4055 407 4120 iu
426 4075 489 4141 qua
510 4060 660 4124 enuntiat
680 4059 767 4125 varia
789 4062 909 4143 capita,
934 4079 974 4128 er
996 4063 1114 4148 quibus
1133 4081 1225 4129 suam
1247 4065 1325 4128 iuno

226 4171 367 4238 cendam
381 4170 510 4242 ostendi
524 4173 701 4252 contendit,
716 4182 751 4240 et
764 4175 947 4261 inquorum
961 4179 1161 4264 singulorum
1176 4178 1325 4266 ponam

221 4305 304 4355 uem
315 4285 453 4356 idoneos
467 4296 568 4357 testes
581 4297 639 4355 aut
652 4289 848 4357 documenta
855 4313 895 4359 se
909 4294 1148 4378 producturum
1161 4293 1322 4382 promittit.

227 4401 308 4483 noe
332 4402 497 4489 scripturo
522 4403 628 4487 judici
646 4405 771 4472 ¹tmdita
786 4407 835 4474 tit
856 4409 960 4475 tatius
985 4407 1145 4482 ostensivi
1171 4423 1324 4495 procesit
