2878 5114
250 307 315 394 ma
597 343 784 392 macrinus
808 347 851 392 na
873 343 1023 392 runicus.

252 492 268 529 a
283 476 317 534 et
331 467 526 551 intelligibili
545 485 637 544 roae,
654 460 692 533 nt
708 467 750 534 ob
768 467 917 534 omnibus
937 467 1123 534 audiantur.
1143 470 1252 534 Postea
1268 471 1332 536 solet

251 607 268 644 a
284 583 509 667 aani'hymnus
519 589 558 648 Te
571 588 664 648 Deum
676 587 845 649 laudamus.
861 588 901 650 Et
912 592 1046 651 notatur
1056 584 1098 649 ab
1110 585 1335 667 eodemnotarlo

252 721 279 760 α·
289 708 379 766 setus
397 700 605 783 possessionis
618 701 652 764 in
666 701 747 765 setis
760 702 869 778 surim,
887 708 922 766 et
936 703 969 765 in
984 699 1106 766 eisdem
1123 701 1236 767 litteris
1248 710 1335 785 paten-

252 841 274 877 a.
285 815 426 893 nulibus,
445 815 513 880 sive
528 813 681 880 mandato
698 816 859 899 Episcopi,
870 818 929 882 lali
946 817 999 882 vel
1012 817 1109 882 simili
1124 817 1253 882 moda.»
1271 818 1336 904 (Pel-

194 919 199 926 ’
248 931 375 1016 inguini,
390 938 484 1017 parte
502 935 531 1009 l,
546 937 662 996 Manita
673 935 825 1012 peneratia
834 953 893 1015 pro
911 936 1038 996 'Vieariis
1050 937 1244 1015 generalibus,
1262 954 1289 998 u.
1303 931 1335 1016 1.)

297 1070 313 1102 a
326 1051 365 1112 In
387 1053 443 1112 Dei
466 1054 594 1112 nomine.
619 1050 723 1111 Amen.
750 1085 795 1094 -
813 1052 1001 1112 Reueremtus
1015 1054 1163 1112 Dominus
1179 1055 1231 1130 m,
1244 1069 1337 1132 passas·

249 1172 360 1230 sionem
373 1172 460 1248 acepit
471 1171 520 1228 sui
530 1166 622 1245 officii
634 1171 817 1243 vicariatus,
833 1169 983 1230 mediante
994 1169 1138 1230 mandato
1149 1169 1280 1248 Episaapi
1292 1170 1316 1231 Ν
1318 1215 1333 1241 .,

250 1285 449 1366 praesentibus
468 1285 604 1346 munibus
624 1285 755 1346 dausinis
776 1288 927 1346 canonicis
955 1290 984 1344 et
1009 1285 1212 1372 ctipnitutilms
1236 1283 1338 1362 capitul.¹

250 1399 339 1480 uajm
361 1398 544 1462 cathedralis
565 1401 709 1477 ecelesiam
727 1402 787 1478 (tie,
815 1407 886 1477 eta,
911 1419 1019 1477 mense,
1042 1406 1114 1476 ete„
1139 1399 1222 1476 tora,
1245 1405 1293 1460 ata.
1312 1400 1338 1459 la

248 1535 371 1596 quarum
385 1516 488 1594 fidum,
502 1522 557 1579 ete.
576 1520 688 1580 Datum
704 1521 871 1579 incivitate
884 1518 938 1591 Ν.,
955 1516 1014 1577 die.
1024 1561 1060 1589 ..,
1074 1533 1226 1592 meuse...,
1241 1533 1337 1576 uuna...

248 1635 363 1713 -Epo
378 1635 407 1696 N
411 1680 433 1710 .,
451 1639 588 1696 notarius
603 1638 694 1695 eur-im
708 1638 801 1714 episc.
818 1654 834 1692 n

668 1836 669 1839 Ὺ
776 1883 831 1946 vr.

303 2113 413 2164 FORMA
435 2111 672 2160 unrursrlouls
695 2113 818 2159 vlcnull
842 2111 1023 2160 emanantis
1047 2112 1296 2162 nncmurlscorr.

293 2329 371 2393 Tres
385 2325 542 2393 formulas
560 2325 691 2392 exhibet
709 2325 910 2407 Pellegrinus
928 2327 1039 2413 (parte
1058 2332 1086 2405 l,
1105 2335 1186 2392 seat.
1203 2331 1233 2404 3,
1249 2324 1337 2390 subse

250 2445 357 2510 alione
369 2441 415 2528 3);
430 2461 566 2527 quarum
580 2443 681 2526 prima
694 2441 857 2506 Viearinm
867 2443 1051 2526 generalem
1063 2445 1269 2527 Episcopum,
1283 2439 1337 2505 dua

249 2559 316 2627 alioe
332 2562 494 2626 Viearinm
514 2561 699 2644 generalem
718 2560 986 2643 nonepisaopum
1009 2561 1198 2643 respiciunt.
1219 2560 1337 2625 Alteram

249 2677 419 2743 dumtaxat
432 2695 473 2740 en
489 2675 618 2741 duobus
642 2675 888 2760 posterioribus,
914 2679 1035 2760 paneis,
1054 2695 1125 2761 qnae
1143 2675 1237 2742 bodie
1258 2673 1337 2757 appl-

250 2795 409 2858 cationem
425 2811 490 2857 non
505 2790 644 2868 habent,
661 2793 850 2871 immutatis,
868 2795 1125 2860 transcribimus.
1307 2793 1311 2800 '

261 2976 262 2979 Ἴ
295 2933 312 2969 a
328 2915 368 2976 N.
372 2959 383 2989 ,
400 2914 458 2974 Dei
470 2917 498 2972 et
514 2910 689 2990 Apostoliaoe
703 2911 790 2972 Sectis
805 2918 907 2990 pratia
920 2913 1166 2994 Aratispisaapus
1180 2918 1218 2977 Ν.
1234 2946 1273 2958 -
1285 2913 1340 2972 Can

251 3047 291 3090 ex
307 3028 475 3107 Apostatiaa
492 3045 559 3088 aare
581 3027 682 3088 clareat
701 3030 773 3104 Nos,
793 3034 934 3107 tanquam
955 3035 1068 3108 positos
1084 3049 1103 3091 a
1117 3033 1236 3110 Spiritu
1256 3030 1341 3092 Semta

253 3159 353 3220 repere
367 3141 519 3200 eeclesiam
539 3146 688 3221 nostram,
718 3146 952 3221 sanguinalem
971 3145 1087 3206 Christi
1116 3149 1304 3225 acquisitum
1322 3143 1342 3198 el

248 3263 408 3338 propterea
418 3262 561 3336 quantum
574 3261 607 3318 iu
622 3259 714 3319 Nabis
730 3263 773 3318 est
787 3277 903 3336 aurare,
921 3265 956 3320 ut
969 3265 1076 3320 runata
1091 3260 1303 3338 adimpleantur
1314 3270 1343 3312 m

253 3377 334 3433 amni
346 3378 444 3454 parta,
459 3391 523 3452 quaa
535 3375 744 3453 pertinentem
754 3379 889 3454 primum
904 3376 1039 3436 ordinem
1055 3374 1278 3451 bieraratsiaum,
1292 3387 1346 3450 mm

247 3509 312 3568 ,nan
325 3491 367 3552 ael
380 3490 561 3568 dignitatem
581 3497 715 3552 nostram
734 3497 763 3552 at
775 3491 1042 3572 jurisdictionem,-
1067 3477 1252 3554 attendentes
1267 3505 1344 3552 maes·

253 3608 374 3668 sitatem
389 3609 423 3666 in
437 3623 496 3683 pua
518 3623 631 3685 semper
647 3609 806 3668 constituti
826 3626 928 3668 sumus
944 3614 1067 3688 propter
1088 3607 1266 3688 muttiptiaes
1278 3620 1344 3666 aasu-

248 3725 387 3800 patianes
408 3727 544 3797 nostras,
567 3727 595 3782 et
610 3740 713 3782 auram
730 3726 902 3784 animarum
920 3741 985 3802 quaa
1008 3723 1094 3784 nabis
1115 3724 1341 3804 sstbjeatusanm

252 3840 436 3898 carmenum
451 3837 535 3898 nabis
547 3837 608 3914 fiait
622 3846 747 3898 inumera·
760 3843 863 3898 nostra
876 3838 948 3898 ultis
965 3841 1132 3918 impartiri,
1150 3842 1203 3916 qui
1217 3835 1338 3906 murm,

252 3954 396 4028 seientia,
413 3957 441 4012 et
456 3957 545 4014 oetate
567 3956 678 4031 reperti
693 3955 756 4013 sint
765 3954 985 4032 probatissimi.
1005 3955 1122 4016 laureo
1143 3955 1342 4016 omnitenentis

251 4067 585 4146 multimammiam
607 4073 695 4146 atque
718 4072 874 4130 seientiam
901 4071 1016 4130 dom-ini
1038 4072 1068 4131 Ν
1071 4116 1077 4130 .
1082 4117 1093 4147 ,
1111 4073 1196 4150 juris
1210 4072 1342 4144 atramque

124 4181 132 4193 ¹
252 4182 394 4258 doctoris,
424 4188 594 4244 reuaaantes
623 4187 772 4262 imprimis
802 4201 1010 4264 quemeumque
1037 4186 1133 4246 atium
1161 4187 1303 4248 Viearium
1320 4181 1342 4236 et

253 4297 418 4376 Olliniatem
432 4305 578 4376 nostrum,
594 4299 735 4360 terrenus
740 4313 796 4378 per
806 4303 866 4365 Nos
878 4305 1071 4364 eomtitutum
1086 4299 1160 4386 (vel,
1176 4306 1251 4363 eitra
1263 4305 1343 4360 tanen

253 4417 464 4474 revocationem
474 4413 602 4474 aliarum
615 4415 802 4474 Viaariorum
813 4420 993 4493 nostrarum,
1003 4433 1058 4495 per
1068 4434 1121 4478 nas
1131 4418 1211 4478 atius
1222 4413 1343 4476 amulitar-
