2848 5118
485 336 566 393 nnus
587 338 747 395 secunau-
1113 323 1172 393 167

84 484 97 526 e
106 459 209 548 judex,
224 481 285 547 per
297 462 764 548 inimieorum-restitutionem
785 462 1012 550 resolutorum
1028 462 1083 530 vel
1096 462 1175 538 cius

83 579 235 650 «onam
255 579 427 664 pristinam
442 586 563 650 statum
582 587 772 662 reponatur.
793 580 889 666 (Lege
902 579 1002 656 finali,
1020 578 1054 653 d.
1071 581 1110 653 dc
1124 583 1174 649 liu

82 699 238 777 inimieorum
258 701 447 765 restitutione
456 717 469 774 ,·
484 732 529 749 -
542 696 614 780 lege
625 700 671 765 Εα
681 716 747 782 quc
760 703 791 771 7,
807 715 837 769 c.
850 697 1038 782 Quomoiou
1053 697 1174 784 numm

81 811 177 892 rjud.,·
188 845 231 864 -
243 810 319 892 loge
334 815 413 892 Ouia
427 814 547 879 eoseum
561 811 593 882 4.
617 829 647 878 c.
664 813 701 874 de
716 815 897 888 l’recurnt.,·
909 846 954 858 -
967 809 1039 892 lege
1057 814 1093 876 Si
1102 829 1174 894 pro·

80 926 297 1006 rourofficimm
318 929 346 1002 t,
365 945 394 992 c.
417 929 531 1006 Quibus
542 947 583 993 ec
595 932 693 998 comis
707 923 828 1012 Major.)
839 925 888 995 Aa
902 924 1173 1010 veeohujmmedi

80 1037 372 1122 «impedimentum,
397 1040 488 1126 quod
512 1040 664 1126 objicitur
682 1040 724 1108 ad
747 1038 963 1112 excusandam
979 1040 1168 1118 absentiam,

78 1176 91 1218 e
104 1171 207 1224 reuera
215 1156 329 1234 sumsit,
339 1175 535 1242 cognoscere
545 1166 579 1224 ot
588 1157 769 1224 decernere
777 1156 819 1224 od
829 1154 973 1244 judicem
982 1158 1136 1242 pertinet.
1151 1179 1168 1220 n

77 1269 368 1358 (Schmnlzgrucber,
381 1273 415 1338 in
429 1275 479 1340 tit.
499 1276 550 1350 ld,
568 1275 644 1342 libri
661 1277 681 1340 2
697 1274 838 1350 decret,
860 1294 893 1338 u.
912 1272 983 1358 tu.)

107 1387 246 1470 Quosne
263 1391 308 1454 5¹.
326 1425 372 1444 ψ-
383 1393 534 1470 Quomodo
544 1393 765 1476 procedendum
777 1395 819 1453 sii
836 1397 1085 1456 contumaciorem
1099 1408 1170 1470 oco·

75 1507 278 1572 mauemr-
295 1503 334 1571 Id
353 1502 524 1573 definitum
542 1505 706 1590 reperitur
720 1505 754 1570 in
772 1503 846 1588 jure
868 1505 1024 1570 canonico
1040 1501 1168 1574 duabus

74 1614 287 1687 decretalibus.
305 1619 410 1696 Prior,
428 1637 499 1704 quae
517 1625 567 1686 est
580 1619 757 1690 Alexandri
768 1621 815 1689 tlt
832 1620 915 1706 (cap.
928 1624 1059 1687 Causam
1082 1623 1114 1698 3,
1131 1619 1171 1686 ti·

72 1734 121 1805 tuli
142 1735 190 1811 td,
215 1734 331 1803 libri‘i
359 1734 599 1820 decretalium),
627 1736 710 1802 hunc
738 1755 804 1820 prm
828 1755 863 1802 se
885 1736 952 1802 fert
975 1735 1167 1808 rubricoso:

71 1851 160 1921 detero
173 1861 356 1932 comumcee,
372 1860 463 1920 icsics
477 1859 570 1938 recipi
585 1861 614 1919 et
628 1859 777 1918 sententio
792 1856 870 1934 ferri
882 1854 999 1928 demut,
1013 1857 1105 1919 etiem
1117 1855 1171 1930 tiu

70 1984 119 2037 ooo
129 1977 309 2049 mummola,
322 1989 372 2035 roo
388 1975 531 2037 instante.
549 1971 587 2036 la
603 1968 761 2036 decretali
779 1976 889 2036 autem
905 1969 984 2052 ipsa,
999 1968 1045 2037 sic
1059 1967 1168 2060 dispo·

70 2083 144 2150 uitur
157 2086 241 2152 circa
262 2093 406 2153 actorem
420 2085 488 2170 (qui
506 2084 539 2150 in
551 2104 648 2152 causa
659 2085 703 2156 de
718 2103 781 2172 qua
800 2085 845 2150 ibi
856 2084 1016 2172 agebatur
1034 2092 1172 2152 vocetur

68 2198 255 2285 adversarius)
273 2222 283 2266 t
302 2205 460 2282 cumeum,
485 2207 514 2264 si
528 2203 722 2268 aduersarius
741 2221 813 2266 suus
832 2203 965 2282 leuitimc
984 2206 1106 2281 citatus,
1128 2203 1170 2276 od

64 2322 243 2398 presentiam
265 2324 395 2383 vostram
418 2319 572 2398 accedere,
592 2320 640 2382 cet
658 2320 779 2402 judicio
804 2326 902 2381 cestro
916 2322 1025 2404 peroro
1046 2325 1172 2389 eonom-
1287 2333 1289 2338 '

64 2438 158 2511 uerit,
175 2440 229 2500 oui
242 2438 375 2500 eiiemsc
388 2435 602 2512 absentaverit,
617 2439 845 2516 procuratorem
856 2437 932 2514 ejus,
953 2439 981 2498 si
997 2453 1083 2517 quem
1096 2433 1170 2500 ruo

66 2554 152 2624 cuerit
172 2554 335 2612 convocetis
351 2568 361 2609 :
379 2553 432 2630 qui
445 2554 508 2610 sice
524 2553 638 2613 venerit
658 2554 722 2612 sice
740 2567 818 2626 oco,
835 2556 889 2612 out
903 2554 932 2611 si
945 2556 1169 2630 procuratorem

63 2679 114 2727 coo
126 2665 252 2742 dimisit,
272 2665 552 2735 denuuoutiaotous
576 2665 618 2730 ed
641 2666 760 2729 domum
776 2670 839 2754 ejus
860 2669 971 2741 missis,
990 2669 1116 2748 receptis
1130 2671 1170 2727 ic·

63 2784 146 2850 stitus
158 2785 283 2852 alterins
295 2789 406 2866 portis,
420 2788 516 2866 juncto
536 2785 650 2848 dictum
669 2785 799 2862 fornoum
814 2785 856 2848 oi
873 2784 1086 2864 proferendum
1100 2801 1167 2852 aco*

63 2905 174 2964 tentiam
191 2904 373 2988 procedetis.
398 2900 502 2968 Alteri
526 2898 703 2977 decretali,
728 2917 799 2986 qum
826 2898 976 2965 cliormot
1006 2905 1105 2982 capnt
1134 2903 1163 2978 l,
1206 2972 1210 2986 Ι

62 3017 139 3087 tituli
161 3020 194 3098 6,
213 3017 290 3085 libri
311 3019 341 3093 2,
362 3017 516 3095 in-soeto,
542 3018 588 3082 sic
610 3035 671 3102 pro
692 3016 823 3083 rubrica
848 3015 1030 3101 praeligitur
1047 3037 1054 3082 ε
1074 3019 1164 3088 Actor

62 3140 208 3200 mortuno
230 3136 446 3201 contemnetur
466 3139 499 3198 io
514 3139 669 3216 repensis·
683 3153 736 3196 uec
749 3138 863 3198 citetur
883 3134 1010 3199 oilerius
1024 3135 1066 3196 od
1079 3151 1164 3202 suem

57 3256 217 3327 petitionem
239 3269 318 3332 rcus,
338 3254 400 3312 uisi
420 3257 524 3316 occect
545 3253 582 3334 cle
599 3253 742 3316 veniendo
756 3257 786 3315 ct
806 3252 1013 3338 comoncroudc.
1044 3248 1083 3314 In
1095 3249 1164 3334 ipsu

62 3381 132 3428 uero
146 3364 312 3444 decretali,
329 3367 374 3430 sio
394 3363 544 3432 dccermt
562 3366 771 3436 Innocentius
785 3366 830 3432 IV
848 3366 960 3436 :Actor
978 3369 1030 3452 qui
1040 3368 1086 3430 ,od
1106 3372 1163 3430 ter·

62 3485 161 3547 minues
179 3489 293 3559 ricuino,
312 3486 357 3551 cd
371 3502 457 3568 quem
471 3487 562 3548 citeri
584 3486 793 3548 aduersarium
807 3485 931 3566 scoerot,
951 3488 1156 3564 conuocauit,
1184 3497 1188 3509 “

62 3605 177 3664 memnii
187 3621 237 3666 cco
251 3606 288 3664 iu
297 3606 437 3681 auersis
451 3599 586 3684 (propter
600 3600 653 3664 inco
669 3603 761 3681 sactis
777 3596 920 3684 lcoiiime)
936 3602 1157 3666 condemnetur.

62 3715 103 3781 dd
113 3721 278 3783 citationem
291 3719 385 3780 olium
399 3721 520 3780 minime
533 3718 750 3795 meorumue,
768 3721 831 3782 uisi
840 3716 1020 3796 sufficiemer
1032 3719 1156 3796 cederit,

61 3833 129 3906 cuod
140 3838 172 3895 io
183 3838 313 3898 termino
327 3833 572 3910 fideliterdcbcnt
583 3851 763 3912 comparere.

100 3946 142 4010 Ex
164 3949 201 4014 iis
224 3956 335 4013 autem
359 3947 504 4012 textibus
524 3949 569 4012 sic
597 3944 863 4012 determinandus
879 3949 969 4012 veuit
990 3949 1162 4019 canonieus

63 4069 162 4130 toules
178 4071 322 4132 actorem
334 4070 559 4130 contumacem
576 4062 778 4148 procedendi
791 4061 908 4128 modus
927 4084 934 4128 :
958 4066 989 4128 1⁰
1007 4064 1160 4154 supponi·

63 4179 109 4240 tor
129 4187 268 4264 notorem
290 4179 437 4248 libellum
452 4178 557 4263 judici
581 4181 766 4266 porrexisse
780 4201 788 4264 ;
803 4181 946 4269 alioquin
964 4180 1061 4257 cuim,
1086 4197 1161 4250 cum

61 4294 153 4361 ussit
168 4295 274 4362 adhuc
287 4297 425 4380 integra,
440 4315 629 4381 comparere
647 4315 713 4362 non
727 4305 874 4376 tenetur,
895 4305 930 4364 et
949 4298 1010 4382 ipsi
1021 4297 1160 4381 applico·

60 4409 106 4472 tur
125 4413 281 4493 generalis
305 4412 430 4497 regulo,
449 4417 593 4478 comoed
612 4417 760 4495 coendum
779 4416 937 4495 injudicio
957 4415 1093 4496 compelli
1103 4431 1158 4495 po-
