2930 5114
227 321 288 386 58⁴
568 334 756 386 memoras
778 335 821 384 aa
842 333 990 384 sunrans.

226 459 393 548 patronus)
412 468 596 546 praesentavi
617 469 653 526 ut
676 481 779 543 stupra.
796 497 841 510 -
855 464 920 543 Epa
944 465 999 542 N.,
1017 467 1156 526 Vicarius
1177 464 1335 544 quarata.

227 616 270 632 —-
287 583 351 661 Epo
365 583 421 659 N.,
439 584 611 644 actuarius.
628 601 643 638 a
1001 659 1004 664 ἱ
1235 609 1237 614 -

271 676 388 762 Postea
402 695 494 762 citeri
508 694 609 760 debet
622 711 699 760 rens
709 691 843 778 ejusque
859 701 1025 777 patronus,
1044 693 1086 760 ad
1098 691 1278 760 videndum
1290 693 1342 779 ju·

226 819 372 876 ramenta
401 829 561 876 nouorum
584 810 727 886 testium,
749 815 783 874 et
805 797 1003 876 audiendam
1026 829 1141 875 eorum
1166 806 1342 893 depositio-

225 946 327 992 nem:
351 933 385 992 et
401 925 498 991 datur
522 924 644 991 eisdem
661 923 758 1009 hujus
778 903 935 995 examinis
955 926 1057 1009 copia,
1076 931 1114 991 ut
1137 925 1343 991 defensiones

225 1062 299 1110 suas
319 1061 435 1125 parare
458 1041 593 1124 possint.
618 1042 696 1123 Quae
712 1040 818 1106 omnia
839 1039 926 1114 finnt¹
945 1041 1095 1107 formulis
1114 1040 1341 1125 inmunditia

226 1161 358 1226 mutatis
374 1159 549 1227 mutandis.

270 1280 353 1344 Item
376 1297 436 1362 pro
449 1285 542 1360 parta
555 1276 615 1344 Rei
628 1277 818 1359 presentari
843 1283 980 1361 possunt
1001 1295 1094 1342 nova
1119 1275 1344 1362 defensionem

227 1399 260 1464 in
274 1416 339 1482 quo
350 1395 541 1481 exequendo
552 1393 701 1462 adhiberi
712 1396 835 1479 poterit
845 1414 984 1480 sequens
997 1402 1055 1462 aut
1070 1396 1181 1462 similis
1191 1397 1344 1464 formula.

273 1535 289 1576 a
307 1518 447 1592 Auno...,
464 1533 617 1591 measa...,
635 1515 740 1592 die...,
759 1517 1102 1593 coronamentum,
1120 1518 1241 1578 Vinaria
1259 1535 1346 1596 perre-

227 1634 289 1694 rati
303 1635 471 1712 comparuit
492 1632 631 1693 domiuus
654 1633 686 1694 N
688 1678 710 1707 .,
729 1632 845 1694 domiai
863 1633 894 1693 N
897 1678 919 1708 .,
941 1635 1086 1711 proetcmi
1101 1633 1164 1708 itai,
1180 1638 1344 1712 patronus,

227 1754 257 1810 et
270 1751 465 1827 presentavit
481 1763 574 1808 uocas
596 1748 791 1826 defensiones,
817 1765 882 1826 pua
896 1750 1088 1825 incipiunt...
1112 1753 1142 1808 et
1162 1747 1345 1811 desinunt...

228 1870 257 1926 et
271 1865 416 1928 habemur
432 1866 516 1943 iufra
532 1869 612 1926 iuter
627 1869 708 1941 acta,
726 1868 854 1944 sipuatoe
867 1882 1044 1926 numero...
1060 1864 1235 1926 Postulavit
1249 1871 1348 1927 autem

228 1979 329 2040 dictus
344 1978 480 2040 domiuus
498 1979 528 2040 N
531 2023 552 2054 .,
572 1982 606 2038 ut
621 1994 711 2055 super
727 1981 812 2038 acuis
825 1996 844 2037 a
858 1995 888 2038 se
903 1977 1059 2054 productis
1077 1978 1201 2040 testibus
1214 1981 1244 2038 et
1260 1978 1348 2039 docu-

229 2097 338 2155 mentis
352 2111 477 2155 cucanea
492 2096 682 2155 instituatur.
701 2095 783 2171 Quas
799 2111 891 2156 uocas
907 2093 1091 2171 desumimus
1104 2095 1255 2173 pausatus
1269 2111 1349 2155 rave·

230 2210 342 2272 raudus
356 2211 492 2270 Viearius
513 2209 662 2287 pancratis
675 2212 703 2268 si
716 2213 744 2268 et
759 2212 792 2268 ia
812 2214 957 2286 quamam
973 2213 1142 2286 acceptans,
1161 2211 1253 2286 jussit
1273 2213 1349 2270 iuter

231 2329 300 2385 acta
320 2327 435 2402 reponi,
457 2323 535 2402 quod
551 2328 579 2383 et
599 2323 673 2400 feei·
693 2327 723 2383 et
744 2323 874 2385 decrevit
890 2341 979 2401 super
1000 2324 1106 2384 iisdem
1126 2329 1219 2401 prout
1233 2325 1349 2405 dejure

232 2457 356 2501 ecameu
378 2443 545 2500 instituere.
564 2440 602 2499 Iu
623 2457 749 2517 quocum
765 2437 866 2515 fidem.
884 2473 928 2484 -
944 2441 1007 2518 Epo
1024 2441 1054 2500 N
1057 2486 1079 2516 .,
1102 2445 1251 2517 patronus
1274 2457 1349 2518 prae-

231 2560 349 2618 seutaci
370 2560 404 2616 ut
427 2572 531 2632 supra.
556 2590 602 2600 -
627 2555 688 2633 Epo
712 2557 767 2631 N.,
792 2556 930 2616 Vioarius
955 2556 1115 2635 pancratis.
1141 2591 1186 2601 -
1209 2557 1275 2636 Epo
1293 2559 1344 2632 N.,

233 2676 399 2735 actuarius.
421 2693 437 2730 n
1089 2673 1092 2679 '

278 2789 395 2854 Postea
415 2789 556 2854 citantur
572 2806 648 2853 reus
669 2787 805 2874 ejusque
818 2796 993 2872 patronus.
1007 2795 1046 2853 ut
1068 2793 1173 2854 testes
1198 2796 1233 2854 et
1249 2787 1349 2855 docu-

234 2912 345 2970 menta
367 2904 399 2968 in
424 2921 582 2968 novarum
605 2900 834 2970 defensionum
860 2903 1089 2988 probationem
1105 2901 1302 2987 producant,
1317 2909 1349 2969 et

237 3019 396 3106 ejusmodi
409 3025 511 3086 testes
523 3026 557 3085 et
569 3017 766 3086 documenta
778 3020 919 3104 juridice
934 3022 1171 3087 examinantur.
1203 3060 1205 3064 .

659 3303 792 3371 CAPUT
823 3307 934 3372 XLIV.

238 3577 351 3654 ronna
375 3575 506 3647 orreum
530 3576 784 3634 accusaremus,
812 3577 854 3624 ur
876 3575 1004 3626 cousus
1031 3576 1101 3623 suu
1132 3575 1345 3632 succensum.

285 3692 418 3755 ansano
445 3693 549 3742 Junnx
571 3693 719 3742 rasurum
752 3693 855 3742 ranan
889 3691 1048 3752 amanam
1071 3689 1347 3740 connumerarent

238 3865 243 3876 ,
287 3811 362 3859 ussa
384 3810 668 3860 eonnnunaunun.

286 4080 423 4163 Quando
446 4099 505 4164 per
525 4082 608 4146 vum
630 4080 840 4146 accusationis
855 4078 1057 4163 proceditur,
1088 4080 1276 4164 contingere
1294 4095 1345 4162 po·

242 4205 309 4265 teet
331 4205 380 4275 ut,
393 4197 541 4264 absoluto
563 4193 716 4262 odensiuo
736 4204 770 4262 et
793 4195 963 4262 defensivo
977 4213 1142 4280 praeessu,
1153 4195 1253 4280 judici
1267 4213 1344 4261 eom·

241 4320 374 4398 perium
398 4315 440 4378 eit
455 4313 667 4378 ⁴innocentem
694 4331 764 4378 esse
792 4317 990 4387 accusatum,
1007 4318 1042 4377 et
1065 4318 1287 4377 accusatorem
1307 4329 1341 4375 er

243 4429 364 4496 malitia
381 4428 472 4495 litem
487 4429 636 4505 movisse,
652 4435 686 4494 et
698 4447 809 4512 paenas
825 4426 1094 4494 calumniatorum
1109 4428 1239 4493 mereri.
