2836 5118
242 340 307 404 326
585 358 774 408 mortuus
796 361 840 408 nn
862 362 1010 410 runicus.

284 479 430 560 Quorum
451 480 584 566 quidem
599 485 744 550 virorum
763 503 816 550 me
839 484 935 550 ualde
961 493 1145 551 commovet
1169 490 1344 554 auctoritas.
1416 489 1417 514 ¹

240 593 399 662 Deductae
413 597 578 663 tamenab
596 599 673 682 ipsis
691 600 834 692 rationes
848 619 912 692 non
931 619 977 666 eae
996 599 1075 665 mihi
1088 600 1164 665 visae
1179 609 1267 680 sunt,
1285 621 1346 688 que

240 731 312 778 rem
334 714 463 780 omnino
481 714 644 778 evincant.
668 714 813 799 Cumque
833 715 964 782 aliunde
983 717 1118 800 questio
1140 717 1195 782 illa
1211 718 1347 784 nondun

239 825 341 894 fuerit
358 828 424 894 ulla
447 848 600 912 expressa
616 828 779 896 decisione
801 831 918 909 soluta,
937 838 1072 915 pareant
1086 830 1163 896 mihi
1181 833 1256 919 (etsi
1272 833 1348 901 forte

238 941 442 1027 halluciner),
462 944 560 1030 quod,
576 947 674 1011 etium
686 948 719 1010 in
735 965 811 1011 casu
820 951 937 1029 publici
946 947 1099 1024 criminis,
1115 948 1349 1033 extra-judicia·

238 1059 316 1126 liter
334 1060 540 1144 procedendi
554 1060 742 1128 facultatem
758 1063 924 1146 Episcopis
939 1062 1113 1129 vindicem.
1373 1139 1378 1145 ,

285 1179 319 1242 2⁰
336 1176 387 1243 Ad
411 1179 624 1244 auctoritates
641 1178 730 1263 quod
756 1181 885 1258 attinet,
911 1178 1058 1246 eamdem
1082 1187 1281 1264 potestatem
1304 1201 1352 1246 ex·

239 1291 513 1380 tra-judicialiter,
545 1294 642 1363 etiam
672 1295 716 1360 ob
745 1295 868 1362 crimen
896 1296 1087 1380 publicum,
1116 1295 1349 1380 suspendendi,

240 1407 465 1476 Ordinariisa
497 1408 686 1478 Tridentino
722 1409 848 1495 synodo
876 1411 1032 1480 tributam
1064 1413 1263 1478 existimavit
1290 1412 1351 1498 illu·

240 1524 415 1603 strissimus
429 1523 635 1590 Lucionensis
661 1524 860 1609 Episcopus3
880 1533 978 1610 prout
1005 1526 1128 1594 videre
1147 1535 1197 1596 est
1224 1529 1259 1596 iu
1287 1547 1352 1592 eru·

241 1638 311 1720 dito
336 1641 437 1722 ipsius
467 1646 628 1722 tractatu,
659 1643 697 1706 dc
728 1645 891 1720 Sententiis
923 1664 962 1708 ear
990 1649 1156 1726 informato
1182 1649 1353 1726 conscicntia

240 1755 409 1840 inscripto.

283 1871 404 1951 ¹Fateor
430 1877 558 1952 tamen,
577 1878 699 1954 praeter
725 1870 892 1939 laudatum
912 1872 1111 1952 Praesulem,
1128 1873 1256 1941 nullum
1283 1875 1351 1960 mihi

243 1987 423 2056 occurrisse
441 1985 652 2072 canonistam,
676 1989 732 2069 qui
757 1988 955 2070 propositam
982 1987 1210 2056 difficultatem
1229 2007 1270 2054 ex
1287 2009 1352 2074 pro

242 2104 328 2172 tesso
346 2101 550 2186 expenderit,
571 2109 606 2167 et
621 2099 742 2186 dictam
757 2101 950 2188 facultatem
965 2103 1141 2194 Episcopis,
1160 2106 1352 2188 expressein

243 2237 320 2286 casu
330 2221 446 2302 publici
464 2217 586 2297 delicti,
605 2217 823 2301 adscripserit.

288 2340 323 2404 3ο
338 2336 406 2416 Ast,
424 2335 513 2423 quod
528 2327 625 2402 valde
641 2355 694 2402 me
713 2337 826 2418 movit,
844 2357 905 2415 nec
924 2337 1014 2422 apud
1037 2339 1141 2406 ullum
1167 2339 1281 2422 detexi
1301 2359 1353 2404 ex·

244 2472 387 2539 pressam
397 2454 431 2518 in
442 2454 641 2534 contrarium
655 2453 905 2521 conclusionem..
924 2455 966 2520 Et
980 2473 1087 2540 neque
1104 2457 1139 2520 iu
1154 2457 1348 2539 collectione,

244 2590 316 2656 que
338 2571 506 2636 Thesaurus
520 2571 736 2635 resolutionem
752 2569 948 2654 inscribitur,
977 2569 1157 2656 quidquam
1176 2573 1295 2648 inveni,
1317 2590 1353 2636 ex

245 2705 310 2772 quo
319 2687 463 2770 rigorose
477 2683 644 2752 deducere
656 2687 831 2770 potuerim,
850 2705 916 2754 non
931 2684 1059 2755 admitti
1074 2707 1093 2754 a
1110 2688 1208 2773 Sacro
1228 2689 1351 2773 congre

245 2805 372 2888 godone
398 2801 532 2870 Concilii
560 2799 682 2868 dictam
714 2804 947 2886 Episcoporum
974 2803 1178 2884 tacultatem.
1209 2804 1351 2888 Quamvis

247 2920 333 2987 euim
347 2918 509 2984 nonnulle
530 2917 577 2984 ibi
592 2926 766 2984 occurrant
781 2937 895 2996 cause,
916 2919 1093 3004 inquibus,
1113 2938 1174 3004 pro
1190 2929 1283 3004 parte
1296 2919 1351 2984 ele·

247 3035 307 3102 rici
322 3031 623 3117 extra-judicialiter
637 3033 795 3116 suspensi,
810 3039 966 3118 tanquam
984 3034 1100 3118 uitium
1113 3035 1274 3120 nuditatis
1283 3033 1351 3122 obji-

248 3153 363 3229 cietur,
372 3148 460 3234 quod
470 3149 592 3214 crimen
601 3148 702 3214 fuerit
713 3149 798 3214 fama
808 3149 987 3232 vulgatum,
999 3169 1059 3216 nee
1070 3150 1211 3234 proinde
1221 3151 1350 3238 petiuerit

247 3267 424 3350 Episcopus
444 3261 743 3350 extra-iudicialiter
764 3262 956 3350 procedere,
973 3271 1008 3330 et
1027 3283 1147 3352 revera
1168 3266 1265 3339 Sacro
1285 3267 1348 3354 Con·

248 3383 393 3466 gregario
412 3381 627 3466 episcopalem
649 3382 844 3464 sententiam
863 3382 1093 3459 annullaverit,
1115 3381 1233 3453 nullibi
1256 3391 1348 3448 tumen

181 3487 183 3492 ’
249 3498 497 3576 Eminentissimi
508 3498 624 3578 Patres
634 3496 757 3576 dieunt,
770 3495 845 3562 ideo
859 3497 993 3582 precise
1007 3497 1179 3586 annullari,
1198 3496 1287 3587 qnod
1298 3496 1347 3562 ui·

248 3633 325 3682 meu
339 3613 439 3681 fuerit
452 3611 638 3697 publicum3
656 3618 691 3678 et
706 3618 884 3696 potuerunt
896 3613 1005 3694 multis
1018 3613 1088 3694 aliis
1102 3611 1145 3678 de
1165 3615 1271 3680 causis
1280 3613 1345 3704 hano

247 3731 501 3808 annullationem
518 3728 710 3810 decernere,
734 3731 862 3796 etiamsi
882 3730 1137 3798 existimaverint
1152 3733 1292 3798 crimnis
1301 3747 1345 3814 pu-

249 3848 427 3914 blicitatem
452 3845 702 3932 extra-judiciali
728 3847 896 3912 sententiae
917 3865 982 3932 non
1007 3845 1149 3912 obstare.
1169 3849 1238 3914 Nec
1261 3853 1344 3912 atton·

252 3961 397 4038 (lendum
411 3971 461 4032 est
474 3963 575 4043 adid,
592 3963 681 4050 quod
692 3965 727 4030 in
741 3965 899 4042 relatione
914 3981 1016 4031 causae
1039 3965 1072 4028 in
1088 3963 1235 4033 levorem
1248 3964 1343 4030 utrius

251 4099 316 4166 que
332 4081 433 4164 partis
444 4081 600 4164 litigantis
610 4080 684 4156 hinc
697 4078 773 4158 inde
790 4077 982 4168 deducitur;
997 4079 1075 4169 quia
1086 4078 1122 4146 id
1135 4081 1341 4166 auctoritatem

250 4197 440 4276 nonhabet,
462 4196 521 4268 sed
536 4205 663 4277 tantum
686 4197 852 4281 responsio
866 4198 934 4296 ipsa
952 4196 1279 4284 Eminentissiruonum
1295 4193 1341 4256 Pa·

252 4320 342 4385 trum
356 4312 401 4382 ad
413 4311 512 4386 durbia
525 4315 701 4398 proposita.

299 4432 333 4494 4⁰
352 4428 520 4514 Episcopis
540 4448 605 4496 non
624 4437 810 4514 competere
826 4429 950 4510 <lictum⁴
964 4429 1153 4512 facultatem
1176 4422 1338 4514 elericosiu
