2948 5126
464 385 469 396 ·
553 388 633 442 runs
654 390 812 441 snournn.
874 367 877 374 ’
1195 378 1232 445 31

107 559 110 564 ,
127 515 231 595 datur,
245 523 287 583 a'n
300 516 444 602 rigorose
458 498 671 584 observande
687 517 751 584 sint
764 519 884 604 regule
896 527 1008 586 omnes
1023 534 1042 585 a
1056 518 1130 605 jule
1145 536 1238 590 orno

124 633 192 698 nico
209 625 377 699 haedere
391 633 533 710 sancite,
550 639 698 699 remanet
712 631 977 717 expendendum.
1087 681 1093 698 .

655 875 730 968 H'.

160 1091 206 1156 An
228 1091 429 1160 obsoleverit
447 1087 728 1178 juris'communis
746 1093 913 1178 dispositio
930 1093 973 1161 de
997 1095 1234 1182 subscriptione

118 1201 216 1273 libelli
234 1214 271 1274 et
293 1209 422 1274 talionis
449 1225 558 1294 poena.
586 1209 794 1276 Mirabantur
815 1209 975 1290 nonnulli,
1001 1219 1036 1278 et
1057 1231 1110 1278 me
1135 1213 1233 1279 etiam

120 1321 202 1388 lorte
223 1321 425 1403 irridebunt,
453 1326 542 1410 quod
559 1327 594 1391 in
614 1327 824 1410 questionem
841 1323 1006 1392 hodiernis
1030 1328 1234 1411 temporibus

121 1437 281 1505 adducam
308 1459 411 1524 poenae
433 1444 560 1510 talionis
575 1444 608 1507 in
631 1442 704 1509 foro
724 1442 941 1510 ecclesiastico
963 1442 1228 1512 desuetudinem.

114 1545 178 1619 'ted
193 1553 287 1642 (pace
308 1574 422 1623 eorum
439 1555 587 1644 (luerim)
608 1577 662 1624 res
676 1558 759 1625 adeo
777 1557 948 1642 perspicus
963 1577 1029 1625 non
1048 1567 1108 1626 est.
1133 1563 1227 1641 Nam,

160 1677 280 1752 Primo,
298 1673 332 1738 in
349 1673 437 1741 bulla
448 1675 555 1740 Sancti
562 1673 614 1740 Pii
633 1675 672 1752 V,
693 1691 764 1760 que
776 1673 891 1758 incipit
905 1677 980 1740 Cum
993 1681 1139 1758 mimum,
1156 1681 1232 1744 anni

119 1789 210 1868 1566,
235 1791 284 1854 sic
308 1790 498 1857 decernitur
521 1795 631 1873 :Quod
644 1797 672 1855 st
688 1794 786 1873 aliptes·
805 1810 845 1853 ec
865 1792 1018 1855 calamato
1040 1793 1157 1874 oltqaos
1179 1795 1231 1858 dc—

115 1909 268 1966 nuntiasse
282 1911 425 1988 comperta·
437 1909 562 1988 merim,
581 1925 629 1968 cos
646 1907 689 1969 ud
702 1923 823 1987 ponam
844 1905 968 1969 tattonis
982 1910 1077 1968 tenera·
1095 1909 1231 1972 volamus

116 2023 349 2085 secundamus.
371 2021 421 2086 De
445 2039 509 2108 qua
536 2021 766 2087 constitutione
788 2019 857 2086 hac
877 2019 968 2104 apud
986 2019 1231 2106 Schmulugrue—

116 2129 172 2198 ber
183 2135 391 2219 reperimus:
408 2157 425 2198 a
442 2136 577 2202 Sanctus
603 2137 681 2202 Pius
701 2132 730 2202 r
749 2143 900 2202 tamem..
929 2135 1081 2202 eumdem
1099 2146 1229 2222 penam

117 2250 274 2316 «talionis
282 2251 449 2318 innovavit
462 2254 496 2317 in
511 2253 762 2318 calumniatores
771 2269 870 2319 ueros
881 2274 898 2319 :t
905 2260 942 2317 et
949 2252 997 2318 sic
1009 2252 1121 2336 rigore
1137 2254 1230 2320 istius

117 2363 236 2432 abullae
255 2385 353 2450 poena
365 2368 543 2433 talionisin
557 2368 629 2435 loro
648 2369 802 2435 canonico
820 2367 927 2434 adhuc
941 2347 1051 2434 locum
1063 2368 1174 2450 habet,
1188 2371 1229 2436 lp

116 2502 131 2542 «
145 2489 196 2548 cet
213 2483 386 2568 inscriptio
404 2483 446 2549 ad
460 2485 555 2550 istum
570 2502 699 2567 poenam
718 2503 784 2548 non
803 2485 845 2550 sit
869 2485 1009 2570 amplius
1033 2486 1067 2549 in
1090 2500 1163 2551 usu.
1182 2480 1228 2553 ut

116 2592 391 2682 cintelligendum
406 2597 467 2667 hoc
486 2605 546 2678 est,
564 2616 630 2664 non
644 2603 771 2666 tantum
792 2597 923 2684 quando
938 2600 1010 2684 quis
1023 2599 1056 2663 in
1074 2599 1135 2666 hoc
1154 2597 1226 2668 loro

116 2720 321 2780 «accusatur
332 2731 393 2798 per
410 2715 600 2781 calumniam
615 2714 657 2781 de
679 2714 811 2779 crimine
828 2713 982 2792 simonie,
1002 2710 1223 2802 blasphemie,

116 2828 295 2894 «sodomiae
317 2835 352 2895 et
370 2830 616 2909 concubinatus,
634 2848 706 2917 quae
730 2827 862 2894 crimina
877 2829 912 2893 in
935 2847 974 2894 en
997 2831 1225 2898 comtitntion't

112 2953 129 3004 t
142 2947 381 3028 exprimuntur,
399 2945 563 3012 sedetiam
581 2943 712 3030 quando
726 2945 788 3011 alia
800 2945 934 3010 crimina
950 2945 1148 3011 calumniose
1171 2947 1226 3012 ali·

115 3077 130 3121 a
145 3062 195 3126 cui
209 3061 252 3127 ab
262 3069 453 3127 accusatore
462 3061 703 3146 impinguntur3
715 3062 791 3146 quie
802 3075 867 3125 non
876 3067 926 3126 est
934 3059 1118 3139 verisimile,
1136 3061 1225 3146 qaod

114 3170 185 3242 aad
199 3175 307 3243 relata
327 3175 431 3242 solum
457 3175 575 3243 delicta
596 3177 860 3244 constitutionem
884 3193 976 3240 suam
1000 3176 1143 3241 voluerit
1172 3187 1226 3244 re·

115 3293 290 3358 astrictam
305 3288 422 3375 Papus
438 3289 581 3379 (intur,
593 3291 669 3359 tmri
687 3290 857 3368 bdec'ret,
871 3307 904 3354 n.
928 3286 994 3373 17).
1012 3289 1159 3375 «Siquis
1173 3299 1225 3358 ta-

114 3419 224 3488 rmen,
245 3409 294 3474 ait
307 3405 529 3488 Reiffenstuel,
548 3409 808 3485 convinceretur,
823 3405 914 3492 quod
922 3408 1128 3473 innocentem
1144 3420 1223 3475 rere

14 3541 16 3550 ’
115 3543 129 3580 ι
142 3525 301 3592 malitiose
315 3531 503 3592 ‘accusasset
516 3531 573 3590 aut
583 3523 822 3602 denuntiasset,
840 3534 971 3607 paenam
988 3521 1117 3589 talionis
1126 3525 1223 3590 susu-

114 3657 219 3709 anere
230 3639 342 3707 adhuc
357 3637 507 3719 deberet,
517 3639 1064 3725 rigoreconstitutionisl’iilttcm
1072 3644 1218 3722 potinem,

114 3757 323 3823 «innovantis
347 3772 479 3844 poenam
497 3755 637 3822 tsliouis
661 3755 815 3838 Quamvis
841 3754 934 3820 enim
959 3753 1006 3820 ibi
1030 3761 1158 3822 tuntum
1176 3757 1223 3824 sit

115 3897 127 3931 a
144 3868 494 3958 sermodeobjeotione
509 3873 681 3938 criminum
693 3870 856 3950 sodomiae,
873 3855 1090 3953 blasphemie,
1106 3859 1222 3939 eicon·
1259 3875 1264 3882 '

107 3985 322 4069 imminuas,
349 3997 459 4058 umen
483 3983 889 4056 &concamerationem
906 3981 1004 4052 etam
1029 3985 1071 4053 ad
1093 4001 1222 4056 mansa

109 4113 227 4174 'omres
249 4091 292 4174 'de
316 4105 390 4174 aliis
414 4098 604 4174 criminibus
634 4104 783 4173 extendit
808 4103 1044 4170 Passerinus.»
1071 4093 1221 4191 (lleiffen-

106 4221 201 4302 ·stael‚
215 4218 311 4289 iniit.
327 4215 445 4303 alirn
457 4225 479 4287 5·
490 4221 631 4302 decret,
649 4235 683 4288 n.
700 4219 866 4307 illitum
875 4219 1219 4288 Ferrariusatlt'ooem

111 4340 325 4418 nemmem.
344 4330 378 4423 l)
394 4359 403 4405 ι
421 4359 439 4401 «
455 4333 486 4403 st
502 4322 575 4424 bnis
598 4343 706 4404 tumen
726 4341 813 4403 esset
831 4319 999 4434 convietus
1017 4334 1106 4421 quod
1122 4331 1220 4402 'iuno-
