2878 5114
512 341 591 390 nans
613 340 771 390 arcanos.
1137 335 1199 398 5³25

90 477 116 530 et
139 470 292 533 desinit...
318 475 347 528 ct
365 468 448 546 infra
467 469 617 548 macrinio
633 467 769 547 muctar,
793 473 913 550 moncia
931 491 1094 538 numero...
1128 479 1201 538 Acta

88 591 157 646 suni
176 584 239 646 bec
257 589 292 645 ia
309 583 491 646 cancellaria
509 585 671 664 episcopali
692 587 796 662 iiie...‚
823 590 988 666 measis...‚
1015 607 1135 654 anno...
1156 627 1201 638 -

88 704 152 782 Eoo
168 703 222 778 N.,
239 702 416 783 episcopa-its
430 705 522 764 curia
543 706 667 764 nuntius
684 703 803 782 affirmo
824 712 859 768 ut
880 723 984 786 namra.
1003 743 1048 753 -
1064 709 1127 788 Eoo
1143 708 1181 772 N.
1186 757 1197 788 ,

87 823 253 882 mumius.
275 841 292 878 n

132 939 224 998 Nota.
241 935 380 999 Necesse
395 952 460 998 non
478 941 528 999 est
542 933 668 1018 dejure
682 937 843 1002 communi
857 945 893 1001 ut
908 939 1040 1004 nuntius
1052 938 1203 1022 publicus

87 1056 191 1114 testes
210 1047 366 1114 adhibeat
386 1050 418 1112 in
437 1047 598 1134 ejusmodi
625 1049 828 1116 intimatione
852 1052 1021 1132 iacienda,
1048 1055 1122 1139 qnia
1144 1054 1203 1119 soli

88 1165 204 1229 nuntio
215 1162 346 1248 publico
359 1163 394 1227 in
412 1162 473 1228 boc
486 1162 642 1243 creditur,
667 1167 709 1232 ob
725 1186 842 1233 munus
857 1169 1024 1252 publicum
1041 1168 1129 1256 quod
1148 1191 1204 1255 ge-

87 1283 144 1346 rit.
163 1283 202 1346 Ia
223 1282 333 1346 multis
348 1289 457 1348 tamen
476 1282 563 1360 locis,
582 1298 622 1348 ea
640 1282 724 1367 stylo
740 1285 927 1367 particulari
944 1288 1118 1364 curiarum,
1137 1285 1204 1351 ior·

87 1397 218 1463 molitas
237 1396 305 1462 bac
317 1396 360 1462 ad
377 1399 520 1464 valorem
534 1405 666 1464 actuum
684 1401 873 1484 requiritur.

134 1519 177 1582 ll.
194 1519 386 1583 occaecando
400 1523 428 1579 si
442 1524 567 1581 nuntias
573 1518 714 1599 publicus
729 1533 789 1578 aaa
799 1521 935 1597 potnerit
949 1521 1120 1580 citationem
1135 1515 1206 1601 per-

86 1631 256 1709 sonaliter,
272 1639 364 1713 prout
375 1631 463 1694 babet
476 1639 510 1694 in
526 1634 669 1696 mandato
687 1637 803 1713 exemti.
818 1666 862 1678 —
872 1633 960 1697 l'unc
971 1630 1105 1698 debebit
1123 1653 1205 1697 nun-

87 1751 155 1814 tius
172 1746 323 1830 publicus
336 1747 481 1812 actuario
497 1747 624 1812 reierre
647 1745 707 1812 sibi
732 1765 796 1811 non
816 1747 957 1830 patanae
979 1765 1143 1814 accessum
1162 1747 1205 1813 ad

86 1872 223 1942 testem,
242 1871 277 1929 et
290 1861 366 1932 ideo
377 1863 563 1929 citationem
579 1882 645 1928 non
659 1865 801 1948 potuisse
818 1864 1034 1949 personaliter
1048 1865 1201 1931 intimari.

86 1985 163 2066 Quo
178 1980 355 2058 declarato,
370 1982 401 2046 ei
412 1980 510 2046 detur
524 1982 607 2047 alter
619 1981 778 2047 citationis
795 1979 935 2058 libellus,
948 1984 981 2047 in
994 2002 1059 2069 quo
1073 1980 1205 2048 mande·

86 2109 147 2165 tur
161 2097 236 2164 fleri
249 2097 434 2164 citationem
450 2102 532 2163 imni
542 2101 639 2162 salita
648 2099 854 2164 habitationis.
874 2098 978 2183 Atque
995 2098 1063 2164 haec
1075 2099 1108 2164 in
1127 2099 1206 2164 aclis

87 2215 281 2284 referantur
300 2213 359 2280 bac
377 2214 430 2280 vel
444 2215 540 2280 simili
554 2214 693 2280 formula
712 2238 718 2279 :
822 2299 825 2304 Α

138 2358 155 2396 a
171 2339 246 2398 Cum
259 2338 388 2398 loannes
404 2339 443 2399 N.
460 2337 636 2416 episcopalis
651 2340 743 2396 carie
755 2339 878 2396 nuntius
896 2335 1076 2414 publicus...
1096 2333 1140 2417 (et
1156 2351 1208 2396 re-

86 2451 180 2535 liqua
195 2458 233 2515 ut
251 2449 449 2533 precedenti
475 2450 614 2517 formula
638 2447 800 2534 usquead
821 2467 933 2513 vocem
949 2446 1078 2533 retulit),
1101 2451 1207 2512 retulit

86 2572 210 2648 frustra
233 2587 252 2629 a
280 2587 311 2628 sc
332 2574 468 2650 repetitis
486 2571 600 2633 vicibus
620 2573 778 2648 quaesitum
801 2568 895 2646 faisse
911 2567 1091 2646 pradictum
1112 2569 1209 2628 domi·

87 2703 165 2748 aum
183 2687 212 2746 N
215 2732 237 2760 .,
256 2685 336 2746 unde
349 2703 401 2746 aec
409 2689 541 2764 potuisse
557 2691 585 2746 ei
599 2689 771 2746 citationem
781 2684 981 2764 personaliter
998 2687 1147 2745 intimari.
1166 2687 1209 2746 De

87 2821 149 2882 quo
168 2804 277 2864 certior
288 2803 387 2881 factas
402 2804 581 2864 reuerendus
596 2805 626 2866 N
630 2850 652 2880 .,
671 2805 807 2864 Vicarias
823 2801 972 2882 nemoralis
989 2801 1085 2864 eidem
1103 2804 1209 2864 nuntio

88 2919 223 2980 aiterum
234 2923 387 2981 citationis
402 2919 534 2980 libellam
547 2921 747 2999 ccasiqnaait,
763 2922 796 2979 ia
810 2936 867 2998 quo
880 2918 1045 2978 mandatur
1058 2920 1147 2977 citari
1161 2917 1210 2978 ai-

89 3041 174 3098 cium
201 3039 304 3098 testem
326 3037 408 3098 domi
432 3037 529 3098 solite
548 3041 645 3117 ipsius
671 3036 880 3097 habitationis.
907 3036 981 3097 Acta
1005 3040 1076 3096 sunt
1094 3033 1154 3094 bac
1176 3035 1210 3094 in

90 3154 276 3215 cancellaria
290 3155 462 3235 episcopali,
480 3155 570 3228 dia„
587 3157 751 3231 menasis...,
777 3156 892 3216 anni...
917 3154 954 3214 In
973 3149 1063 3226 fidem
1081 3168 1133 3231 eqo
1151 3152 1180 3214 N
1183 3197 1205 3228 .,

90 3275 298 3333 armaria.»
416 3295 427 3306 ·

140 3386 187 3452 Ut
219 3392 327 3450 autem
355 3385 480 3451 vitetur
515 3383 694 3452 istiusmodi
727 3382 967 3449 incommodum
997 3381 1209 3466 expedienda

52 3535 54 3540 ,
93 3519 189 3567 novoe
215 3500 385 3578 citationis,
408 3502 507 3566 satias
530 3501 593 3567 erit
615 3501 648 3566 in
671 3503 775 3586 prima
796 3502 948 3568 citatione
969 3487 1211 3583 nuntio'inJun-

93 3636 192 3702 gem,
214 3625 253 3682 ut
267 3618 362 3696 citet,
384 3621 432 3680 cel
443 3619 654 3700 personaliter,
675 3620 723 3682 oel
739 3621 821 3683 dorm
835 3620 932 3681 solitae
947 3617 1152 3680 habitationis.

141 3733 203 3804 ul.
231 3737 425 3799 comanam
442 3737 540 3816 quoad
557 3739 730 3799 citationem
757 3737 870 3816 (actam
896 3737 978 3799 domi
1004 3735 1100 3796 solitae
1125 3732 1211 3795 babi-

96 3855 234 3915 tatioais.
254 3883 300 3898 ·-
313 3848 451 3932 Quando
476 3850 615 3916 habetur
636 3853 669 3916 in
691 3849 845 3917 mandato
860 3857 898 3916 at
919 3849 1040 3916 citetur
1061 3847 1154 3914 testis
1177 3849 1210 3912 in

95 3967 198 4033 domo
213 3966 315 4032 solitae
330 3965 430 4048 ipsius
444 3965 660 4046 habitaiionis,
675 3988 740 4033 non
755 3973 863 4052 potest
884 3965 957 4032 fieri
970 3966 1003 4030 in
1023 3965 1084 4032 alia
1099 3963 1208 4044 domo,

95 4105 160 4152 neo
177 4085 212 4149 in
228 4083 292 4154 alio
310 4084 396 4160 loco,
413 4085 536 4150 etiamsi
555 4084 602 4150 ibi
622 4092 708 4151 esset
730 4084 837 4168 testis;
855 4084 1006 4170 quiahoc
1020 4081 1212 4167 fieretprae-

96 4209 151 4268 ter
165 4199 367 4267 mandatum.
386 4202 424 4265 In
442 4200 539 4267 domo
557 4205 666 4266 autem
681 4201 782 4266 solitae
797 4199 1014 4278 habitationis,
1030 4199 1057 4265 si
1071 4207 1213 4283 nequeat
1261 4244 1263 4248 .

96 4319 231 4386 libellus
253 4319 315 4402 ipsi
339 4319 417 4383 testi
431 4317 631 4401 presentari,
649 4315 765 4384 sufficit
783 4316 971 4401 presentari
985 4323 1019 4382 et
1037 4313 1216 4398 consignari

15 4403 25 4418 ⁸
99 4437 198 4502 alicui
214 4435 268 4499 vel
284 4433 444 4519 aliquibus
459 4435 515 4518 qui
530 4434 594 4497 sint
612 4430 653 4497 de
675 4431 745 4517 ejus
758 4432 891 4509 familia,
903 4433 956 4496 vel
974 4431 1071 4497 etiam
1087 4428 1219 4516 janitori
