2836 5118
490 359 570 406 sess
594 357 752 406 securos
1116 343 1178 408 ³17

84 484 141 564 ptio
154 483 316 566 religiosos
330 483 530 564 respiciens:
547 480 582 548 bi
599 499 729 565 nempe,
748 483 802 548 sia
823 481 970 548 Proelatis
983 484 1050 548 suis
1072 499 1184 550 nesce-

83 606 185 666 rcntur
205 599 346 664 criminis
374 599 450 675 Rei,
480 599 544 664 cisi
572 599 696 664 crimen
715 598 879 664 occultum
902 597 1007 676 foret,
1029 606 1182 681 poterant

83 714 117 780 ab
130 713 237 780 iisdem
260 715 406 782 Praelatis
430 733 565 782 ascensu
580 713 623 780 ad
646 713 777 782 ordines
794 713 957 780 interdici.
975 714 1015 782 ld
1028 733 1182 800 expresse

83 831 205 896 sancivit
219 832 337 897 Lucius
352 833 411 907 lll,
430 831 480 898 bis
495 831 603 898 verbis
621 852 628 896 :
643 834 691 898 Aa
704 851 792 894 eures
807 839 927 895 nostres
939 839 1088 914 peruenit,
1104 833 1184 915 quod

82 949 205 1028 rela'piosr'
214 951 337 1030 petalum
359 950 401 1012 ud
421 953 587 1029 superiores
602 949 777 1012 eruerent
795 950 916 1012 ordinm
932 955 1117 1030 promoueri,·
1131 949 1184 1014 sed

82 1067 196 1128 Preieti
205 1084 306 1128 eorurn
320 1067 478 1128 desiderils
489 1066 710 1128 contradicunt.
728 1068 753 1128 T
751 1083 798 1128 uer
809 1069 905 1145 tpitur
912 1070 1070 1146 questioni
1080 1065 1184 1129 taliter

82 1183 277 1262 respondemus
291 1201 301 1244 :
315 1183 395 1262 quod
417 1183 570 1246 honestius
588 1188 618 1244 et
634 1185 729 1244 tutius
741 1187 788 1244 est
803 1183 941 1263 mdjeetis
954 1183 1085 1246 debitum
1102 1200 1185 1263 pree·

78 1303 175 1378 positis
189 1301 386 1362 obedientiam
402 1300 599 1381 tarpeadende
622 1303 655 1362 ia
671 1301 812 1380 infcriori
831 1302 999 1362 ministerio
1019 1301 1180 1378 desereire,

81 1430 158 1493 quen
173 1433 238 1478 cum
252 1421 481 1497 prepositorum
494 1417 649 1495 seandalo,
664 1418 813 1496 preduurn
832 1423 970 1497 appetere
983 1419 1185 1498 dipnttetem:

81 1549 126 1592 nee
137 1538 179 1594 est
190 1536 224 1596 tn
237 1532 386 1612 isanparto
395 1533 590 1612 subjectorum
600 1534 782 1596 desiderium
795 1533 1008 1612 confovendum
1020 1552 1031 1595 :
1043 1539 1184 1615 quonium

81 1665 134 1710 esse
150 1655 257 1728 petest,
282 1650 361 1728 quod
389 1649 518 1714 Praeteri
542 1667 643 1712 eorum
665 1653 820 1712 commisse
842 1656 953 1712 secretu
972 1655 1121 1727 noscunt,
1145 1667 1185 1712 cs

81 1765 175 1843 petbus
200 1771 318 1827 constet
342 1769 400 1842 eis,
418 1767 497 1845 pueri
518 1767 605 1828 selue
628 1771 808 1828 couscientia
832 1773 977 1846 nequeant
999 1767 1159 1828 sublimari
1171 1785 1183 1828 .·

81 1887 141 1962 quie
159 1901 218 1946 non
237 1889 270 1946 tn
294 1885 479 1947 subltruitate
496 1885 657 1964 producut,
683 1887 736 1947 sed
752 1889 786 1946 in
804 1885 1005 1964 amplitudine
1023 1883 1185 1946 charitatis

80 2005 237 2080 acquiritur
255 2019 379 2081 repuuru
395 2003 463 2064 Dei.
485 1999 532 2085 (C.
553 2002 602 2064 Aa
615 2019 704 2062 eures
721 2002 752 2077 5,
779 1998 820 2064 tia
840 2003 891 2076 ll,
909 1999 984 2064 libri
1005 2002 1017 2062 l
1042 1996 1183 2084 decret.)

117 2115 203 2182 llanc
216 2116 363 2182 ultimum
379 2116 578 2182 decretalem
595 2116 638 2181 ad
660 2115 746 2182 solos
765 2115 933 2199 regulares
956 2116 1056 2182 faisse
1074 2118 1187 2184 restri-

82 2235 168 2308 ctam,
187 2240 222 2299 ct
238 2238 349 2297 textus
367 2234 436 2315 ipsc
452 2232 658 2298 manifestum
675 2231 765 2309 facit,
785 2239 819 2298 et
836 2240 928 2298 tenet
946 2250 1021 2297 cunr
1036 2233 1186 2317 lingniaco

82 2351 273 2414 communior
289 2349 412 2436 (eontra
431 2347 562 2433 paucos)
579 2349 750 2414 doctorum
769 2350 941 2414 sententia.
960 2350 1064 2433 Ipsius
1076 2355 1186 2414 autem

82 2462 242 2531 decretalis
261 2467 362 2532 rerba
381 2467 550 2551 usurpavit
566 2466 755 2533 Tridentina
774 2464 919 2551 synodus
937 2466 971 2532 in
986 2463 1186 2532 conficiendo

82 2599 133 2647 suo
150 2581 282 2650 decreto
298 2587 372 2648 Cum
387 2585 548 2661 honestius,
571 2591 669 2669 utque
684 2583 730 2648 sic
748 2581 792 2648 ad
808 2584 980 2649 seculares
997 2583 1096 2649 etiam
1113 2597 1186 2648 eam

83 2699 229 2765 extendit.

121 2815 165 2881 lix
182 2817 300 2901 quibus
317 2813 469 2882 adductis
491 2816 706 2894 documentis,
725 2816 820 2882 facilc
841 2816 1004 2900 colligitur
1020 2815 1186 2884 inductam

86 2931 289 3000 a'l'ridentina
309 2933 434 3018 synodo
451 2932 662 3017 disciplinam,
685 2932 784 2998 fuisse
799 2952 915 2998 revera
931 2952 1059 3010 novam,
1078 2941 1112 3000 et
1130 2931 1188 3000 dc·

85 3051 247 3115 crotalibus
261 3053 312 3114 Ee
329 3057 427 3114 tenore
445 3053 479 3114 ct
500 3055 665 3131 Quinctium
680 3047 923 3134 derogativam3
941 3048 1032 3137 quod
1054 3059 1189 3117 cetero·

86 3166 153 3249 quin
166 3187 318 3252 expresse
338 3167 457 3234 docent
477 3169 645 3252 Fugnauus
663 3172 697 3232 et
715 3169 769 3232 alii
788 3169 1004 3233 cornmuuitcr
1022 3167 1184 3246 doctores,

85 3279 153 3348 dum
168 3284 198 3348 in
214 3283 366 3368 prelatas
381 3283 564 3350 decretales
586 3283 761 3349 disserunt.

122 3400 172 3468 IV.
190 3402 343 3483 eramvis
364 3405 472 3466 aulem
493 3401 672 3485 prm-allato
689 3399 877 3466 Tridentino
904 3401 1042 3468 decreto
1069 3419 1188 3470 revere

86 3512 254 3584 tundentur
268 3517 514 3601 episcopalesex
525 3521 689 3599 informate
700 3523 879 3580 conscientie
895 3519 1074 3595 sententias,
1090 3527 1188 3604 atquc

87 3648 168 3699 suum
185 3633 262 3699 inde
280 3641 390 3700 ortum
411 3633 543 3710 ducant,
563 3642 752 3699 nontamen
770 3632 883 3715 primis
905 3634 1013 3697 statim
1030 3643 1104 3716 post
1120 3635 1189 3700 Tri·

87 3744 238 3815 dcnliuanr
258 3750 421 3836 spuodum
442 3749 658 3833 temporibus,
684 3767 738 3813 res
764 3757 858 3813 extra
878 3749 1133 3814 controversiam
1152 3750 1187 3816 in

88 3863 190 3930 sobolis
208 3873 242 3931 ct
262 3865 351 3950 apud
373 3864 526 3932 doctores
550 3865 620 3928 ivit.
644 3866 715 3930 Non
739 3864 835 3948 pauci
857 3864 976 3950 quippe
1000 3868 1183 3945 canonistas,

90 3975 333 4061 (clansenistiea
348 3989 456 4046 tamen
472 3981 621 4066 plerique
645 3987 772 4056 turma,
799 3978 970 4045 ueletiam
994 4001 1012 4046 c
1035 3983 1188 4065 gallicano

88 4105 175 4174 prout
193 4099 263 4162 Van
283 4099 391 4182 Espcn
414 4105 448 4163 ei
471 4094 598 4180 Gibcrt)
620 4097 856 4172 sustinuerunt,
874 4097 919 4162 ita
942 4097 1189 4182 intelligendum

90 4227 150 4278 esse
161 4213 384 4280 Tridentiuum
396 4213 580 4290 decretum,
592 4212 882 4298 utpossitqnidern
897 4215 1073 4298 Episcopus
1083 4233 1193 4281 ascen-

92 4329 207 4396 samad
228 4329 359 4398 ordines
378 4329 551 4414 impedire.
564 4333 864 4412 rutra-judicialiter,
882 4336 973 4394 ettam
995 4333 1031 4394 eb
1048 4335 1193 4400 &lictum

92 4447 323 4528 coalumna
344 4453 452 4514 satem
475 4466 493 4513 a
517 4448 677 4532 susceptis
704 4444 874 4513 ordinibus
896 4453 955 4513 aut
978 4445 1193 4533 dignitatibus
