2878 5114
491 318 570 369 unns
592 317 752 370 saeuum.
1114 307 1177 374 tet

78 451 268 508 «teneantur
283 442 502 509 authenticam
518 452 699 528 reportare,
716 443 806 532 quod
823 443 955 527 pietali
974 446 1179 512 matrimonio

77 583 91 622 α
107 559 235 626 fuerunt
243 561 415 626 examinati
425 567 526 626 testes
542 561 575 626 in
584 580 698 626 eornm
707 561 874 639 tribunali,
889 562 943 645 qni
956 562 1098 644 probant
1111 572 1178 650 sta·

76 697 90 734 c
104 683 168 740 tum
183 676 322 741 liberum
340 675 531 740 contrahere
553 676 741 741 volentium.

113 814 128 850 c
147 791 436 856 contravenientes
448 797 558 856 autem
576 810 691 856 severe
705 791 892 874 puniantur.
915 815 930 852 n

110 908 267 974 Pomorum
290 907 332 972 11.
365 943 410 972 -,
432 910 626 988 dependitur
649 909 797 988 quodnam
814 927 854 968 ec
869 913 1037 988 pondos
1053 912 1179 977 decretis

71 1028 532 1106 connumerationem-1⁰
557 1023 699 1088 nitentis
725 1021 868 1088 decretis
892 1022 1094 1108 hujusmodi,
1117 1046 1179 1111 pro

72 1147 153 1204 certa
177 1139 310 1224 dejure
330 1140 493 1206 communi
516 1138 666 1204 habenda
694 1146 743 1237 est
768 1140 928 1222 generalis
954 1143 1085 1224 regula,
1113 1165 1178 1211 non

71 1274 152 1337 posse
171 1257 259 1321 licite
284 1255 327 1322 ad
345 1257 622 1322 matrimoniorum
654 1255 907 1322 celebrationem
933 1258 1088 1340 procedi,
1119 1263 1179 1325 nisi

71 1372 150 1451 prius
160 1372 192 1434 in
213 1373 302 1436 curia
317 1372 494 1454 episcopali
505 1371 649 1455 juridice
665 1371 822 1455 probatus
835 1371 936 1438 luerit
952 1373 1036 1438 liber
1050 1383 1178 1440 eontra-

70 1485 138 1552 herc
152 1489 332 1554 volentium
347 1496 462 1553 status.

107 1603 259 1670 Procedit
280 1611 390 1672 autem
412 1605 526 1688 regula
546 1603 629 1681 heo,
648 1605 773 1669 etiamsi
795 1609 992 1671 contracturi
1015 1608 1079 1674 sint
1095 1609 1177 1676 dim·

69 1721 174 1796 cesari,
196 1725 231 1784 et
253 1719 411 1802 parochus
435 1719 575 1784 liberum
595 1737 707 1784 eorum
730 1725 851 1786 statum
869 1728 959 1786 certo
984 1731 1170 1805 cognoseat.

68 1835 233 1900 Decretum
244 1836 330 1900 enim
341 1834 501 1900 Clementi
514 1835 541 1902 X
553 1853 617 1900 non
628 1835 807 1918 prescribit
826 1842 952 1902 tantum
968 1845 1004 1902 ut
1017 1837 1176 1904 habeatur

68 1949 189 2016 scientia
217 1956 325 2027 certa,
357 1950 416 2016 sed
441 1958 479 2014 ut
506 1958 653 2018 sumatur
687 1950 838 2034 probatio
861 1949 999 2036 juridica
1026 1952 1068 2019 de
1092 1955 1176 2020 libro

68 2065 227 2150 utrimque
241 2065 442 2132 contractum
455 2071 554 2131 statu.
1023 2145 1027 2154 »

106 2181 137 2242 2⁰
149 2180 294 2247 Examen
310 2179 455 2256 testium,
470 2179 525 2262 qui
539 2177 582 2244 ad
596 2177 804 2260 probandum
815 2187 935 2248 statum
948 2181 1089 2250 liberum
1105 2205 1179 2270 pm·

68 2289 236 2371 docuntur,
253 2294 326 2358 fieri
342 2294 538 2376 regulariter
554 2293 655 2360 debet
671 2314 778 2360 coram
799 2297 957 2380 Episcopo
972 2300 1025 2366 vel
1038 2299 1110 2385 eiam
1124 2304 1178 2366 vi·

68 2410 144 2474 cario
161 2411 308 2493 generali
324 2432 330 2475 :
347 2409 407 2476 sed
422 2415 530 2492 potest
547 2411 643 2474 etiam
656 2409 847 2476 Ordinarius
860 2413 958 2480 alicui
971 2417 1042 2480 viro
1058 2416 1177 2484 idoneo

66 2523 95 2588 id
111 2525 202 2592 officii
217 2525 431 2608 demandare;
458 2527 502 2590 ita
518 2533 627 2592 tomen
650 2536 688 2594 ut
705 2535 784 2592 tune
809 2527 1027 2611 depositiones
1043 2536 1176 2600 testium

66 2640 102 2706 ad
116 2645 238 2710 curiam
259 2643 474 2726 episcopalem
493 2643 675 2721 mittantur,
693 2652 727 2708 et
745 2643 917 2712 abeodem
943 2649 1032 2712 curia
1048 2668 1177 2733 semper

66 2757 255 2838 expediatur
279 2759 381 2824 status
400 2755 497 2824 liberi
527 2760 703 2824 attestatio.
743 2762 888 2826 «Testes
917 2760 972 2847 (eit
995 2765 1173 2843 lionacelli,¹

68 2882 185 2955 «parte
214 2879 244 2951 l,
264 2875 317 2940 tit.
339 2879 370 2953 8,
387 2874 527 2941 formula
548 2877 576 2950 l,
598 2873 808 2941 adnotatione
830 2872 858 2958 l)
880 2879 936 2960 qui
952 2879 986 2942 in
1001 2880 1091 2944 curia
1108 2883 1177 2966 cpi-

68 3011 81 3047 «
94 2991 212 3074 scopeli
236 2991 439 3072 recipiuntur
463 2988 504 3054 ad
529 2988 735 3071 probandum
758 2997 878 3059 statum
903 2992 1058 3070 liberum,
1084 2995 1175 3080 juxta

68 3104 338 3172 «instructionem
363 3106 465 3174 Sacrae
488 3105 752 3188 Congregationis
772 3107 984 3190 inquisitionis
1010 3109 1052 3176 de
1073 3112 1173 3192 Urbe,

67 3241 80 3280 n
95 3219 215 3288 debent
235 3222 412 3288 examinari
429 3240 540 3286 corom
553 3222 712 3304 Episcopo
727 3223 781 3288 vel
795 3221 866 3306 ejus
882 3225 1010 3291 vinario
1017 3229 1172 3309 generali.

67 3358 80 3396 c
96 3338 131 3402 ln
147 3338 283 3404 dioecesi
303 3344 413 3404 tamen
432 3339 553 3421 ampla,
579 3357 619 3404 ne
637 3345 739 3403 testes
762 3347 797 3404 et
813 3348 923 3421 partes
946 3341 1104 3410 distantes
1128 3347 1176 3408 ni·

66 3454 189 3522 omium
217 3463 398 3538 gravemur
417 3467 546 3520 accessu
576 3453 622 3522 ad.
647 3454 767 3522 cunam
791 3456 1025 3539 episcopalem,
1052 3463 1174 3542 poterit

66 3586 230 3636 «examen
257 3589 316 3652 pro
340 3569 551 3637 matrimoniis
574 3567 834 3636 dioecesanorum
855 3571 1041 3656 (numquam
1064 3582 1174 3642 tomen

66 3683 260 3768 elegorum)
278 3686 376 3772 elicui
389 3684 508 3753 idoneo
526 3686 596 3750 viro
613 3684 767 3768 delegari,
789 3693 888 3768 prout
910 3688 978 3770 ipsa
1003 3690 1173 3756 instructio

66 3822 80 3862 c
94 3802 273 3884 permittit;
287 3801 440 3874 mandato
450 3810 560 3866 temen
574 3799 663 3884 quod
676 3801 809 3870 testium
822 3810 1030 3886 receptorum
1045 3803 1174 3900 deposi-

66 3919 194 3986 «tiones
216 3920 478 3986 transmittantur
496 3916 537 3983 ad
560 3918 682 3982 curiam
703 3917 929 4002 episcopalem,
955 3937 1059 4004 aqua
1074 3921 1174 3990 debet

66 4053 80 4092 o
99 4052 227 4117 semper
238 4033 387 4116 expediri
400 4034 575 4128 attestatio.
596 4057 612 4092 n

103 4153 135 4214 3⁰
151 4153 269 4218 Forma
283 4149 424 4215 faciendi
438 4147 572 4233 juridici
587 4148 742 4214 examinis
763 4167 827 4212 non
842 4148 1038 4242 relinquitur
1052 4153 1174 4218 erami-

63 4269 162 4333 nantis
180 4268 334 4346 arbitrio,
359 4264 418 4331 sed
439 4271 537 4348 prout
560 4266 593 4330 in
615 4265 778 4346 premissa
802 4266 904 4330 sancti
927 4265 1029 4332 Officii
1053 4269 1175 4334 instruc

64 4383 163 4450 ctione
183 4385 431 4479 determinatur,
454 4381 497 4448 od
512 4399 656 4465 unguem
675 4381 799 4446 servari
816 4381 1013 4464 praemitur.
