<?xml version="1.0" encoding="UTF-8"?>
<!DOCTYPE html PUBLIC "-//W3C//DTD XHTML 1.0 Transitional//EN"
    "http://www.w3.org/TR/xhtml1/DTD/xhtml1-transitional.dtd">
<html xmlns="http://www.w3.org/1999/xhtml" xml:lang="en" lang="en">
 <head>
  <title>
</title>
<meta http-equiv="Content-Type" content="text/html;charset=utf-8" />
  <meta name='ocr-system' content='tesseract 3.04.00' />
  <meta name='ocr-capabilities' content='ocr_page ocr_carea ocr_par ocr_line ocrx_word'/>
</head>
<body>
  <div class='ocr_page' id='page_1' title='image "./tractatusdejudi01bouigoog_0193.png"; bbox 0 0 2848 5118; ppageno 0'>
   <div class='ocr_carea' id='block_1_1' title="bbox 248 325 1000 412">
    <p class='ocr_par' dir='ltr' id='par_1_1' title="bbox 248 325 1000 412">
     <span class='ocr_line' id='line_1_1' title="bbox 248 325 1000 412; baseline 0.003 -4"><span class='ocrx_word' id='word_1_1' title='bbox 248 345 307 411; x_wconf 82' lang='lat' dir='ltr'>tat</span> <span class='ocrx_word' id='word_1_2' title='bbox 452 325 454 332; x_wconf 46' lang='lat'><strong>¹</strong></span> <span class='ocrx_word' id='word_1_3' title='bbox 577 361 765 412; x_wconf 79' lang='lat' dir='ltr'>ruscraros</span> <span class='ocrx_word' id='word_1_4' title='bbox 787 362 833 411; x_wconf 83' lang='lat' dir='ltr'>nu</span> <span class='ocrx_word' id='word_1_5' title='bbox 853 361 1000 412; x_wconf 75' lang='lat' dir='ltr'>sonions.</span> 
     </span>
    </p>
   </div>
   <div class='ocr_carea' id='block_1_2' title="bbox 238 483 1418 3706">
    <p class='ocr_par' dir='ltr' id='par_1_2' title="bbox 248 483 1346 688">
     <span class='ocr_line' id='line_1_2' title="bbox 249 483 1346 573; baseline 0.004 -21"><span class='ocrx_word' id='word_1_6' title='bbox 249 485 406 571; x_wconf 76' lang='lat' dir='ltr'>«aliquod</span> <span class='ocrx_word' id='word_1_7' title='bbox 428 483 686 554; x_wconf 84' lang='lat' dir='ltr'>emolumentum</span> <span class='ocrx_word' id='word_1_8' title='bbox 714 486 977 555; x_wconf 82' lang='lat' dir='ltr'>redundaturum</span> <span class='ocrx_word' id='word_1_9' title='bbox 1005 490 1047 554; x_wconf 88' lang='lat' dir='ltr'>sit</span> <span class='ocrx_word' id='word_1_10' title='bbox 1075 490 1108 554; x_wconf 89' lang='lat' dir='ltr'>in</span> <span class='ocrx_word' id='word_1_11' title='bbox 1131 490 1240 572; x_wconf 80' lang='lat' dir='ltr'>ipsum</span> <span class='ocrx_word' id='word_1_12' title='bbox 1267 489 1346 573; x_wconf 76' lang='lat' dir='ltr'>jati·</span> 
     </span>
     <span class='ocr_line' id='line_1_3' title="bbox 248 581 1217 688; baseline 0 -20"><span class='ocrx_word' id='word_1_13' title='bbox 248 601 391 668; x_wconf 71' lang='lat' dir='ltr'>«ccmL»</span> <span class='ocrx_word' id='word_1_14' title='bbox 457 581 460 586; x_wconf 35' lang='lat'><em>¹</em></span> <span class='ocrx_word' id='word_1_15' title='bbox 529 685 531 688; x_wconf 12' lang='lat' dir='ltr'>v</span> <span class='ocrx_word' id='word_1_16' title='bbox 1211 656 1217 668; x_wconf 90' lang='lat'><strong>.</strong></span> 
     </span>
    </p>

    <p class='ocr_par' dir='ltr' id='par_1_3' title="bbox 238 717 1418 1364">
     <span class='ocr_line' id='line_1_4' title="bbox 286 717 1418 812; baseline 0.002 -30"><span class='ocrx_word' id='word_1_17' title='bbox 286 717 438 798; x_wconf 73' lang='lat' dir='ltr'>Quasmo</span> <span class='ocrx_word' id='word_1_18' title='bbox 458 719 501 782; x_wconf 76' lang='lat'>5⁸.</span> <span class='ocrx_word' id='word_1_19' title='bbox 523 751 568 766; x_wconf 92' lang='lat'><em>-</em></span> <span class='ocrx_word' id='word_1_20' title='bbox 586 721 636 782; x_wconf 80' lang='lat' dir='ltr'>Ec</span> <span class='ocrx_word' id='word_1_21' title='bbox 654 739 687 781; x_wconf 84' lang='lat' dir='ltr'>co</span> <span class='ocrx_word' id='word_1_22' title='bbox 702 721 783 800; x_wconf 71' lang='lat' dir='ltr'>&#39;quod</span> <span class='ocrx_word' id='word_1_23' title='bbox 809 722 972 802; x_wconf 75' lang='lat' dir='ltr'>Episcopus</span> <span class='ocrx_word' id='word_1_24' title='bbox 993 725 1036 782; x_wconf 82' lang='lat' dir='ltr'>stt</span> <span class='ocrx_word' id='word_1_25' title='bbox 1060 724 1166 783; x_wconf 81' lang='lat' dir='ltr'>morito</span> <span class='ocrx_word' id='word_1_26' title='bbox 1192 725 1343 802; x_wconf 73' lang='lat' dir='ltr'>suspectus,</span> <span class='ocrx_word' id='word_1_27' title='bbox 1417 753 1418 812; x_wconf 74' lang='lat' dir='ltr'>j</span> 
     </span>
     <span class='ocr_line' id='line_1_5' title="bbox 241 825 1418 918; baseline 0.005 -20"><span class='ocrx_word' id='word_1_28' title='bbox 241 829 312 898; x_wconf 76' lang='lat' dir='ltr'>oum</span> <span class='ocrx_word' id='word_1_29' title='bbox 324 840 457 896; x_wconf 80' lang='lat' dir='ltr'>recusari</span> <span class='ocrx_word' id='word_1_30' title='bbox 466 839 632 918; x_wconf 82' lang='lat' dir='ltr'>possitcjus</span> <span class='ocrx_word' id='word_1_31' title='bbox 644 841 774 899; x_wconf 85' lang='lat' dir='ltr'>vicarius</span> <span class='ocrx_word' id='word_1_32' title='bbox 785 839 945 918; x_wconf 78' lang='lat' dir='ltr'>pectoralis,</span> <span class='ocrx_word' id='word_1_33' title='bbox 957 833 1346 917; x_wconf 79' lang='lat' dir='ltr'>ctoc&#39;ccocrsoi-—Qnoad</span> <span class='ocrx_word' id='word_1_34' title='bbox 1417 825 1418 904; x_wconf 61' lang='lat' dir='ltr'>i</span> 
     </span>
     <span class='ocr_line' id='line_1_6' title="bbox 241 917 1418 1036; baseline -0.003 -22"><span class='ocrx_word' id='word_1_35' title='bbox 241 947 413 1033; x_wconf 81' lang='lat' dir='ltr'>utromque</span> <span class='ocrx_word' id='word_1_36' title='bbox 429 956 556 1032; x_wconf 91' lang='lat' dir='ltr'>partem</span> <span class='ocrx_word' id='word_1_37' title='bbox 572 951 717 1016; x_wconf 82' lang='lat' dir='ltr'>occurrit</span> <span class='ocrx_word' id='word_1_38' title='bbox 734 951 823 1016; x_wconf 89' lang='lat' dir='ltr'>inter</span> <span class='ocrx_word' id='word_1_39' title='bbox 839 950 992 1018; x_wconf 83' lang='lat' dir='ltr'>doctores</span> <span class='ocrx_word' id='word_1_40' title='bbox 1007 951 1244 1028; x_wconf 84' lang='lat' dir='ltr'>controversia,</span> <span class='ocrx_word' id='word_1_41' title='bbox 1260 953 1348 1036; x_wconf 88' lang='lat' dir='ltr'>pmut</span> <span class='ocrx_word' id='word_1_42' title='bbox 1417 917 1418 1010; x_wconf 40' lang='grc' dir='ltr'><strong><em>ἦ</em></strong></span> 
     </span>
     <span class='ocr_line' id='line_1_7' title="bbox 241 1063 1347 1152; baseline 0 -22"><span class='ocrx_word' id='word_1_43' title='bbox 241 1063 355 1130; x_wconf 75' lang='lat' dir='ltr'>videre</span> <span class='ocrx_word' id='word_1_44' title='bbox 378 1072 429 1130; x_wconf 90' lang='lat' dir='ltr'>est</span> <span class='ocrx_word' id='word_1_45' title='bbox 454 1063 542 1147; x_wconf 90' lang='lat' dir='ltr'>apud</span> <span class='ocrx_word' id='word_1_46' title='bbox 562 1065 759 1132; x_wconf 87' lang='lat' dir='ltr'>Leurcninm</span> <span class='ocrx_word' id='word_1_47' title='bbox 784 1067 840 1152; x_wconf 78' lang='lat' dir='ltr'>(ds</span> <span class='ocrx_word' id='word_1_48' title='bbox 866 1071 995 1133; x_wconf 82' lang='lat' dir='ltr'>Vicortis</span> <span class='ocrx_word' id='word_1_49' title='bbox 1022 1070 1211 1149; x_wconf 79' lang='lat' dir='ltr'>pcoerotc&#39;dus</span> <span class='ocrx_word' id='word_1_50' title='bbox 1235 1070 1347 1150; x_wconf 83' lang='lat' dir='ltr'>Episco-</span> 
     </span>
     <span class='ocr_line' id='line_1_8' title="bbox 238 1179 1347 1268; baseline 0.002 -24"><span class='ocrx_word' id='word_1_51' title='bbox 238 1198 363 1264; x_wconf 81' lang='lat' dir='ltr'>porum,</span> <span class='ocrx_word' id='word_1_52' title='bbox 387 1181 563 1265; x_wconf 83' lang='lat' dir='ltr'>quaestione</span> <span class='ocrx_word' id='word_1_53' title='bbox 582 1185 625 1249; x_wconf 88' lang='grc'>90</span> <span class='ocrx_word' id='word_1_54' title='bbox 648 1188 683 1248; x_wconf 84' lang='lat' dir='ltr'>et</span> <span class='ocrx_word' id='word_1_55' title='bbox 705 1180 774 1266; x_wconf 80' lang='lat'>91),</span> <span class='ocrx_word' id='word_1_56' title='bbox 800 1183 857 1268; x_wconf 88' lang='lat' dir='ltr'>qui</span> <span class='ocrx_word' id='word_1_57' title='bbox 882 1184 1025 1250; x_wconf 87' lang='lat' dir='ltr'>rationes</span> <span class='ocrx_word' id='word_1_58' title='bbox 1050 1181 1125 1247; x_wconf 88' lang='lat' dir='ltr'>hine</span> <span class='ocrx_word' id='word_1_59' title='bbox 1150 1179 1229 1247; x_wconf 86' lang='lat' dir='ltr'>inde</span> <span class='ocrx_word' id='word_1_60' title='bbox 1248 1181 1347 1248; x_wconf 75' lang='lat' dir='ltr'>allatu</span> 
     </span>
     <span class='ocr_line' id='line_1_9' title="bbox 241 1295 385 1364; baseline 0 -2"><span class='ocrx_word' id='word_1_61' title='bbox 241 1295 385 1364; x_wconf 80' lang='lat' dir='ltr'><strong>exhibet.</strong></span> 
     </span>
    </p>

    <p class='ocr_par' dir='ltr' id='par_1_4' title="bbox 240 1412 1349 3588">
     <span class='ocr_line' id='line_1_10' title="bbox 284 1412 1348 1500; baseline 0.002 -22"><span class='ocrx_word' id='word_1_62' title='bbox 284 1413 348 1480; x_wconf 88' lang='lat' dir='ltr'>Sed</span> <span class='ocrx_word' id='word_1_63' title='bbox 363 1412 522 1499; x_wconf 90' lang='lat' dir='ltr'>quidquid</span> <span class='ocrx_word' id='word_1_64' title='bbox 545 1415 587 1480; x_wconf 86' lang='lat' dir='ltr'>sit</span> <span class='ocrx_word' id='word_1_65' title='bbox 610 1413 653 1480; x_wconf 86' lang='lat' dir='ltr'>de</span> <span class='ocrx_word' id='word_1_66' title='bbox 675 1415 851 1500; x_wconf 81' lang='lat' dir='ltr'>quaestione</span> <span class='ocrx_word' id='word_1_67' title='bbox 877 1413 1041 1492; x_wconf 88' lang='lat' dir='ltr'>theorico,</span> <span class='ocrx_word' id='word_1_68' title='bbox 1059 1415 1094 1480; x_wconf 91' lang='lat' dir='ltr'>in</span> <span class='ocrx_word' id='word_1_69' title='bbox 1116 1413 1211 1498; x_wconf 84' lang='lat' dir='ltr'>praxi</span> <span class='ocrx_word' id='word_1_70' title='bbox 1227 1412 1348 1480; x_wconf 86' lang='lat' dir='ltr'>videtur</span> 
     </span>
     <span class='ocr_line' id='line_1_11' title="bbox 240 1531 1348 1617; baseline -0.002 -21"><span class='ocrx_word' id='word_1_71' title='bbox 240 1531 464 1598; x_wconf 84' lang='lat' dir='ltr'>controversia</span> <span class='ocrx_word' id='word_1_72' title='bbox 485 1549 694 1597; x_wconf 88' lang='lat' dir='ltr'>evanescere.</span> <span class='ocrx_word' id='word_1_73' title='bbox 717 1534 796 1598; x_wconf 88' lang='lat' dir='ltr'>Nam</span> <span class='ocrx_word' id='word_1_74' title='bbox 820 1533 876 1617; x_wconf 87' lang='lat' dir='ltr'>qui</span> <span class='ocrx_word' id='word_1_75' title='bbox 898 1532 970 1596; x_wconf 83' lang='lat' dir='ltr'>vuit</span> <span class='ocrx_word' id='word_1_76' title='bbox 992 1531 1088 1596; x_wconf 88' lang='lat' dir='ltr'>simul</span> <span class='ocrx_word' id='word_1_77' title='bbox 1109 1531 1302 1614; x_wconf 84' lang='lat' dir='ltr'>Episcopum</span> <span class='ocrx_word' id='word_1_78' title='bbox 1321 1535 1348 1594; x_wconf 87' lang='lat' dir='ltr'>et</span> 
     </span>
     <span class='ocr_line' id='line_1_12' title="bbox 240 1647 1347 1734; baseline -0.002 -22"><span class='ocrx_word' id='word_1_79' title='bbox 240 1647 312 1734; x_wconf 87' lang='lat' dir='ltr'>ejus</span> <span class='ocrx_word' id='word_1_80' title='bbox 325 1649 487 1714; x_wconf 80' lang='lat' dir='ltr'>vicariam</span> <span class='ocrx_word' id='word_1_81' title='bbox 505 1667 669 1726; x_wconf 84' lang='lat' dir='ltr'>recusam,</span> <span class='ocrx_word' id='word_1_82' title='bbox 686 1648 775 1715; x_wconf 89' lang='lat' dir='ltr'>dicet</span> <span class='ocrx_word' id='word_1_83' title='bbox 793 1648 857 1714; x_wconf 88' lang='lat' dir='ltr'>sibi</span> <span class='ocrx_word' id='word_1_84' title='bbox 874 1655 1063 1732; x_wconf 86' lang='lat' dir='ltr'>suspectum</span> <span class='ocrx_word' id='word_1_85' title='bbox 1079 1667 1149 1714; x_wconf 90' lang='lat' dir='ltr'>esse</span> <span class='ocrx_word' id='word_1_86' title='bbox 1165 1647 1347 1730; x_wconf 84' lang='lat' dir='ltr'>Episcopum</span> 
     </span>
     <span class='ocr_line' id='line_1_13' title="bbox 240 1761 1348 1848; baseline -0.002 -19"><span class='ocrx_word' id='word_1_87' title='bbox 240 1761 437 1847; x_wconf 71' lang='lat' dir='ltr'>essequod</span> <span class='ocrx_word' id='word_1_88' title='bbox 455 1771 624 1847; x_wconf 89' lang='lat' dir='ltr'>suspectus</span> <span class='ocrx_word' id='word_1_89' title='bbox 640 1764 681 1829; x_wconf 86' lang='lat' dir='ltr'>sit</span> <span class='ocrx_word' id='word_1_90' title='bbox 695 1762 766 1848; x_wconf 84' lang='lat' dir='ltr'>ejus</span> <span class='ocrx_word' id='word_1_91' title='bbox 781 1763 938 1842; x_wconf 75' lang='lat' dir='ltr'>vicarius,</span> <span class='ocrx_word' id='word_1_92' title='bbox 955 1763 1008 1828; x_wconf 82' lang='lat' dir='ltr'>vel</span> <span class='ocrx_word' id='word_1_93' title='bbox 1023 1763 1094 1828; x_wconf 85' lang='lat' dir='ltr'>vioe</span> <span class='ocrx_word' id='word_1_94' title='bbox 1110 1777 1218 1828; x_wconf 86' lang='lat' dir='ltr'>versa.</span> <span class='ocrx_word' id='word_1_95' title='bbox 1235 1763 1348 1846; x_wconf 89' lang='lat' dir='ltr'>Propo·</span> 
     </span>
     <span class='ocr_line' id='line_1_14' title="bbox 241 1877 1348 1964; baseline -0.003 -19"><span class='ocrx_word' id='word_1_96' title='bbox 241 1881 301 1945; x_wconf 84' lang='lat' dir='ltr'>sita</span> <span class='ocrx_word' id='word_1_97' title='bbox 313 1886 421 1946; x_wconf 86' lang='lat' dir='ltr'>autem</span> <span class='ocrx_word' id='word_1_98' title='bbox 433 1879 494 1945; x_wconf 90' lang='lat' dir='ltr'>hoc</span> <span class='ocrx_word' id='word_1_99' title='bbox 506 1879 604 1944; x_wconf 92' lang='lat' dir='ltr'>modo</span> <span class='ocrx_word' id='word_1_100' title='bbox 615 1881 825 1946; x_wconf 81' lang='lat' dir='ltr'>recusationis</span> <span class='ocrx_word' id='word_1_101' title='bbox 836 1899 943 1956; x_wconf 87' lang='lat' dir='ltr'>causa,</span> <span class='ocrx_word' id='word_1_102' title='bbox 958 1897 1163 1964; x_wconf 84' lang='lat' dir='ltr'>nequaquam</span> <span class='ocrx_word' id='word_1_103' title='bbox 1174 1877 1238 1944; x_wconf 90' lang='lat' dir='ltr'>dici</span> <span class='ocrx_word' id='word_1_104' title='bbox 1250 1884 1348 1961; x_wconf 86' lang='lat' dir='ltr'>potest</span> 
     </span>
     <span class='ocr_line' id='line_1_15' title="bbox 241 1991 1349 2079; baseline -0.001 -20"><span class='ocrx_word' id='word_1_105' title='bbox 241 1991 374 2077; x_wconf 47' lang='grc' dir='ltr'><em>Μυσίῳ·</em></span> <span class='ocrx_word' id='word_1_106' title='bbox 396 2014 470 2061; x_wconf 94' lang='lat' dir='ltr'>cum</span> <span class='ocrx_word' id='word_1_107' title='bbox 496 1997 675 2079; x_wconf 81' lang='lat' dir='ltr'>gravissimi</span> <span class='ocrx_word' id='word_1_108' title='bbox 699 2003 850 2062; x_wconf 73' lang='lat' dir='ltr'>auctores</span> <span class='ocrx_word' id='word_1_109' title='bbox 873 2013 944 2060; x_wconf 86' lang='lat' dir='ltr'>cam</span> <span class='ocrx_word' id='word_1_110' title='bbox 960 2015 979 2061; x_wconf 89' lang='lat' dir='ltr'>c</span> <span class='ocrx_word' id='word_1_111' title='bbox 996 2002 1109 2060; x_wconf 85' lang='lat' dir='ltr'>contra</span> <span class='ocrx_word' id='word_1_112' title='bbox 1123 2000 1161 2059; x_wconf 91' lang='lat' dir='ltr'>ut</span> <span class='ocrx_word' id='word_1_113' title='bbox 1181 1995 1349 2078; x_wconf 84' lang='lat' dir='ltr'>legitimum</span> 
     </span>
     <span class='ocr_line' id='line_1_16' title="bbox 242 2111 1349 2198; baseline -0.003 -21"><span class='ocrx_word' id='word_1_114' title='bbox 242 2112 393 2178; x_wconf 85' lang='lat' dir='ltr'>habeant.</span> <span class='ocrx_word' id='word_1_115' title='bbox 412 2111 476 2177; x_wconf 88' lang='lat' dir='ltr'>Sed</span> <span class='ocrx_word' id='word_1_116' title='bbox 487 2113 615 2196; x_wconf 89' lang='lat' dir='ltr'>quoties</span> <span class='ocrx_word' id='word_1_117' title='bbox 630 2114 793 2198; x_wconf 85' lang='lat' dir='ltr'>proposita</span> <span class='ocrx_word' id='word_1_118' title='bbox 806 2112 997 2195; x_wconf 87' lang='lat' dir='ltr'>suspicionis</span> <span class='ocrx_word' id='word_1_119' title='bbox 1012 2129 1108 2176; x_wconf 89' lang='lat' dir='ltr'>causa</span> <span class='ocrx_word' id='word_1_120' title='bbox 1119 2130 1185 2176; x_wconf 92' lang='lat' dir='ltr'>uon</span> <span class='ocrx_word' id='word_1_121' title='bbox 1198 2119 1247 2176; x_wconf 85' lang='lat' dir='ltr'>est</span> <span class='ocrx_word' id='word_1_122' title='bbox 1256 2117 1349 2194; x_wconf 82' lang='lat' dir='ltr'>operto</span> 
     </span>
     <span class='ocr_line' id='line_1_17' title="bbox 242 2225 1349 2313; baseline 0.001 -22"><span class='ocrx_word' id='word_1_123' title='bbox 242 2231 370 2309; x_wconf 72' lang='lat' dir='ltr'>(rivolo,</span> <span class='ocrx_word' id='word_1_124' title='bbox 390 2235 519 2292; x_wconf 88' lang='lat' dir='ltr'>certum</span> <span class='ocrx_word' id='word_1_125' title='bbox 541 2234 591 2294; x_wconf 84' lang='lat' dir='ltr'>est</span> <span class='ocrx_word' id='word_1_126' title='bbox 606 2229 714 2293; x_wconf 88' lang='lat' dir='ltr'>teneri</span> <span class='ocrx_word' id='word_1_127' title='bbox 725 2227 870 2313; x_wconf 84' lang='lat' dir='ltr'>judicem</span> <span class='ocrx_word' id='word_1_128' title='bbox 888 2226 932 2292; x_wconf 88' lang='lat' dir='ltr'>ad</span> <span class='ocrx_word' id='word_1_129' title='bbox 949 2225 1232 2311; x_wconf 85' lang='lat' dir='ltr'>supersedendum</span> <span class='ocrx_word' id='word_1_130' title='bbox 1251 2227 1349 2310; x_wconf 85' lang='lat' dir='ltr'>cogni·</span> 
     </span>
     <span class='ocr_line' id='line_1_18' title="bbox 243 2340 1348 2427; baseline -0.004 -19"><span class='ocrx_word' id='word_1_131' title='bbox 243 2344 323 2410; x_wconf 91' lang='lat' dir='ltr'>tioni</span> <span class='ocrx_word' id='word_1_132' title='bbox 336 2361 451 2420; x_wconf 79' lang='lat' dir='ltr'>causae,</span> <span class='ocrx_word' id='word_1_133' title='bbox 466 2351 500 2408; x_wconf 87' lang='lat' dir='ltr'>et</span> <span class='ocrx_word' id='word_1_134' title='bbox 512 2342 679 2427; x_wconf 84' lang='lat' dir='ltr'>eligendos</span> <span class='ocrx_word' id='word_1_135' title='bbox 692 2362 763 2408; x_wconf 87' lang='lat' dir='ltr'>esse</span> <span class='ocrx_word' id='word_1_136' title='bbox 773 2343 928 2425; x_wconf 79' lang='lat' dir='ltr'>arbitros3</span> <span class='ocrx_word' id='word_1_137' title='bbox 940 2361 1019 2426; x_wconf 82' lang='lat' dir='ltr'>ergo</span> <span class='ocrx_word' id='word_1_138' title='bbox 1029 2342 1062 2406; x_wconf 90' lang='lat' dir='ltr'>in</span> <span class='ocrx_word' id='word_1_139' title='bbox 1073 2340 1161 2408; x_wconf 89' lang='lat' dir='ltr'>dieto</span> <span class='ocrx_word' id='word_1_140' title='bbox 1172 2343 1268 2408; x_wconf 90' lang='lat' dir='ltr'>etiam</span> <span class='ocrx_word' id='word_1_141' title='bbox 1279 2359 1348 2406; x_wconf 86' lang='lat' dir='ltr'>casu</span> 
     </span>
     <span class='ocr_line' id='line_1_19' title="bbox 246 2453 1348 2546; baseline -0.005 -22"><span class='ocrx_word' id='word_1_142' title='bbox 246 2459 406 2546; x_wconf 86' lang='lat' dir='ltr'>(practice</span> <span class='ocrx_word' id='word_1_143' title='bbox 421 2455 635 2542; x_wconf 86' lang='lat' dir='ltr'>considerato)</span> <span class='ocrx_word' id='word_1_144' title='bbox 653 2458 695 2524; x_wconf 91' lang='lat' dir='ltr'>ab</span> <span class='ocrx_word' id='word_1_145' title='bbox 710 2457 841 2524; x_wconf 85' lang='lat' dir='ltr'>arbitris</span> <span class='ocrx_word' id='word_1_146' title='bbox 854 2458 967 2524; x_wconf 85' lang='lat' dir='ltr'>electis</span> <span class='ocrx_word' id='word_1_147' title='bbox 984 2477 1080 2523; x_wconf 87' lang='lat' dir='ltr'>causa</span> <span class='ocrx_word' id='word_1_148' title='bbox 1097 2457 1283 2540; x_wconf 87' lang='lat' dir='ltr'>suspicionis</span> <span class='ocrx_word' id='word_1_149' title='bbox 1297 2453 1348 2525; x_wconf 87' lang='lat' dir='ltr'>de·</span> 
     </span>
     <span class='ocr_line' id='line_1_20' title="bbox 243 2573 1345 2658; baseline 0.006 -18"><span class='ocrx_word' id='word_1_150' title='bbox 243 2573 384 2641; x_wconf 86' lang='lat' dir='ltr'>¹cidenda</span> <span class='ocrx_word' id='word_1_151' title='bbox 397 2576 470 2641; x_wconf 88' lang='lat' dir='ltr'>erit.</span> <span class='ocrx_word' id='word_1_152' title='bbox 483 2573 569 2658; x_wconf 85' lang='lat' dir='ltr'>Quid</span> <span class='ocrx_word' id='word_1_153' title='bbox 582 2581 691 2641; x_wconf 90' lang='lat' dir='ltr'>autem</span> <span class='ocrx_word' id='word_1_154' title='bbox 702 2575 818 2640; x_wconf 88' lang='lat' dir='ltr'>arbitri</span> <span class='ocrx_word' id='word_1_155' title='bbox 827 2575 861 2639; x_wconf 92' lang='lat' dir='ltr'>in</span> <span class='ocrx_word' id='word_1_156' title='bbox 870 2573 931 2639; x_wconf 92' lang='lat' dir='ltr'>hoc</span> <span class='ocrx_word' id='word_1_157' title='bbox 943 2594 1018 2640; x_wconf 90' lang='lat' dir='ltr'>casu</span> <span class='ocrx_word' id='word_1_158' title='bbox 1030 2573 1185 2641; x_wconf 85' lang='lat' dir='ltr'>decidere</span> <span class='ocrx_word' id='word_1_159' title='bbox 1196 2573 1345 2646; x_wconf 70' lang='lat' dir='ltr'>debeant,</span> 
     </span>
     <span class='ocr_line' id='line_1_21' title="bbox 240 2689 1347 2766; baseline 0 -12"><span class='ocrx_word' id='word_1_160' title='bbox 240 2691 407 2758; x_wconf 78' lang='lat' dir='ltr'>uidetura</span> <span class='ocrx_word' id='word_1_161' title='bbox 423 2693 671 2758; x_wconf 85' lang='lat' dir='ltr'>circumstantiis</span> <span class='ocrx_word' id='word_1_162' title='bbox 694 2709 764 2758; x_wconf 89' lang='lat' dir='ltr'>esse</span> <span class='ocrx_word' id='word_1_163' title='bbox 791 2689 1041 2766; x_wconf 87' lang='lat' dir='ltr'>desumendum.</span> <span class='ocrx_word' id='word_1_164' title='bbox 1065 2692 1130 2757; x_wconf 92' lang='lat' dir='ltr'>Pro</span> <span class='ocrx_word' id='word_1_165' title='bbox 1152 2689 1252 2757; x_wconf 90' lang='lat' dir='ltr'>modo</span> <span class='ocrx_word' id='word_1_166' title='bbox 1272 2689 1347 2756; x_wconf 88' lang='lat' dir='ltr'>enim</span> 
     </span>
     <span class='ocr_line' id='line_1_22' title="bbox 242 2805 1348 2894; baseline -0.006 -21"><span class='ocrx_word' id='word_1_167' title='bbox 242 2827 308 2894; x_wconf 89' lang='lat' dir='ltr'>qno</span> <span class='ocrx_word' id='word_1_168' title='bbox 326 2827 396 2873; x_wconf 88' lang='lat' dir='ltr'>sese</span> <span class='ocrx_word' id='word_1_169' title='bbox 417 2807 552 2884; x_wconf 88' lang='lat' dir='ltr'>habent,</span> <span class='ocrx_word' id='word_1_170' title='bbox 572 2808 640 2872; x_wconf 79' lang='lat' dir='ltr'>sire</span> <span class='ocrx_word' id='word_1_171' title='bbox 660 2807 695 2870; x_wconf 91' lang='lat' dir='ltr'>in</span> <span class='ocrx_word' id='word_1_172' title='bbox 716 2806 843 2890; x_wconf 86' lang='lat' dir='ltr'>seipsis,</span> <span class='ocrx_word' id='word_1_173' title='bbox 862 2807 930 2871; x_wconf 89' lang='lat' dir='ltr'>sive</span> <span class='ocrx_word' id='word_1_174' title='bbox 947 2805 1163 2882; x_wconf 85' lang='lat' dir='ltr'>adinvicem,</span> <span class='ocrx_word' id='word_1_175' title='bbox 1182 2805 1348 2889; x_wconf 85' lang='lat' dir='ltr'>Episcopus</span> 
     </span>
     <span class='ocr_line' id='line_1_23' title="bbox 244 2917 1345 3009; baseline -0.008 -18"><span class='ocrx_word' id='word_1_176' title='bbox 244 2933 278 2991; x_wconf 87' lang='lat' dir='ltr'>&#39;et</span> <span class='ocrx_word' id='word_1_177' title='bbox 292 2923 362 3009; x_wconf 87' lang='lat' dir='ltr'>ejus</span> <span class='ocrx_word' id='word_1_178' title='bbox 375 2923 535 3000; x_wconf 77' lang='lat' dir='ltr'>vicarius,</span> <span class='ocrx_word' id='word_1_179' title='bbox 549 2923 693 3006; x_wconf 79' lang='lat' dir='ltr'>legitima</span> <span class='ocrx_word' id='word_1_180' title='bbox 708 2919 762 2987; x_wconf 87' lang='lat' dir='ltr'>vei</span> <span class='ocrx_word' id='word_1_181' title='bbox 776 2922 941 3005; x_wconf 81' lang='lat' dir='ltr'>illegitima</span> <span class='ocrx_word' id='word_1_182' title='bbox 955 2921 1139 3006; x_wconf 83' lang='lat' dir='ltr'>prudenter</span> <span class='ocrx_word' id='word_1_183' title='bbox 1153 2921 1299 2988; x_wconf 77' lang='lat' dir='ltr'>aestimari</span> <span class='ocrx_word' id='word_1_184' title='bbox 1310 2917 1345 2984; x_wconf 92' lang='lat' dir='ltr'>ah</span> 
     </span>
     <span class='ocr_line' id='line_1_24' title="bbox 244 3033 1345 3122; baseline -0.006 -15"><span class='ocrx_word' id='word_1_185' title='bbox 244 3040 375 3107; x_wconf 86' lang='lat' dir='ltr'>arbitris</span> <span class='ocrx_word' id='word_1_186' title='bbox 390 3039 512 3122; x_wconf 88' lang='lat' dir='ltr'>poterit</span> <span class='ocrx_word' id='word_1_187' title='bbox 528 3038 614 3105; x_wconf 90' lang='lat' dir='ltr'>diota</span> <span class='ocrx_word' id='word_1_188' title='bbox 630 3038 818 3122; x_wconf 90' lang='lat' dir='ltr'>suspicionis</span> <span class='ocrx_word' id='word_1_189' title='bbox 835 3057 941 3103; x_wconf 89' lang='lat' dir='ltr'>causa.</span> <span class='ocrx_word' id='word_1_190' title='bbox 964 3038 1172 3122; x_wconf 75' lang='lat' dir='ltr'>Regulnriter</span> <span class='ocrx_word' id='word_1_191' title='bbox 1189 3045 1297 3102; x_wconf 88' lang='lat' dir='ltr'>tamen</span> <span class='ocrx_word' id='word_1_192' title='bbox 1308 3033 1345 3101; x_wconf 93' lang='lat' dir='ltr'>ob</span> 
     </span>
     <span class='ocr_line' id='line_1_25' title="bbox 242 3149 1345 3241; baseline -0.005 -19"><span class='ocrx_word' id='word_1_193' title='bbox 242 3155 502 3241; x_wconf 83' lang='lat' dir='ltr'>conjunctionem</span> <span class='ocrx_word' id='word_1_194' title='bbox 520 3155 666 3220; x_wconf 87' lang='lat' dir='ltr'>intimam</span> <span class='ocrx_word' id='word_1_195' title='bbox 685 3153 835 3239; x_wconf 86' lang='lat' dir='ltr'>Episcopi</span> <span class='ocrx_word' id='word_1_196' title='bbox 850 3153 984 3240; x_wconf 89' lang='lat' dir='ltr'>ejusque</span> <span class='ocrx_word' id='word_1_197' title='bbox 1005 3155 1135 3232; x_wconf 84' lang='lat' dir='ltr'>Vicarii,</span> <span class='ocrx_word' id='word_1_198' title='bbox 1158 3161 1256 3239; x_wconf 86' lang='lat' dir='ltr'>atquc</span> <span class='ocrx_word' id='word_1_199' title='bbox 1269 3149 1345 3220; x_wconf 86' lang='lat' dir='ltr'>ordi·</span> 
     </span>
     <span class='ocr_line' id='line_1_26' title="bbox 240 3266 1345 3358; baseline -0.009 -19"><span class='ocrx_word' id='word_1_200' title='bbox 240 3274 365 3339; x_wconf 81' lang='lat' dir='ltr'>uariam</span> <span class='ocrx_word' id='word_1_201' title='bbox 389 3274 423 3336; x_wconf 94' lang='lat' dir='ltr'>in</span> <span class='ocrx_word' id='word_1_202' title='bbox 447 3272 586 3337; x_wconf 89' lang='lat' dir='ltr'>invicem</span> <span class='ocrx_word' id='word_1_203' title='bbox 615 3270 882 3355; x_wconf 85' lang='lat' dir='ltr'>propensionem,</span> <span class='ocrx_word' id='word_1_204' title='bbox 897 3271 1049 3358; x_wconf 28' lang='lat' dir='ltr'>,legitima</span> <span class='ocrx_word' id='word_1_205' title='bbox 1076 3270 1256 3353; x_wconf 83' lang='lat' dir='ltr'>suspicione</span> <span class='ocrx_word' id='word_1_206' title='bbox 1278 3266 1345 3334; x_wconf 85' lang='lat' dir='ltr'>sotis</span> 
     </span>
     <span class='ocr_line' id='line_1_27' title="bbox 243 3383 1344 3470; baseline -0.009 -16"><span class='ocrx_word' id='word_1_207' title='bbox 243 3405 359 3454; x_wconf 81' lang='lat' dir='ltr'>vocare</span> <span class='ocrx_word' id='word_1_208' title='bbox 374 3407 439 3454; x_wconf 90' lang='lat' dir='ltr'>non</span> <span class='ocrx_word' id='word_1_209' title='bbox 452 3387 596 3463; x_wconf 84' lang='lat' dir='ltr'>uidetur,</span> <span class='ocrx_word' id='word_1_210' title='bbox 610 3387 637 3451; x_wconf 90' lang='lat' dir='ltr'>si</span> <span class='ocrx_word' id='word_1_211' title='bbox 646 3405 730 3451; x_wconf 89' lang='lat' dir='ltr'>nnus</span> <span class='ocrx_word' id='word_1_212' title='bbox 743 3404 875 3452; x_wconf 87' lang='lat' dir='ltr'>eausam</span> <span class='ocrx_word' id='word_1_213' title='bbox 890 3386 978 3451; x_wconf 91' lang='lat' dir='ltr'>illam</span> <span class='ocrx_word' id='word_1_214' title='bbox 992 3384 1131 3470; x_wconf 85' lang='lat' dir='ltr'>judicet,</span> <span class='ocrx_word' id='word_1_215' title='bbox 1147 3386 1182 3450; x_wconf 88' lang='lat' dir='ltr'>in</span> <span class='ocrx_word' id='word_1_216' title='bbox 1196 3405 1258 3470; x_wconf 90' lang='lat' dir='ltr'>qua</span> <span class='ocrx_word' id='word_1_217' title='bbox 1271 3383 1344 3450; x_wconf 87' lang='lat' dir='ltr'>alter</span> 
     </span>
     <span class='ocr_line' id='line_1_28' title="bbox 241 3502 983 3588; baseline -0.004 -19"><span class='ocrx_word' id='word_1_218' title='bbox 241 3513 394 3588; x_wconf 76' lang='lat' dir='ltr'>tanquam</span> <span class='ocrx_word' id='word_1_219' title='bbox 409 3511 580 3586; x_wconf 86' lang='lat' dir='ltr'>suspectus</span> <span class='ocrx_word' id='word_1_220' title='bbox 595 3503 712 3568; x_wconf 88' lang='lat' dir='ltr'>merito</span> <span class='ocrx_word' id='word_1_221' title='bbox 726 3502 789 3566; x_wconf 84' lang='lat' dir='ltr'>fuit</span> <span class='ocrx_word' id='word_1_222' title='bbox 804 3508 983 3568; x_wconf 87' lang='lat' dir='ltr'>recusatus.</span> 
     </span>
    </p>

    <p class='ocr_par' dir='ltr' id='par_1_5' title="bbox 285 3619 1343 3706">
     <span class='ocr_line' id='line_1_29' title="bbox 285 3619 1343 3706; baseline -0.008 -18"><span class='ocrx_word' id='word_1_223' title='bbox 285 3626 364 3688; x_wconf 86' lang='lat' dir='ltr'>Noto</span> <span class='ocrx_word' id='word_1_224' title='bbox 383 3624 412 3686; x_wconf 84' lang='lat' dir='ltr'>t.</span> <span class='ocrx_word' id='word_1_225' title='bbox 435 3622 656 3687; x_wconf 84' lang='lat' dir='ltr'>communiter</span> <span class='ocrx_word' id='word_1_226' title='bbox 683 3628 798 3687; x_wconf 90' lang='lat' dir='ltr'>tenent</span> <span class='ocrx_word' id='word_1_227' title='bbox 824 3619 975 3687; x_wconf 86' lang='lat' dir='ltr'>doctores</span> <span class='ocrx_word' id='word_1_228' title='bbox 997 3621 1142 3686; x_wconf 87' lang='lat' dir='ltr'>recusari</span> <span class='ocrx_word' id='word_1_229' title='bbox 1163 3639 1257 3706; x_wconf 85' lang='lat' dir='ltr'>posse</span> <span class='ocrx_word' id='word_1_230' title='bbox 1285 3626 1343 3684; x_wconf 87' lang='lat' dir='ltr'>tan</span> 
     </span>
    </p>
   </div>
   <div class='ocr_carea' id='block_1_3' title="bbox 231 3734 1342 4410">
    <p class='ocr_par' dir='ltr' id='par_1_6' title="bbox 239 3734 1342 3941">
     <span class='ocr_line' id='line_1_30' title="bbox 239 3734 1342 3824; baseline -0.005 -22"><span class='ocrx_word' id='word_1_231' title='bbox 239 3748 335 3824; x_wconf 75' lang='lat' dir='ltr'>quam</span> <span class='ocrx_word' id='word_1_232' title='bbox 358 3746 544 3823; x_wconf 86' lang='lat' dir='ltr'>suspectum</span> <span class='ocrx_word' id='word_1_233' title='bbox 567 3738 721 3824; x_wconf 88' lang='lat' dir='ltr'>judicem,</span> <span class='ocrx_word' id='word_1_234' title='bbox 748 3755 789 3804; x_wconf 84' lang='lat' dir='ltr'>es</span> <span class='ocrx_word' id='word_1_235' title='bbox 810 3735 963 3821; x_wconf 85' lang='lat' dir='ltr'>eoquod</span> <span class='ocrx_word' id='word_1_236' title='bbox 990 3736 1060 3822; x_wconf 87' lang='lat' dir='ltr'>ejus</span> <span class='ocrx_word' id='word_1_237' title='bbox 1079 3755 1221 3804; x_wconf 88' lang='lat' dir='ltr'>assessor</span> <span class='ocrx_word' id='word_1_238' title='bbox 1239 3734 1342 3803; x_wconf 87' lang='lat' dir='ltr'>merito</span> 
     </span>
     <span class='ocr_line' id='line_1_31' title="bbox 239 3847 1185 3941; baseline -0.001 -22"><span class='ocrx_word' id='word_1_239' title='bbox 239 3862 411 3940; x_wconf 88' lang='lat' dir='ltr'>suspectus</span> <span class='ocrx_word' id='word_1_240' title='bbox 428 3857 495 3938; x_wconf 76' lang='lat' dir='ltr'>sit,</span> <span class='ocrx_word' id='word_1_241' title='bbox 505 3855 598 3941; x_wconf 83' lang='lat' dir='ltr'>(Vide</span> <span class='ocrx_word' id='word_1_242' title='bbox 613 3855 831 3932; x_wconf 88' lang='lat' dir='ltr'>Leurcuium‚</span> <span class='ocrx_word' id='word_1_243' title='bbox 851 3855 923 3920; x_wconf 89' lang='lat' dir='ltr'>loeo</span> <span class='ocrx_word' id='word_1_244' title='bbox 938 3852 1007 3939; x_wconf 85' lang='lat' dir='ltr'>cit.)</span> <span class='ocrx_word' id='word_1_245' title='bbox 1179 3847 1185 3858; x_wconf 42' lang='lat'><strong>⁸</strong></span> 
     </span>
    </p>

    <p class='ocr_par' dir='ltr' id='par_1_7' title="bbox 231 3966 1340 4410">
     <span class='ocr_line' id='line_1_32' title="bbox 282 3966 1340 4054; baseline -0.002 -21"><span class='ocrx_word' id='word_1_246' title='bbox 282 3975 361 4034; x_wconf 86' lang='lat' dir='ltr'>Noto</span> <span class='ocrx_word' id='word_1_247' title='bbox 375 3973 407 4035; x_wconf 74' lang='lat' dir='ltr'>i.</span> <span class='ocrx_word' id='word_1_248' title='bbox 424 3969 539 4053; x_wconf 88' lang='lat' dir='ltr'>Quoad</span> <span class='ocrx_word' id='word_1_249' title='bbox 552 3970 738 4054; x_wconf 80' lang='lat' dir='ltr'>delegatum</span> <span class='ocrx_word' id='word_1_250' title='bbox 753 3971 924 4054; x_wconf 84' lang='lat' dir='ltr'>Episcopi,</span> <span class='ocrx_word' id='word_1_251' title='bbox 945 3970 1020 4054; x_wconf 86' lang='lat' dir='ltr'>quia</span> <span class='ocrx_word' id='word_1_252' title='bbox 1036 3969 1134 4036; x_wconf 87' lang='lat' dir='ltr'>habet</span> <span class='ocrx_word' id='word_1_253' title='bbox 1149 3970 1291 4038; x_wconf 85' lang='lat' dir='ltr'>tribunal</span> <span class='ocrx_word' id='word_1_254' title='bbox 1305 3966 1340 4033; x_wconf 85' lang='lat' dir='ltr'>ob</span> 
     </span>
     <span class='ocr_line' id='line_1_33' title="bbox 231 4081 1339 4169; baseline -0.002 -19"><span class='ocrx_word' id='word_1_255' title='bbox 231 4085 415 4169; x_wconf 87' lang='lat' dir='ltr'>‘episcopali</span> <span class='ocrx_word' id='word_1_256' title='bbox 426 4082 602 4164; x_wconf 79' lang='lat' dir='ltr'>diversum,</span> <span class='ocrx_word' id='word_1_257' title='bbox 621 4093 736 4152; x_wconf 89' lang='lat' dir='ltr'>tenent</span> <span class='ocrx_word' id='word_1_258' title='bbox 762 4086 857 4152; x_wconf 85' lang='lat' dir='ltr'>multi</span> <span class='ocrx_word' id='word_1_259' title='bbox 870 4105 945 4152; x_wconf 89' lang='lat' dir='ltr'>enm</span> <span class='ocrx_word' id='word_1_260' title='bbox 966 4085 1099 4152; x_wconf 81' lang='lat' dir='ltr'>sbrocio</span> <span class='ocrx_word' id='word_1_261' title='bbox 1115 4105 1191 4154; x_wconf 90' lang='lat' dir='ltr'>eum</span> <span class='ocrx_word' id='word_1_262' title='bbox 1209 4081 1339 4152; x_wconf 77' lang='lat' dir='ltr'>recusuri</span> 
     </span>
     <span class='ocr_line' id='line_1_34' title="bbox 234 4195 1337 4288; baseline -0.003 -21"><span class='ocrx_word' id='word_1_263' title='bbox 234 4214 299 4269; x_wconf 81' lang='lat' dir='ltr'>n‘on</span> <span class='ocrx_word' id='word_1_264' title='bbox 314 4222 419 4286; x_wconf 90' lang='lat' dir='ltr'>posse,</span> <span class='ocrx_word' id='word_1_265' title='bbox 435 4223 476 4268; x_wconf 81' lang='lat' dir='ltr'>ex</span> <span class='ocrx_word' id='word_1_266' title='bbox 491 4223 535 4269; x_wconf 84' lang='lat' dir='ltr'>eo</span> <span class='ocrx_word' id='word_1_267' title='bbox 562 4201 651 4288; x_wconf 91' lang='lat' dir='ltr'>quod</span> <span class='ocrx_word' id='word_1_268' title='bbox 666 4203 783 4269; x_wconf 82' lang='lat' dir='ltr'>merito</span> <span class='ocrx_word' id='word_1_269' title='bbox 810 4209 981 4286; x_wconf 89' lang='lat' dir='ltr'>suspectus</span> <span class='ocrx_word' id='word_1_270' title='bbox 995 4203 1037 4267; x_wconf 85' lang='lat' dir='ltr'>sit</span> <span class='ocrx_word' id='word_1_271' title='bbox 1053 4203 1240 4288; x_wconf 88' lang='lat' dir='ltr'>Episcopus.</span> <span class='ocrx_word' id='word_1_272' title='bbox 1256 4195 1337 4288; x_wconf 81' lang='lat' dir='ltr'>(Vide</span> 
     </span>
     <span class='ocr_line' id='line_1_35' title="bbox 233 4316 895 4410; baseline 0.003 -28"><span class='ocrx_word' id='word_1_273' title='bbox 233 4319 356 4403; x_wconf 86' lang='lat' dir='ltr'>pariter</span> <span class='ocrx_word' id='word_1_274' title='bbox 370 4319 577 4393; x_wconf 84' lang='lat' dir='ltr'>Leurcuium‚</span> <span class='ocrx_word' id='word_1_275' title='bbox 597 4319 653 4382; x_wconf 84' lang='lat' dir='ltr'>cit..</span> <span class='ocrx_word' id='word_1_276' title='bbox 674 4320 801 4410; x_wconf 69' lang='lat' dir='ltr'>locuq.</span> <span class='ocrx_word' id='word_1_277' title='bbox 824 4316 895 4402; x_wconf 85' lang='lat'>90.)</span> 
     </span>
    </p>
   </div>
   <div class='ocr_carea' id='block_1_4' title="bbox 0 0 1428 5109">
    <p class='ocr_par' dir='ltr' id='par_1_8' title="bbox 0 0 1428 5109">
     <span class='ocr_line' id='line_1_36' title="bbox 0 0 1428 5109; baseline 0 0"><span class='ocrx_word' id='word_1_278' title='bbox 0 0 1428 5109; x_wconf 95' lang='lat' dir='ltr'> </span> 
     </span>
    </p>
   </div>
  </div>
 </body>
</html>
