2836 5118
230 370 293 433 328
577 386 765 433 morasus
787 385 831 432 ne
853 345 1002 432 suuldus.

225 508 292 594 jam
309 527 419 592 sparsa
435 507 538 575 fuerit
558 507 600 574 de
615 507 738 575 delicto
761 510 858 590 fama,
881 507 1246 591 perperam‘diceretur
1269 514 1335 598 lipi-
1408 463 1409 510 ἶ

227 643 343 709 scopus
365 645 404 687 ca
423 631 522 688 ccasio
544 627 603 687 sibi
624 633 714 704 notis,
733 645 802 703 seu,
826 623 913 710 quod
928 623 1016 690 idem
1036 633 1097 702 est,
1121 647 1161 689 ecc
1181 632 1336 709 informata

227 745 405 804 conscientia
436 739 633 823 procedere,
657 759 730 806 cum
762 759 808 807 eae
834 747 937 806 causta
967 741 1031 805 sint
1056 742 1262 808 notorietatis
1285 762 1337 828 pu-

229 855 331 921 blica.

271 969 437 1056 Ejusmodi
455 979 564 1038 autem
579 974 820 1058 argumentatio
837 973 916 1040 milri
939 971 1072 1039 ridetur
1096 975 1187 1039 omni
1213 993 1340 1058 prorsus
1410 1009 1411 1036 t

225 1087 344 1154 robore
362 1085 506 1152 destitui.
525 1087 606 1152 Nam
623 1088 945 1170 prtm0,Tr1dentina
970 1086 1116 1172 synodus
1140 1089 1188 1154 his
1213 1091 1341 1157 vocibus

192 1194 196 1212 ¹
226 1223 265 1267 ca
278 1206 442 1283 informata
457 1209 636 1267 conscientia
657 1223 715 1269 usa
738 1225 804 1271 non
822 1211 882 1282 est,
902 1203 960 1270 sed
974 1204 1139 1270 locutione
1161 1211 1343 1290 extro-judi-

225 1323 355 1385 cialiter.
374 1319 415 1384 Et
431 1325 501 1383 tota
521 1321 656 1404 quaestio
674 1322 709 1386 iu
722 1322 781 1387 hoc
798 1322 951 1399 vertitur,
970 1329 1081 1387 utrum
1097 1324 1199 1406 possit
1218 1325 1342 1408 Episco
1411 1335 1412 1364 ³

226 1452 298 1518 pus,
317 1431 446 1519 quando
461 1434 584 1500 crimen
600 1439 653 1500 est
667 1423 845 1519 publicum,
867 1434 1170 1520 extra-judicialiter
1192 1439 1343 1504 clericum

229 1552 441 1635 suspendere.
455 1551 559 1618 Porro
571 1551 639 1616 haec
659 1551 738 1631 duo,
754 1559 936 1616 crimeaesse
943 1556 1109 1635 publicum,
1122 1563 1157 1620 et
1167 1559 1345 1639 cetra-jztdi·

228 1677 346 1739 cialiter
356 1677 493 1756 procedi,
511 1688 713 1756 nequaquam
730 1669 817 1734 inter
831 1685 866 1733 se
879 1675 1034 1753 pugnant,
1052 1690 1113 1736 neo
1123 1671 1267 1736 invicem
1281 1691 1344 1738 sese

230 1787 421 1856 excludunt.
453 1788 512 1864 At,
539 1785 662 1870 inquis,
685 1782 750 1848 dici
771 1786 886 1849 saltem
907 1792 986 1849 tunc
1004 1785 1152 1870 nequibit
1172 1785 1346 1872 Episcopus

228 1904 422 1991 processisse
438 1923 477 1966 ccc
491 1905 655 1983 informata
667 1907 858 1964 conscientia.
877 1901 953 1966 Esto
972 1923 979 1966 :
998 1899 1076 1987 quid
1089 1901 1133 1967 ad
1150 1903 1243 1967 rem?
1260 1903 1345 1970 Dice
1413 1931 1414 1958 2

228 2029 285 2087 tur
314 2020 507 2105 processisse
524 2019 825 2101 extra-judicialiter,
845 2015 922 2080 licet
942 2036 1007 2081 non
1033 2037 1072 2079 aa
1092 2021 1260 2098 informata
1285 2040 1346 2082 con»

230 2141 367 2214 scicntia,
384 2141 419 2199 ot
435 2134 496 2199 hoc
509 2132 592 2198 thesi
607 2138 724 2198 nostrae
736 2129 864 2195 sufficit.
880 2133 1014 2196 scalada
1027 2153 1037 2192 .·
1049 2131 1109 2197 sed
1120 2151 1226 2216 neque
1239 2153 1347 2199 conce·
1414 2215 1415 2226 ἵ

231 2249 339 2318 dimus
360 2269 432 2315 eam
457 2251 655 2315 locutionem
678 2267 717 2310 aa
741 2250 906 2327 informata
931 2253 1120 2326 conscientia,
1140 2268 1160 2312 a
1177 2249 1347 2314 canonistis
1414 2245 1415 2248 ’

230 2367 451 2435 introductam
469 2372 504 2432 et
526 2372 639 2449 postea
660 2363 859 2447 generaliter
878 2369 1062 2446 receptam,
1084 2362 1197 2428 delicti
1216 2365 1347 2449 publici·

231 2489 334 2550 tatem
357 2480 537 2547 necessario
559 2477 736 2544 excludere
754 2500 761 2543 :
776 2497 849 2542 nam
865 2478 993 2543 etiamsi
1013 2478 1182 2562 publicum
1206 2481 1250 2546 sit
1274 2478 1346 2546 deli·

234 2606 334 2679 ctum,
357 2599 392 2664 in
410 2617 489 2664 vero
504 2615 601 2662 sensu
619 2594 683 2660 dici
705 2601 813 2678 potest
838 2595 1012 2679 Episcopus
1037 2617 1077 2658 aa
1098 2600 1267 2678 informata
1285 2619 1346 2661 coa

234 2721 359 2781 scientia
367 2712 656 2798 procedere,exeo
665 2729 785 2793 nempe
796 2709 1096 2794 quodprocedatex
1107 2713 1347 2795 probationibus
1416 2740 1417 2766 ι

234 2830 296 2896 sibi
317 2825 620 2911 extra-judicialiter
637 2825 732 2902 notis,
749 2832 784 2889 et
806 2844 871 2889 non
895 2824 1198 2909 exprobationibus
1220 2829 1255 2892 in
1277 2846 1346 2911 pro

237 2963 329 3012 cessu
341 2944 483 3028 regulari
497 2941 701 3024 comparatis.
718 2941 762 3004 Ut
781 2939 864 3005 adeo
876 2941 1041 3022 proposita
1055 2943 1297 3024 argumentatio
1310 2942 1347 3008 ad

238 3080 344 3129 meras
356 3059 577 3125 cavillationes
595 3057 711 3122 merito
730 3055 908 3138 ableganda
921 3053 1082 3121 videatur.

283 3180 318 3242 2⁰
333 3151 610 3258 Argumentantur
628 3191 668 3237 ex
684 3173 877 3248 certissima,
901 3178 940 3236 ut
960 3178 1120 3252 asserunt,
1136 3173 1346 3241 Romanarum

239 3291 524 3378 congregationum
543 3287 817 3375 (congregationis
832 3288 964 3353 Concilii
979 3286 1174 3373 praesertim)
1192 3289 1347 3356 sententia

240 3416 275 3475 et
288 3407 390 3492 praxi.
405 3405 470 3470 Pro
482 3411 574 3470 certo
585 3421 702 3486 nempe
716 3401 848 3479 habent,
866 3422 930 3468 nou
939 3401 1067 3469 admitti
1078 3422 1096 3468 a
1109 3402 1207 3470 dictis
1223 3424 1346 3490 congre·

240 3521 422 3608 gationibus
443 3520 674 3603 Episcoporum
699 3516 1005 3602 extra-judicialiter
1033 3539 1092 3584 seu
1116 3540 1157 3586 ex
1183 3522 1345 3588 informata

241 3637 437 3704 conscientia
458 3632 680 3718 suspendendi
694 3633 894 3711 facultatem,
914 3635 974 3698 nisi
987 3636 1020 3698 in
1036 3653 1112 3700 casu
1126 3641 1237 3702 occulti
1249 3637 1347 3702 crimi-

241 3755 302 3819 nis.
329 3753 407 3834 Quae
430 3750 562 3836 quidem
586 3749 801 3816 Romanarum
830 3751 1116 3834 congregationum
1143 3754 1302 3819 sententia
1317 3758 1346 3815 et

241 3869 360 3954 praxis,
381 3866 462 3933 side
475 3869 542 3950 ipsa
556 3867 652 3950 plene
666 3872 841 3943 constaret,
862 3885 934 3932 rem
952 3868 1082 3934 omnino
1097 3868 1273 3936 evinceret.
1288 3865 1346 3933 Sed

221 3979 224 3985 ’
243 4002 318 4051 oum
331 3981 524 4048 documenta
534 3982 648 4047 saltem
664 3982 781 4065 aliqua,
794 3999 865 4066 quae
886 3981 1047 4066 ejusmodi
1058 3983 1186 4066 praxim
1200 3983 1343 4067 probent,

243 4097 610 4176 altomaniscanonistis,
626 4116 696 4163 eam
706 4095 782 4160 mihi
793 4097 1022 4175 asserentibus,
1035 4099 1307 4183 expostulaverim
1316 4105 1346 4162 et

244 4213 436 4301 quaesierim,
455 4209 580 4278 nullum
598 4229 732 4294 prorsus
747 4211 825 4277 mihi
841 4231 1029 4296 comparare
1048 4215 1140 4297 potui
1159 4237 1166 4280 :
1188 4213 1273 4279 unde
1287 4232 1345 4280 non

243 4328 392 4397 obstante
415 4315 577 4394 dictbrum
603 4329 748 4393 virorum
771 4331 983 4404 auctoritate,
1011 4327 1117 4395 fateor
1140 4349 1192 4396 me
1218 4329 1344 4394 dubium

243 4442 379 4510 hesisse.
413 4468 418 4476 ’
