2848 5118
254 333 315 400 itt
596 345 783 398 menaeus
806 345 849 394 on
871 341 1020 395 eunucus.

249 477 313 552 hub
330 475 366 538 ist
379 470 425 556 6).
440 469 536 553 Quod
551 472 596 536 ita
608 477 767 536 statutum
781 477 843 547 est,
860 476 898 534 ut
913 465 1208 538 fraudibupimtu„
1223 467 1340 544 obvim,
1411 425 1412 490 i

248 599 282 657 ct
295 592 479 656 vitarentur
494 587 674 656 dilationes.
694 589 728 654 2⁰
743 588 811 654 Etsi
824 587 927 671 prima
942 586 1012 654 vice
1027 585 1254 668 exceptionem
1267 601 1341 651 suan

247 725 313 776 non
335 705 538 790 probaverit,
561 711 670 788 potest
688 701 832 770 secundo
847 701 997 770 eamdem
1012 717 1199 785 opponere;
1223 700 1345 785 quamsi

248 823 366 906 probet
378 821 537 888 adversus
550 827 705 897 actorem,
718 819 769 885 hic
784 817 972 886 excluditur
983 817 1025 886 ab
1039 817 1165 901 agendo
1181 817 1292 904 (capite
1307 817 1342 882 ci·

245 937 340 1023 toto).
357 939 451 1005 Ratio
465 944 526 1016 est,
544 937 618 1021 qnia
632 953 702 1002 esse
718 942 836 1020 potest,
855 941 893 998 nt
908 941 982 1018 post
997 935 1079 998 octo
1092 931 1162 1001 dies
1176 933 1258 1012 illos,
1277 951 1346 998 nara

245 1056 445 1139 probationis
462 1054 556 1137 copia
569 1071 628 1118 reo
646 1059 905 1135 presentetur...
925 1052 960 1114 3⁰
978 1050 1072 1116 Ultra
1090 1048 1173 1116 duos
1192 1051 1277 1116 vices
1293 1047 1347 1114 hac

244 1171 398 1255 exceptio
418 1171 539 1254 opponi
558 1189 625 1235 non
647 1173 768 1250 potest,
788 1174 1009 1250 preterquam
1029 1167 1056 1232 si
1074 1164 1348 1233 excommunicatio

243 1307 328 1354 nova
344 1285 538 1362 emerserit,
557 1284 610 1350 vel
632 1281 675 1348 de
690 1282 824 1366 antiqua
840 1281 990 1365 probatio
1011 1289 1163 1365 prompta
1180 1287 1216 1346 et
1232 1278 1348 1350 evidens

243 1403 472 1486 supervenerit
498 1401 617 1488 (capite
636 1405 696 1464 Pia
720 1397 844 1483 citato).
871 1400 909 1464 '4⁰
933 1399 1061 1484 sipost
1090 1415 1158 1468 rem
1183 1397 1348 1483 judicatam

243 1519 395 1602 exceptio
421 1516 764 1582 excommunicationis
786 1521 981 1598 opponatur,
1008 1514 1071 1579 etsi
1092 1513 1255 1582 sententia
1274 1510 1350 1596 prius

243 1635 309 1701 lata
332 1641 460 1702 mancat
477 1632 602 1710 valida,
629 1633 713 1700 illius
731 1637 841 1698 tamen
857 1632 1007 1700 executio
1023 1629 1237 1713 impedietur.
1255 1628 1349 1710 Capite

242 1756 302 1818 Pia
317 1753 427 1818 citato.
449 1748 761 1838 (Schmalzgrneber,
771 1748 806 1813 in
817 1748 870 1812 tit.
884 1751 937 1825 25,
952 1747 1029 1816 libri
1042 1750 1062 1812 2
1077 1746 1223 1825 decret,
1239 1765 1272 1810 n.
1294 1738 1348 1824 su)

286 1869 440 1948 Qurnsuto
458 1869 522 1932 12⁸.
541 1901 587 1916 -·-
603 1869 651 1930 Aa
663 1869 977 1946 castamserram
996 1871 1132 1946 eeoeptio
1144 1869 1283 1930 menimis
1292 1879 1351 1942 pre

242 1986 312 2048 bota
328 1986 400 2064 fuit,
416 1988 525 2064 puniri
540 1985 576 2048 de
591 1984 645 2047 illo
657 2001 676 2044 a
685 1984 791 2062 judice
802 1985 923 2061 pessit?
938 2015 983 2028 --
995 1981 1066 2044 Non
1089 1979 1221 2045 omnino
1249 1979 1280 2045 in
1301 1975 1351 2040 hoc

242 2097 450 2166 concordare.
464 2106 614 2164 auctores
631 2096 706 2164 vide
731 2095 820 2180 opud
844 2095 1138 2179 Schmalzgrueber
1163 2095 1207 2182 (in
1228 2096 1280 2160 tit.
1304 2093 1349 2166 ⁴25,

240 2215 318 2280 libri
339 2217 358 2278 2
376 2212 517 2295 decret,
540 2235 572 2278 n.
603 2210 669 2296 52).
697 2211 838 2278 Videtur
858 2213 903 2277 ita
926 2210 1193 2295 distinguendum
1209 2233 1216 2276 :
1230 2212 1259 2278 si
1276 2208 1351 2280 exci-

240 2331 333 2415 piens
354 2336 445 2414 petat
466 2327 692 2395 tantummodo
706 2336 823 2396 testem
838 2347 856 2393 a
871 2326 1010 2412 ferendo
1030 2327 1216 2397 testimonio
1230 2325 1347 2410 repelli,

241 2463 307 2510 non
330 2443 432 2512 debet
453 2443 557 2528 judex
578 2443 676 2508 ullam
696 2459 825 2527 poenant
853 2452 967 2510 contra
989 2449 1108 2511 imiem
1135 2445 1349 2527 pronuntiare,

241 2561 300 2628 sed
311 2559 479 2628 dumtaxat
490 2579 564 2626 cum
580 2559 758 2643 repellere;
776 2560 851 2644 quie
863 2560 977 2643 regule
987 2565 1036 2626 est
1046 2559 1220 2642 generalis,
1239 2558 1350 2626 debere

241 2677 434 2742 sententiam
450 2675 594 2760 proferri
613 2674 655 2742 de
670 2693 712 2741 eo
733 2674 907 2760 soloqnod
928 2676 1052 2758 petitur
1072 2697 1078 2740 :
1096 2675 1220 2758 poterit
1241 2683 1351 2749 tamen,

240 2793 305 2862 imo
321 2800 355 2858 et
368 2790 518 2869 debebit,
540 2812 581 2858 ne
598 2792 704 2858 scelus
716 2798 883 2858 remaneat
897 2791 1111 2874 impunitum,
1134 2797 1251 2872 postea
1268 2792 1299 2854 in
1313 2807 1354 2852 se

242 2915 356 2992 parato
376 2907 515 2993 judicio,
540 2925 601 2990 per
625 2908 709 2972 viam
739 2907 966 2991 inquisitione,
990 2915 1103 2972 contra
1125 2907 1227 2974 talem
1247 2913 1353 2974 testem

243 3023 435 3109 procedere,
457 3031 491 3090 et
511 3041 553 3089 cx
573 3023 774 3108 judicialiter
796 3023 874 3089 alias
893 3023 1042 3106 probatis
1053 3025 1211 3108 plectere.
1234 3025 1268 3090 Si
1283 3038 1352 3088 vero

243 3143 408 3224 excipiens
421 3140 515 3206 simul
528 3140 671 3222 postulet
682 3146 801 3208 testem
814 3138 1034 3223 debitapoena
1050 3142 1207 3218 coerceri,
1228 3136 1356 3207 debebit

118 3247 120 3252 ’
241 3254 345 3340 judex
360 3255 599 3322 sententialiter
610 3275 686 3322 enm
705 3256 867 3342 repellere
883 3256 977 3322 simul
993 3263 1028 3322 et
1042 3256 1170 3339 punire.

286 3373 439 3454 Qunsmo
458 3374 522 3438 13³.
540 3407 586 3422 --
601 3375 683 3452 (tate
694 3375 842 3453 upeadum
854 3379 906 3450 sit,
925 3375 1044 3454 micaelo
1055 3381 1248 3455 opponuntur
1261 3378 1355 3436 coctru

235 3493 370 3572 judicem
385 3492 614 3554 ecclesiasticam
626 3497 811 3572 exceptiones
824 3493 999 3560 dilatorite?
1010 3490 1277 3574 *exceptiones
1287 3487 1356 3556 dila-

242 3606 335 3672 toriae
352 3612 464 3674 contra
476 3602 633 3689 jndicem,
653 3623 723 3689 que
740 3613 774 3670 et.
787 3608 961 3672 destinauit
971 3609 1033 3687 [ort
1049 3605 1216 3684 dicuntur,
1240 3604 1282 3672 ad
1302 3601 1355 3668 du·

244 3722 362 3805 plicem
373 3721 515 3803 speciem
530 3720 650 3785 referri
665 3728 822 3804 possunt:
839 3722 893 3787 vel
911 3722 997 3788 enim
1013 3721 1179 3804 excipiens
1195 3717 1356 3790 contendit

242 3835 500 3921 jurisdictionem
513 3833 616 3919 judici
632 3855 697 3902 non
709 3842 906 3918 competere,
926 3843 983 3902 aut
996 3834 1256 3922 iurisdictionem
1270 3835 1354 3902 itinn

244 3971 315 4018 esse
327 3971 369 4018 ex
383 3951 491 4036 aliquo
506 3949 641 4016 deiectu
652 3951 758 4038 (verbi
772 3953 887 4036 gratia,
899 3972 940 4019 ex
954 3950 1130 4037 imperitia)
1150 3951 1354 4036 impeditam,

243 4068 298 4134 rel
306 4066 440 4132 latendo
446 4065 718 4151 jurisdictionem,
736 4072 870 4152 opponit
883 4077 1011 4137 tantum
1025 4067 1116 4154 quod
1126 4067 1229 4153 judex
1244 4069 1287 4132 sit
1301 4063 1356 4132 sibi

243 4190 424 4266 suspectus.
441 4186 477 4248 st
490 4189 587 4265 prius,
597 4181 791 4268 adjudicent
803 4186 958 4268 pertinet,
976 4183 1085 4254 audita
1097 4184 1303 4268 exceptione,
1317 4180 1354 4249 dc

242 4298 313 4384 ejus
326 4298 437 4363 valore
451 4299 676 4386 pronuntiare3
694 4299 781 4382 quia,
798 4307 836 4366 ut
851 4299 928 4366 alibi
938 4299 1150 4377 ostendimus,
1166 4298 1209 4366 nd
1214 4296 1353 4384 judicem

242 4416 387 4506 pertinet
408 4413 708 4498 prensatasque
732 4417 773 4484 sit
789 4415 970 4501 iurisdictio
993 4437 1061 4484 sua,
1087 4416 1181 4484 Unde
1195 4417 1239 4495 ei.
1264 4431 1356 4482 exce·
