2948 5126
535 398 614 448 rans
635 397 794 446 secunus.
1178 382 1225 448 29

113 529 175 588 tion
186 527 327 604 monitio,
343 531 373 590 et
388 528 611 606 inquisitiomm
623 524 756 588 alaman
771 526 937 588 emtowco
960 525 1138 604 promnirc.
1155 521 1225 592 luto

110 638 325 708 accusationis
342 640 396 705 vin
418 639 592 725 aliqnando
620 638 707 706 solus
732 639 796 705 fuit
821 641 995 704 ordinariae
1021 636 1225 722 procedendi

111 745 242 831 modus3
260 756 434 832 antequam
450 755 568 832 nempe
582 745 716 813 inducta
729 744 969 824 fuissetaltera
986 763 1083 831 quam
1093 746 1226 832 inquisi-

110 862 207 928 tionis
220 870 351 941 rocant,
368 881 494 930 norma.
510 865 583 944 Quo
604 863 638 928 in
656 870 863 931 antecessum
883 867 1074 946 praenotato,
1091 861 1135 929 ad
1149 879 1226 948 pro-

108 977 222 1060 positae
238 979 424 1062 quaestionis
434 976 662 1046 enodationem
680 978 904 1055 deveniamus.

155 1097 186 1172 t,
207 1095 402 1162 llullatenus
414 1095 541 1161 sublata
553 1094 662 1181 quoad
674 1093 1226 1164 substantiamcensendaestcocu·

108 1209 238 1275 sationis
254 1211 317 1275 via.
327 1211 393 1277 Lex
408 1211 493 1277 enim
501 1211 653 1278 canoniea
667 1209 710 1276 de
725 1227 790 1294 qua
806 1210 984 1276 certissime
998 1215 1134 1288 constat,
1149 1209 1226 1276 sub-

108 1324 172 1391 lata
187 1324 355 1392 censenda
369 1345 433 1392 non
455 1334 515 1404 est,
530 1326 590 1390 nisi
606 1326 844 1411 supervenerit,
857 1325 912 1392 vel
922 1323 1090 1408 dispositio
1100 1333 1226 1392 eontra·

109 1439 153 1504 ria
168 1457 242 1524 quae
262 1457 334 1507 eam
355 1441 582 1518 annullaverit
600 1439 653 1506 vel
672 1439 833 1508 contraria
855 1438 1058 1508 consuetudo
1078 1440 1225 1524 legitime

109 1555 310 1640 praescripta,
328 1557 479 1640 quanin
495 1557 526 1622 ei
541 1555 713 1622 ademerit.
731 1555 831 1640 Atqui
848 1562 967 1622 neutro
981 1547 1081 1622 modo
1096 1555 1224 1624 sublata

108 1671 243 1754 probari
257 1677 368 1756 potest
379 1672 592 1738 accusationis
606 1672 669 1738 via.

149 1793 268 1853 Primo.
281 1787 352 1855 Non
363 1788 469 1872 aliqua
481 1787 691 1871 dispositione
699 1787 874 1855 contraria.
887 1786 1009 1857 Nullilri
1016 1786 1102 1855 enim
1111 1805 1224 1856 occur-

106 1903 149 1968 rit
162 1903 268 1968 ullum
279 1901 450 1968 decretum
466 1903 683 1982 Pontificium,
699 1921 764 1989 quo
778 1909 940 1972 statuatur
953 1903 1085 1988 posthac
1097 1904 1222 1970 licitum

105 2038 169 2085 non
186 2017 262 2084 tore
274 2037 386 2084 causas
402 2018 583 2086 criminales
597 2038 658 2106 per
670 2019 755 2084 viam
763 2019 974 2084 accusationis
987 2016 1156 2102 expedire.
1169 2020 1223 2084 In·

105 2133 205 2205 dueta
222 2133 358 2219 quidem
370 2135 433 2200 fuit
446 2142 681 2202 concurrenter
693 2135 905 2220 inquisitionis
923 2141 957 2201 et
971 2134 1223 2204 denuntiationis

104 2253 174 2338 via3
195 2251 259 2318 sed
271 2251 353 2318 dum
367 2251 445 2319 liciti
471 2253 550 2318 faeti
562 2252 660 2319 etiam
672 2259 749 2318 sunt
758 2252 811 2318 isti
825 2250 891 2318 duo
908 2253 1106 2335 posteriores
1118 2250 1219 2332 modi,

103 2370 194 2452 prior
219 2369 407 2434 annullatus
423 2387 491 2435 non
503 2367 586 2452 tuit;
606 2375 645 2434 ut
670 2375 763 2451 patet
777 2387 817 2434 er
833 2368 933 2434 citata
951 2367 1110 2440 decretali
1124 2368 1222 2434 Inno-

104 2485 203 2550 centii
215 2485 276 2563 III,
293 2485 350 2569 qui
364 2489 434 2550 tres
447 2483 544 2552 simul
553 2481 667 2550 modos
673 2482 846 2569 permissos
854 2489 1013 2569 aptosquc
1024 2489 1060 2550 et
1074 2481 1222 2556 adhiberi

102 2599 212 2668 solitos
223 2598 384 2666 declarat.

144 2718 294 2782 Secundo.
315 2715 382 2782 Sed
399 2733 505 2801 neque
528 2715 649 2800 opponi
671 2719 782 2798 potest
799 2713 959 2798 generalis
971 2712 1004 2778 in
1021 2713 1221 2780 contrarium

101 2830 316 2910 consuetudo,
328 2850 394 2916 qua
406 2831 519 2899 illicita
533 2831 675 2899 evaserit
685 2829 897 2898 accusationis
907 2829 979 2898 via:
997 2847 1072 2897 nam
1083 2827 1126 2896 ad
1136 2847 1222 2896 sum·

102 2965 188 3013 mum
200 2946 269 3015 dici
282 2951 392 3030 potest
410 2946 507 3014 hodie
521 2947 555 3012 in
575 2946 649 3020 loro
664 2945 882 3012 ecclesiastico
905 2963 1067 3026 numqaum
1084 2943 1221 3028 procedi

100 3077 158 3142 per
175 3061 302 3128 hancce
319 3061 528 3135 accusationis
538 3078 706 3144 normam;
726 3057 787 3128 sed
801 3078 863 3143 per
875 3059 976 3126 solam
993 3060 1082 3126 riam
1088 3060 1222 3146 inquisi-

99 3177 201 3258 tionis,
221 3177 293 3248 sive
309 3197 351 3247 ex
367 3195 459 3243 mero
481 3175 599 3262 judicis
612 3175 726 3255 officio,
752 3175 988 3259 siucadpartls
1001 3174 1222 3244 denuntiaut'u

101 3293 302 3378 osannam
315 3294 361 3358 ita
373 3301 411 3359 ut
418 3293 616 3360 comisatoris
624 3298 736 3376 partes
745 3289 813 3376 jam
823 3292 955 3358 amutto
962 3297 1113 3375 tempore
1121 3311 1221 3376 agere

102 3411 202 3478 soleat
226 3409 344 3481 fiscalis
364 3429 421 3475 seu
450 3393 628 3492 promotor.
650 3410 721 3476 Imo
734 3407 824 3492 quod
841 3425 1002 3489 numquam
1018 3409 1149 3476 omniuo
1163 3409 1221 3476 ho·

102 3525 152 3594 die
165 3525 366 3594 adhibeatur
384 3525 596 3592 accusationis
611 3525 682 3603 via,
708 3521 833 3588 difficile
852 3521 985 3607 probari
1010 3531 1136 3608 posset;
1160 3523 1222 3592 sed

102 3650 169 3709 esto
185 3643 234 3707 ita
252 3659 292 3708 se
312 3659 366 3706 res
380 3639 499 3706 habeat
517 3663 525 3706 :
546 3638 582 3705 id
595 3646 722 3706 tanturn
735 3638 950 3717 demonstrat,
972 3657 1028 3706 eos
1042 3640 1098 3723 qui
1111 3634 1222 3722 puniri

102 3758 242 3843 aliquem
256 3755 654 3843 delinquentenwotunt„
668 3754 710 3822 de
725 3753 814 3826 iacto
829 3753 926 3820 malle
951 3772 1033 3821 onus
1047 3742 1222 3822 accusandi

103 3873 280 3954 declinare,
298 3880 334 3942 et
354 3880 457 3942 totana
483 3893 555 3942 eam
578 3891 692 3941 curam
715 3870 819 3957 judici
832 3879 869 3938 et·
886 3871 988 3954 ipsius
1003 3869 1105 3940 fiscali
1123 3872 1222 3942 retin-

102 4007 200 4075 quere
215 4012 223 4058 :
239 3997 427 4058 nouantem
444 3989 648 4056 demonstrat
661 3987 805 4057 illicitam
817 3987 895 4070 ipsis
911 4004 984 4054 esse
1011 3987 1222 4060 aaronem

102 4106 198 4173 riam.
222 4107 267 4172 Ut
283 4125 402 4192 nempe
425 4103 661 4180 consuetudine
676 4102 839 4171 contraris
855 4102 968 4198 illicita
983 4103 1125 4173 evasuse
1143 4123 1221 4175 oeus

102 4222 203 4293 sende
219 4221 307 4290 foret
328 4220 546 4302 ¹acettsationis
567 4221 632 4301 uia,
648 4217 817 4288 debuisset
845 4218 880 4284 iu
906 4217 979 4288 foro
999 4218 1222 4290 ecclesiastico

101 4337 392 4423 invaluissepraxis
401 4357 458 4405 eos
469 4335 663 4423 repellendi,
678 4337 735 4421 qui
747 4343 900 4421 tanquam
919 4342 1126 4404 accusatores
1133 4343 1222 4404 amre

7 4485 8 4496 2
102 4453 133 4520 in
144 4453 404 4540 indiciovolunt.
423 4457 473 4522 lte
486 4453 542 4522 illa
563 4459 674 4523 autem
693 4451 836 4537 generali
857 4449 1103 4530 cousuetudine,
1123 4467 1221 4536 supe·
