2948 5126
610 324 797 378 ruderibus
820 330 863 380 DE
882 331 1033 380 runicus.

798 647 813 716 ,1
827 641 868 706 tt.

600 899 743 960 Euangeliou
764 897 947 948 denuntiationis
972 913 1062 952 norma.

308 1175 394 1253 Etsi,
420 1181 573 1258 utsupra
593 1170 750 1251 diximus,
776 1171 1012 1240 adtractatum
1032 1179 1070 1241 de
1094 1180 1226 1242 Iudiciis
1246 1181 1381 1263 proprie

260 1311 324 1358 non
336 1299 464 1376 spectet
479 1290 664 1376 evangelica
686 1283 901 1370 denuntiatio,
919 1294 993 1378 quia
1005 1295 1218 1360 tamenuninr
1230 1299 1379 1364 'materiae

261 1429 335 1476 cum
354 1409 456 1475 altera
476 1407 664 1473 affinitatem
690 1415 724 1472 et
746 1407 930 1475 discrimina
948 1410 1179 1495 introspexisse
1191 1411 1272 1498 juris
1296 1416 1380 1482 sacri

259 1527 403 1594 studioso
418 1547 482 1593 non
495 1543 611 1610 parum
625 1523 785 1609 proderit,
803 1525 887 1592 illud
899 1527 996 1592 etiam
1019 1536 1258 1612 argumentum,
1282 1551 1380 1598 cano-

258 1646 416 1710 nistarum
429 1663 530 1722 mora,
552 1642 704 1709 hocloco
723 1643 871 1709 breviter
884 1644 1170 1729 perstringendum
1189 1645 1352 1714 duximus.

301 1762 441 1827 Rucuma
452 1764 610 1825 i·.-N‹m
624 1762 693 1823 licet
702 1766 839 1841 cuiquam
848 1763 1067 1843 delinquentem
1082 1766 1250 1845 cenapolicc
1262 1767 1378 1830 detun-

259 1883 347 1958 tiore,
364 1883 536 1960 quiaprius
550 1895 616 1939 cum
638 1879 684 1939 his
706 1882 856 1939 monuerit
871 1897 881 1939 :
897 1883 1047 1960 punctim
1061 1886 1276 1962 ocmpapra'ma
1300 1887 1374 1961 ohe,

254 2003 284 2058 et
298 1997 368 2058 dein
385 2011 484 2056 corum
494 2011 553 2056 uuo
565 1995 613 2056 ccl
623 1994 737 2056 duobus
753 1995 886 2057 testatae.
899 2031 944 2043 -
956 1994 1119 2062 Probatur
1136 1994 1250 2081 l⁰jure
1266 1995 1378 2065 divino

194 2167 199 2178 .
257 2109 395 2193 positivo
415 2129 422 2172 :
446 2133 458 2163 ι
478 2107 509 2172 Si
523 2108 711 2191 peccaverit
736 2108 825 2174 inte
849 2107 954 2175 frater
969 2118 1065 2190 tuus,
1083 2110 1168 2177 vade
1191 2120 1226 2178 et
1248 2115 1376 2198 corripe

258 2245 367 2290 «eum
392 2225 479 2290 inter
502 2231 536 2289 te
559 2231 592 2288 et
615 2223 722 2306 ipsum
751 2225 883 2291 solnm:
910 2226 936 2290 si
949 2231 1058 2292 antem
1082 2234 1116 2293 te
1134 2245 1200 2300 uon
1219 2229 1372 2308 audierit,

258 2365 275 2403 o
293 2340 410 2406 adhibe
424 2345 535 2405 tecum
549 2357 650 2404 unum
663 2339 717 2405 vel
736 2338 817 2405 duos
834 2362 842 2406 :
858 2340 947 2426 qnod
961 2344 988 2407 si
999 2361 1064 2408 non
1080 2343 1221 2410 audierit
1239 2363 1305 2424 eos,
1321 2344 1376 2411 dic

256 2457 450 2524 «Ecclesia.
472 2453 658 2543 »matthei
677 2452 743 2540 18.)
768 2456 896 2536 Quibus
914 2457 1024 2524 verbis
1044 2459 1149 2525 inesse
1168 2459 1268 2525 divini
1291 2477 1375 2544 prae-

254 2567 343 2650 cepti
365 2565 446 2643 vim,
472 2563 689 2630 communiter
711 2561 863 2629 doctores
879 2565 1082 2651 existimaut;
1112 2575 1148 2632 et
1169 2567 1304 2650 insuper
1323 2587 1375 2634 ex-

254 2703 367 2769 presse
384 2681 530 2748 decisum
545 2686 595 2746 est
615 2679 721 2764 capite
744 2685 836 2745 Novit
862 2681 914 2768 (13
930 2685 968 2745 de
981 2681 1136 2769 Iudiciis),
1161 2683 1267 2769 capite
1290 2688 1374 2751 Licet

257 2803 326 2866 Heli
342 2800 408 2886 (31,
425 2793 621 2881 desimam),
639 2804 674 2861 et
688 2797 794 2879 capite
811 2801 886 2862 Cum
904 2818 944 2861 ec
956 2805 1089 2883 injuncto
1103 2801 1169 2888 (m,
1187 2804 1225 2866 de
1244 2805 1374 2867 Haereti-

253 2906 320 2993 cis).
342 2907 476 2972 Putavit
498 2903 629 2990 quidem
660 2904 824 2969 Salmeron
852 2905 895 2992 (in
920 2910 1054 2989 Eueno„
1070 2915 1149 2974 tom.
1176 2909 1210 2987 4,
1228 2917 1315 2992 part.
1337 2914 1369 2990 3,

254 3031 352 3090 tract.
375 3020 427 3107 11)
447 3025 648 3105 preceptum
663 3019 725 3084 hcc
753 3025 824 3085 ncn'
838 3039 908 3088 esse
921 3022 1177 3102 extendendum,
1196 3025 1255 3090 nisi
1273 3025 1317 3094 ad
1334 3047 1372 3094 ea

255 3145 387 3224 peccata
402 3155 473 3222 qnae
487 3135 639 3202 damnosa
654 3143 731 3201 sunt
745 3131 945 3220 corripienti,
955 3147 1057 3222 prout
1067 3140 1204 3207 innuere
1215 3140 1372 3210 videntur

255 3256 356 3324 uerba
374 3255 453 3333 haec,
464 3258 635 3318 Praecurrit
647 3260 680 3317 to
691 3261 740 3333 tc;
762 3252 860 3319 «Sed
879 3253 1055 3322 dicendum
1071 3256 1220 3324 ordinent
1234 3250 1370 3328 huno'in

257 3371 548 3458 «quibuscumque
577 3369 715 3452 proximi
738 3369 880 3453 peccatis
902 3371 1100 3455 regulariter
1127 3371 1370 3442 observandum

257 3502 374 3549 «esse.
392 3484 441 3547 Ita
456 3489 586 3548 sanctus
600 3481 750 3560 Thomas,
779 3483 940 3550 Suarez...
962 3505 979 3547 a
999 3483 1311 3572 (Schmalzgrueber,
1337 3487 1369 3554 in

257 3603 307 3666 cit.
329 3591 429 3678 1,lih.
450 3585 628 3675 5decret,
646 3617 679 3662 n.
704 3595 794 3683 132.)

298 3717 462 3783 Probatur
474 3717 508 3780 2⁰
520 3713 595 3800 jure
605 3715 768 3780 naturali:
788 3716 895 3781 «Nam
907 3715 963 3782 lex
973 3716 1149 3798 charitatis,
1163 3703 1315 3791 omnibus
1325 3724 1373 3790 in·

256 3835 359 3913 «sita,
373 3833 481 3918 exigit,
496 3841 533 3898 ut
546 3832 715 3917 proximus
726 3851 867 3917 peccans
884 3836 1088 3901 comentione
1105 3836 1140 3902 in
1151 3839 1263 3904 salutis
1277 3840 1373 3908 aemi·

153 3999 156 4007 .
256 3973 274 4014 n
288 3959 356 4016 tam
365 3949 553 4026 reducatur,
570 3965 667 4033 quam
681 3949 812 4014 minimo
823 3947 858 4014 id
867 3949 941 4015 fieri
955 3957 1064 4034 potest
1078 3950 1227 4037 ejusdem
1238 3953 1369 4034 damno,

256 4091 274 4132 a
294 4077 329 4135 et
348 4063 533 4152 prejudicio
548 4065 642 4130 iamae
662 4065 749 4130 iliius
767 4066 973 4152 honorisque.
993 4067 1033 4134 Id
1050 4075 1159 4136 antem
1177 4070 1218 4136 fit
1239 4072 1371 4157 quomo

255 4191 273 4247 'o
290 4183 371 4251 ordo
386 4182 508 4249 relatus
523 4179 747 4248 observatur»
776 4182 1085 4270 (Schmaizgrneber,
1103 4185 1176 4253 loco
1191 4186 1316 4274 aiaton
1336 4197 1371 4256 et

253 4306 407 4367 consonat
425 4298 602 4362 communis
625 4295 796 4364 doctorum
814 4299 985 4366 sententia.
1005 4300 1100 4368 Unde
1121 4303 1259 4385 positam
1278 4323 1371 4389 ragu-

252 4419 316 4486 lum
342 4427 546 4501 nequaquam
571 4415 605 4478 in
630 4414 884 4482 controversiam
904 4434 1022 4484 vocare
1045 4416 1133 4485 licet.
1159 4409 1286 4487 atram
1304 4437 1370 4488 uon
