2836 5118
492 341 570 388 anns
592 341 750 390 secunus.
1115 332 1178 393 3³3

84 474 129 530 aut
140 464 289 549 gradibus
305 483 347 529 es
364 462 538 529 informata
549 467 745 532 conscientia
760 466 948 549 suspendit,
970 468 1016 533 ita
1035 486 1179 550 prenun-

82 580 167 644 liutur
182 601 189 644 :
205 580 300 644 Nullo
314 575 367 663 (ei)
384 581 426 642 od
445 585 564 660 priores
582 583 714 660 ordines,
736 585 851 662 prodas
877 590 906 645 ei
930 585 1095 663 dipnitotes
1115 588 1179 648 siue

82 697 188 758 tonores
200 699 353 757 restitutio
374 696 571 774 suffropetur.
591 694 669 775 Quae
689 694 791 760 verba
804 695 989 779 impediunt
1002 715 1044 762 ne
1059 697 1179 762 Metro-

81 809 239 891 politanus,
258 808 434 886 Primasve,
456 814 512 874 aut
528 810 833 894 Patriareba-possit
849 829 978 876 eausam
999 813 1181 896 suspensio-

80 923 133 998 nis,
151 921 190 986 ab
210 922 370 1006 Episcopo
387 923 479 1000 lutae,
503 923 536 988 in
558 921 701 988 secunda
726 925 879 990 instantia
900 921 1113 1009 cognoscere,
1143 932 1179 990 et

80 1038 307 1121 suspensionem
326 1038 447 1106 levare.
465 1036 560 1120 Quod
575 1038 664 1104 idem
677 1048 726 1105 est
738 1042 1011 1124 acprouuntiare,
1031 1061 1096 1108 non
1108 1041 1180 1108 dari

80 1154 200 1220 edictis
228 1154 492 1238 suspensionibus
514 1155 778 1238 appellationem.
804 1159 890 1222 Dum
920 1163 1029 1224 nutem
1056 1157 1180 1225 dicitur

80 1275 291 1336 Nullulicentin
304 1291 480 1336 concesso...
501 1274 587 1334 nullo
609 1278 760 1336 restitutio
784 1275 982 1355 suffropetur,
1008 1272 1044 1339 id
1060 1273 1180 1340 intelli·

80 1386 209 1468 gendum
224 1393 276 1450 est
287 1383 331 1450 de
344 1385 471 1450 caeteris
485 1386 706 1469 superioribus
720 1395 842 1469 praeter
855 1389 994 1472 Papam;
1007 1407 1080 1454 nam
1090 1389 1180 1456 Sum·

80 1521 141 1568 nus
158 1500 309 1568 Pontifex
323 1521 388 1568 nou
401 1503 508 1583 potuit
526 1501 587 1566 sub
606 1501 666 1568 bac
681 1502 898 1584 prohibitione
917 1522 936 1569 a
953 1503 1078 1588 synodo
1091 1521 1180 1570 eom-

80 1617 245 1701 prehendi;
264 1616 351 1683 unde
371 1625 465 1682 extra
486 1616 623 1684 dubium
643 1627 702 1694 est,
720 1627 833 1702 patere
847 1639 979 1704 semper
997 1620 1039 1686 ad
1059 1621 1180 1704 Papum

79 1752 250 1810 recursum,
268 1739 302 1798 et
322 1751 417 1816 posse
437 1732 600 1816 quaslibet
623 1732 837 1800 Praelatcrum
857 1753 898 1801 ex
922 1735 1094 1816 informata
1107 1754 1180 1802 rnn-

78 1851 196 1916 scientia
209 1850 386 1916 sententias
401 1868 419 1912 a
433 1848 516 1914 Sede
531 1849 712 1931 Apostolicu
726 1849 855 1928 discuti,
871 1859 905 1916 et
920 1851 958 1937 (si
972 1852 1058 1918 ferte
1074 1852 1180 1916 minus

78 1972 163 2029 rectae
178 1963 297 2047 forent)
313 1964 470 2033 annulari.
489 1965 558 2030 Non
572 1972 681 2030 tamen
697 1967 827 2032 omnino
842 1973 993 2032 accurate
1013 1965 1180 2032 diceretur

78 2100 93 2144 a
109 2080 196 2146 dictis
211 2081 380 2146 sententiis
395 2078 466 2144 dari
479 2079 521 2146 ud
536 2081 657 2163 Papam
669 2084 918 2163 appellationum·
931 2083 1006 2166 quic
1020 2086 1183 2166 appellatio

78 2198 195 2280 proprie
211 2205 345 2263 vocatur
361 2198 550 2280 provocatio
564 2196 606 2262 ad
620 2199 822 2280 superiorem
835 2196 978 2281 jndicem
992 2219 1010 2263 a
1022 2201 1183 2265 sententia

73 2316 248 2392 jridiciotiter
265 2313 330 2378 lata
349 2335 355 2378 :
372 2313 424 2378 bic
437 2331 516 2378 vero
528 2314 635 2396 agitur
649 2311 691 2378 de
710 2313 878 2378 sententiis
894 2318 1183 2398 extro-judicialiter

78 2425 155 2511 latis3
171 2430 256 2495 unde
272 2427 344 2496 deri
362 2446 531 2494 recursum
552 2427 595 2493 ad
611 2431 743 2513 Papum,
762 2446 828 2493 uon
839 2448 918 2494 vcro
932 2430 1183 2514 appellationem

81 2540 243 2612 dicendum
254 2553 316 2612 est.

118 2660 274 2726 Probatur
299 2665 333 2727 2⁰
354 2681 395 2728 ex
414 2660 633 2728 decisionibus
645 2661 758 2726 sacrm
785 2661 1047 2744 congregationis
1070 2661 1184 2726 Conci·

79 2774 115 2850 lii,
129 2775 188 2858 jam
204 2779 366 2862 superiori
381 2779 486 2861 eapite
501 2777 662 2842 adductis.
683 2778 721 2842 in
736 2796 831 2844 causa
844 2795 961 2859 nempe
976 2777 1180 2856 Bononiensi,

46 2967 49 2975 Ι
84 2893 113 2956 ll
124 2896 303 2961 novembris
318 2897 413 2972 1654,
430 2895 630 2978 postulatum
641 2894 759 2972 iuerat,
773 2914 814 2959 an
829 2894 943 2960 lice'ret
954 2895 1109 2977 Episcopo
1118 2913 1184 2960 sus

83 3008 209 3086 pendere
234 3010 533 3106 extra-judicialiter
560 3011 695 3076 clericos
714 3015 749 3074 ct
768 3010 980 3093 presbyteros
997 3009 1178 3089 saculares,

84 3122 166 3188 etiam
184 3126 351 3209 parochos,
372 3129 492 3190 subicio
511 3134 555 3192 eis
570 3130 715 3208 facultate
728 3127 919 3207 appeliandi;
934 3133 969 3190 et
989 3143 1182 3209 responsum

85 3245 126 3302 esi
144 3243 331 3321 affirmative.
356 3245 438 3308 item
461 3245 494 3307 in
517 3242 676 3326 superiori
696 3241 802 3324 cupite
819 3239 990 3306 citavimus
1006 3240 1182 3326 quemdam

84 3352 176 3422 locum
185 3358 397 3442 manuscripti
407 3359 593 3433 anthentici,
606 3355 695 3442 quod
704 3356 891 3421 inscribitur
902 3359 974 3420 iibri
979 3364 1175 3439 positionum,

85 3469 131 3534 ubi
147 3471 185 3538 de
199 3475 406 3558 suspensione
426 3472 679 3557 extra-judiciali
690 3471 731 3538 ab
747 3471 903 3538 exercitio
916 3490 1000 3536 curae
1019 3473 1065 3536 sic
1078 3473 1181 3538 refer

72 3571 129 3650 'tur
145 3589 237 3656 inisse
248 3590 393 3656 decisum
411 3613 418 3656 :
437 3595 530 3656 Sorrn
544 3594 742 3671 Conprepotio
760 3590 888 3652 Concilio
903 3593 1017 3650 ecmuit
1030 3588 1181 3669 oiuujus-

84 3708 152 3768 nodi
169 3714 355 3790 suspensione
367 3727 427 3772 non
440 3709 763 3788 durioppellotioucm.
782 3704 824 3768 Et
836 3701 959 3768 ibidem
982 3702 1080 3785 paulo
1104 3708 1180 3767 ante

85 3821 234 3890 attulimus
247 3845 288 3890 ex
301 3824 535 3906 manuscripto,
552 3824 604 3889 cui
619 3822 734 3886 titulus
745 3824 830 3884 Libri
844 3821 1015 3884 litterarum
1028 3824 1183 3884 uisitatio-

84 3943 136 4017 nis,
150 3950 337 4027 sequentem
351 3939 617 4017 declarationem,
635 3958 706 4024 quae
721 3939 853 4022 respicit
864 3934 1126 4002 interdictionem
1141 3937 1183 4002 ab

85 4072 204 4123 ascensu
217 4058 259 4124 ad
281 4058 428 4136 ordines,
451 4077 492 4124 ex
513 4056 688 4122 informata
703 4053 896 4122 couscientia
909 4052 951 4119 ab
967 4053 1124 4136 Episcopo
1136 4053 1184 4118 la·

85 4177 140 4238 tam
156 4195 163 4238 ι
181 4181 378 4258 Conpreqotio
389 4195 449 4240 non
465 4178 553 4238 seusei
564 4176 741 4249 decimant,
756 4174 794 4236 ob
809 4173 978 4252 hujusmodi
985 4172 1103 4252 jndicio
1112 4172 1183 4234 nul·

85 4288 137 4352 bon
153 4293 220 4356 dori
233 4295 476 4376 appeliationem,
495 4293 547 4354 sed
569 4309 720 4354 recursum
737 4291 900 4352 dumtocot
921 4287 962 4350 od
979 4287 1084 4350 Sedern
1103 4287 1183 4366 Apo-

86 4408 217 4472 stotieom.
236 4409 273 4472 In
290 4407 375 4473 libro
391 4410 432 4472 29.
451 4409 679 4480 Memorialium,
700 4404 815 4486 pagina
832 4403 892 4479 24,
911 4400 1051 4466 habetur
1062 4397 1181 4468 decisio
