2930 5114
250 295 313 363 tlt
597 312 785 360 nancradus
808 313 851 360 on
872 312 1021 362 sumens.

247 435 353 503 randi.
370 437 441 518 Qua
455 433 587 520 quidem
605 435 723 520 agendi
736 437 872 514 ratione,
887 435 941 522 jus
953 435 1103 502 Ecclesia
1124 433 1266 515 ledum,
1284 456 1349 502 cnm

246 554 315 637 ipsa
328 555 370 620 sit
386 571 523 637 regnum
548 573 607 637 per
622 573 656 620 sc
674 563 762 620 stans
776 559 811 620 et
825 555 1040 637 completum,
1064 561 1162 639 atque
1180 574 1199 618 a
1214 554 1350 620 saeculari

185 713 190 724 ·
245 670 414 755 republica
432 669 640 754 distinctum
667 669 753 735 unde
781 678 816 735 et
835 669 955 736 habere
980 669 1080 737 debet
1102 671 1201 736 etiam
1223 679 1349 736 externe

245 788 350 854 omnia
364 786 472 853 media
486 786 528 852 ad
547 788 709 870 propriam
726 788 993 870 gubernationem
1007 793 1202 872 opportuna.
1218 787 1283 854 Sed
1295 788 1349 852 hoc

243 904 296 990 jus
313 923 408 970 suum
423 903 598 988 praepediri
615 903 709 970 facile
728 904 869 970 Ecclesia
884 906 1017 987 patitur,
1038 925 1079 970 ne
1095 905 1138 970 ob
1155 904 1347 990 praejudicia,

244 1021 356 1086 multae
370 1021 481 1086 animae
493 1020 534 1086 ab
548 1020 808 1103 ipsoslienentur
820 1028 853 1085 et
865 1028 1012 1103 pereant.
1029 1023 1096 1086 Neo
1109 1021 1226 1086 timere
1235 1021 1351 1087 debent

245 1139 414 1204 saculares
427 1127 588 1221 principes
603 1137 754 1222 Ecclesia
767 1137 956 1214 tentamina,
973 1136 1015 1202 ad
1030 1135 1293 1221 recuperandum
1308 1139 1351 1204 io-

245 1273 318 1322 num
332 1253 491 1338 ejusmodi
506 1273 580 1320 cum
598 1273 695 1318 maan
711 1261 844 1320 armata.
862 1255 1006 1320 Ecclesia
1022 1256 1108 1320 enim
1119 1253 1280 1338 ejusmodi
1291 1275 1351 1322 rne-

244 1371 305 1436 diis
316 1391 380 1436 non
398 1371 514 1447 utitur,
537 1371 595 1436 nisi
611 1370 742 1455 qnando
756 1371 819 1454 ipsi
838 1370 999 1455 principes
1015 1371 1184 1438 saeculares
1197 1381 1232 1438 et
1245 1393 1351 1440 eornm

245 1488 355 1572 populi
369 1487 555 1570 intelligunt
574 1505 643 1552 esse
664 1485 697 1552 id
716 1487 778 1552 sibi
793 1487 990 1570 proficuum,
1011 1495 1109 1574 atque
1133 1489 1286 1554 ultronee
1301 1509 1352 1554 ex-

243 1603 418 1688 postulant.
435 1601 530 1682 Quod
556 1600 664 1666 forsan
682 1601 791 1668 denruo
813 1601 945 1668 tandem
970 1603 1163 1686 intelligent,
1181 1612 1232 1669 tot
1247 1603 1351 1670 edocti

241 1719 431 1786 societatum
449 1718 589 1784 civilium
607 1718 873 1786 commotionibus
887 1726 920 1784 et
934 1718 1045 1796 ruinis,
1067 1736 1140 1804 quae
1159 1718 1282 1803 jurium
1297 1722 1351 1786 Ec·

242 1836 345 1901 clesiae
364 1835 562 1900 invasionem
579 1834 682 1899 veluti
697 1841 812 1917 sponte
823 1843 1077 1919 consequuntur.

285 1952 322 2016 ln
340 1951 451 2034 paucis
467 1958 577 2015 autem
593 1949 790 2034 regionibus,
811 1949 978 2034 inquibus
997 1957 1195 2033 potestatem
1218 1971 1290 2018 reos
1306 1954 1350 2017 in-

241 2066 442 2144 carcerandi,
460 2065 538 2132 dum
554 2085 669 2132 eornm
692 2086 862 2149 processus
875 2067 1060 2145 instruitur,
1080 2069 1225 2134 servavit
1245 2069 1350 2136 Eccle-

239 2185 297 2261 sia,
311 2181 516 2248 haecattcndi
532 2181 655 2248 debent
673 2205 680 2248 ε
698 2183 725 2247 si
739 2202 816 2247 reus
835 2190 1004 2265 suspectus
1019 2184 1060 2249 sit
1074 2182 1116 2248 de
1139 2183 1229 2267 iuga,
1246 2185 1297 2250 vel
1310 2205 1348 2250 ne

239 2305 340 2366 testes
354 2297 511 2383 impediat
534 2307 590 2364 aut
612 2298 780 2376 subornat,
800 2305 908 2382 potest
928 2296 1042 2382 judex,
1058 2301 1156 2364 etiam
1179 2310 1347 2386 antequam

240 2435 316 2482 eum
326 2417 416 2492 citet,
434 2414 614 2494 decernere
632 2421 669 2480 ut
683 2415 744 2480 sub
766 2414 914 2482 custodia
927 2421 1090 2482 teneatur.
1106 2418 1177 2484 Imo
1188 2419 1217 2482 si
1231 2419 1347 2484 crimen

239 2535 279 2602 sit
295 2541 398 2605 atrox,
418 2531 454 2598 id
469 2531 578 2598 facere
591 2540 699 2616 potest
716 2533 813 2596 etiam
830 2538 905 2598 ante
918 2531 1045 2598 initium
1062 2552 1235 2616 processus
1252 2535 1345 2600 infor-

239 2649 358 2724 metiri,
377 2665 417 2714 cx
433 2646 540 2713 habita
553 2665 670 2730 nempe
685 2645 855 2714 sufficienti
867 2647 1094 2714 informatione
1110 2649 1345 2734 extra-judicia·

236 2764 324 2832 liter.
340 2763 448 2828 Debet
465 2770 575 2830 autem
590 2764 623 2827 in
635 2761 820 2848 hujusmodi
838 2762 973 2828 decreto
985 2783 1113 2829 causam
1126 2765 1343 2830 incarceratis

238 2881 288 2944 nis
302 2881 498 2968 exprimere.
521 2881 705 2948 Formulam
723 2899 799 2946 vero
823 2880 894 2945 talis
913 2879 1040 2946 decreti
1055 2880 1336 2964 praetermittimus,

238 3005 353 3081 utpote
384 3016 455 3081 qua
480 3016 520 3062 en
548 2997 640 3080 praxi
665 2998 829 3062 curiarum
861 2997 938 3062 satis
957 3004 1033 3065 nota
1054 2997 1095 3061 sit
1118 2997 1153 3062 in
1168 2997 1209 3062 iis
1238 2997 1339 3081 paucis

238 3112 422 3196 regionibm
440 3133 511 3198 quae
527 3113 582 3178 illa
596 3120 755 3197 utuntur3
772 3132 833 3196 pro
848 3113 974 3178 caeteris
992 3131 1072 3179 vero
1087 3114 1129 3178 sit
1147 3114 1279 3181 inutilis.

656 3401 789 3467 CAPUT
815 3401 932 3466 XVIII.

325 3668 436 3718 POEMA
461 3670 707 3720 comrostmonls
730 3670 947 3719 POSTUIANDAE
972 3671 1013 3718 ET
1036 3669 1269 3719 CONCEDENDAE.

282 3963 297 4000 a
317 3939 398 4004 Gum
425 3940 576 4024 Episcopi
603 3938 742 4004 habeant
775 3940 807 4003 in
836 3937 967 4024 propria
991 3936 1125 4004 dioecesi
1154 3957 1281 4020 merum
1307 3953 1338 4000 ac

237 4078 254 4117 n
276 4057 409 4120 mixtum
427 4057 609 4138 imperium,
634 4054 731 4120 acad
753 4057 853 4120 instar
870 4035 1055 4139 principum
1067 4056 1191 4138 possint
1212 4056 1338 4139 gratiam

237 4193 254 4234 «
268 4171 378 4238 facere
398 4171 439 4238 de
464 4172 601 4250 delictis,
626 4173 741 4238 saltem
764 4172 806 4238 de
828 4171 1082 4255 consuetudin03
1105 4177 1140 4238 et
1159 4191 1224 4238 non
1244 4171 1337 4240 solum

204 4289 205 4294 ’
238 4294 344 4350 «ante
359 4285 563 4364 sententiam,
580 4285 640 4350 sed
657 4287 754 4352 etiam
770 4294 842 4368 post
853 4286 951 4352 lutam
969 4287 1181 4370 sententiam
1200 4306 1263 4352 non
1279 4303 1337 4350 arn·

236 4425 253 4463 c
270 4402 392 4485 bigitan·
406 4401 494 4488 quod
509 4401 614 4468 nabde
632 4403 675 4468 et
688 4403 776 4468 licite
790 4403 919 4469 valeant
933 4422 1007 4469 reos
1022 4402 1064 4469 ad
1082 4404 1335 4488 compositionem
