2878 5114
516 333 597 382 esns
622 333 780 384 snunsns.
1143 317 1199 379 ott

134 457 171 520 lu
184 453 329 537 genet-eli
340 462 449 520 sutem
459 455 678 540 inquisitione,
692 463 729 521 ut
741 473 839 539 supm
851 454 1001 532 diximus,
1017 453 1059 521 de
1071 455 1209 539 puhlicis

88 579 218 636 tentum
232 570 362 638 delictis
378 569 481 656 judex
497 573 700 656 interrogare
717 580 826 656 potest
844 594 851 636 ε
871 571 913 637 de
934 571 1070 638 occultis
1083 580 1217 649 eutem,-

2 663 6 670 ’
88 685 200 764 idest,
219 705 289 771 quae
306 687 351 756 ita
367 707 385 752 e
401 687 513 770 peusis
528 697 719 765 noscuntur,
737 697 775 752 ut
789 706 889 771 super
911 689 949 752 iis
972 686 1057 752 ieme
1076 686 1206 771 puhlion

87 821 153 866 uon
172 803 301 878 existet,
328 821 389 868 nec
410 801 514 886 judex
539 805 752 886 interrogare,
772 821 832 868 nec
852 802 974 868 subditi
998 823 1038 868 eu
1056 803 1207 870 revelare

87 918 283 1000 regulariter
298 925 442 1002 possunt.
458 918 490 982 Si
505 927 615 983 temen
631 939 673 985 ex
689 920 871 1002 mensurantis
888 917 1092 986 subditorum
1108 919 1206 984 inter·

86 1039 294 1116 rogstomm,
321 1030 436 1116 aliquis
459 1050 574 1096 eorum
599 1031 701 1116 judici
728 1033 856 1098 revelet
881 1031 1011 1117 aliquod
1039 1034 1203 1100 occultunt

86 1150 243 1217 delictum
270 1147 404 1232 ejusque
432 1156 599 1212 tunionem
625 1150 789 1226 nominet,
818 1149 940 1232 poterit
968 1147 1068 1235 judex
1090 1157 1202 1218 contre

84 1266 186 1331 telem
213 1263 456 1349 delinquentem
486 1263 722 1348 inquisitionem
753 1265 928 1347 specialem
956 1266 1147 1349 insulsum
1168 1272 1202 1330 et

85 1380 147 1446 hoo
164 1400 262 1446 sensu
286 1379 446 1464 inquisitio
465 1379 634 1462 generalis,
654 1381 786 1462 speciali
812 1382 893 1446 viem
912 1382 1039 1464 aperire
1066 1380 1198 1452 dieitur.

83 1495 211 1575 Quibus
222 1494 418 1577 prenotatis,
431 1493 579 1560 termulen
593 1495 625 1558 in
637 1495 841 1580 inquisitione
853 1497 998 1578 genueruit
1009 1494 1201 1566 adnitente

84 1611 129 1675 sie
144 1611 332 1676 concinnari
349 1618 494 1693 possunt.

627 1818 653 1878 l.

83 2025 193 2075 Formuls
206 2023 275 2071 edicti
290 2035 332 2083 pro
346 2020 477 2082 incipiendo
491 2019 641 2082 inquisitione
656 2021 767 2083 generali,
779 2023 827 2071 sive
842 2025 1015 2088 temporumve
1029 2032 1093 2073 exten
1108 2032 1199 2085 tempus

568 2119 717 2169 visitationis.
758 2161 761 2167 i

127 2348 143 2385 u
172 2329 248 2387 Cum
273 2325 428 2386 adnuunt
453 2325 715 2386 reverendissimus
740 2326 902 2406 Episcopus
929 2325 1134 2388 iustumne
1165 2329 1199 2388 in

75 2445 234 2504 eieitutem
250 2441 280 2502 N
283 2487 304 2517 .‚
324 2439 453 2518 oplieinm
468 2459 552 2502 snum
568 2444 675 2519 eccequi
695 2440 807 2516 notens,
826 2447 861 2501 ut
883 2459 899 2501 e
918 2459 973 2502 suu
987 2442 1104 2502 dioecesi
1120 2444 1197 2502 vitiu

72 2563 294 2640 euptecpentnc,
318 2563 347 2620 et
364 2559 567 2638 delinquentes
587 2559 694 2618 suttem
715 2564 795 2618 metu
812 2575 970 2638 penarum
991 2559 1198 2618 ucrimimius

72 2674 298 2736 committendis
313 2674 494 2747 obstineant,
513 2679 542 2734 et
550 2676 618 2752 jum
630 2677 786 2734 commissu
798 2674 833 2734 ot
845 2675 974 2734 otiorum
988 2674 1155 2752 euemptnm
1167 2681 1196 2734 et

65 2792 229 2870 justitium
254 2791 433 2850 sennensium
460 2789 700 2849 conuenientibus
729 2794 827 2869 poenis
850 2793 1032 2869 puniunt-ur,
1059 2807 1116 2868 per
1143 2788 1196 2848 doc

73 2908 208 2967 edictum
230 2903 271 2964 ud
295 2906 424 2986 ejusdcm
447 2907 581 2964 eicitutis
607 2904 734 2965 ccelesiis
757 2909 880 2986 mujocis
902 2906 1008 2966 miuus
1024 2903 1140 2982 ficum
1162 2909 1195 2968 iu

73 3026 193 3082 virtute
212 3026 322 3082 sunetee
338 3021 510 3081 obedientie
522 3023 675 3098 precipit,
693 3025 727 3080 nt
743 3038 853 3096 onmes,
871 3025 923 3099 qui
938 3021 1053 3100 dejure
1070 3025 1195 3100 possunt

72 3144 102 3198 et
119 3138 246 3212 debent,
266 3142 393 3198 servetis
411 3135 579 3212 semunciis,
599 3136 861 3198 ecclesiasticorum
878 3138 987 3198 delicto
1003 3134 1216 3216 monifesture'

74 3255 127 3314 ilii
153 3252 290 3314 debeant.
319 3255 472 3314 Datum...
502 3251 592 3316 die...
621 3255 771 3313 monus...
801 3257 914 3315 unni...
931 3255 1031 3314 -De
1052 3253 1194 3314 munduto

75 3369 321 3432 reverendissimi
336 3370 544 3431 Ambiuncnsis
559 3368 710 3448 Episcopi.
726 3399 772 3416 -
784 3371 825 3432 N.
830 3413 841 3446 ,
859 3374 1027 3432 uetustius.
1043 3391 1058 3429 s

614 3598 657 3662 11.

329 3802 437 3852 iormuls
451 3800 569 3853 scribendi
584 3809 635 3852 sete
649 3801 807 3866 inquisitionis
821 3801 945 3863 generalis.

121 4022 273 4091 Describi
287 4026 395 4106 potest
421 4019 482 4088 hoc
503 4017 564 4085 eut
583 4021 676 4085 simili
693 4019 808 4086 modo:
824 4026 891 4084 uin
913 4025 1038 4085 Nomine
1059 4025 1190 4103 Dpsnim.

72 4150 182 4210 Amen.
200 4176 245 4190 —
262 4142 320 4204 Hie
337 4145 381 4200 est
391 4157 547 4222 processus
563 4142 768 4220 inquisitionis
780 4139 939 4220 qenerutis,
957 4159 1046 4222 quum
1060 4159 1194 4204 reneren-

73 4265 221 4326 dissimus
231 4258 436 4322 Ambiuuensis
444 4256 618 4336 Episcopus,
631 4261 665 4317 ut
677 4273 692 4316 e
703 4275 757 4317 suu
769 4258 887 4318 dioeecsi
897 4257 1088 4337 expelluntur
1101 4263 1189 4334 vitiu,

74 4386 106 4440 et
116 4377 320 4454 delinquentes
336 4371 442 4432 suttem
452 4387 545 4450 poenee
561 4376 668 4431 utetuu
683 4373 901 4433 committendis
916 4367 1091 4435 culminibus
1104 4376 1195 4437 obsti-
