<?xml version="1.0" encoding="UTF-8"?>
<!DOCTYPE html PUBLIC "-//W3C//DTD XHTML 1.0 Transitional//EN"
    "http://www.w3.org/TR/xhtml1/DTD/xhtml1-transitional.dtd">
<html xmlns="http://www.w3.org/1999/xhtml" xml:lang="en" lang="en">
 <head>
  <title>
</title>
<meta http-equiv="Content-Type" content="text/html;charset=utf-8" />
  <meta name='ocr-system' content='tesseract 3.04.00' />
  <meta name='ocr-capabilities' content='ocr_page ocr_carea ocr_par ocr_line ocrx_word'/>
</head>
<body>
  <div class='ocr_page' id='page_1' title='image "./tractatusdejudi01bouigoog_0224.png"; bbox 0 0 2848 5118; ppageno 0'>
   <div class='ocr_carea' id='block_1_1' title="bbox 468 332 1168 420">
    <p class='ocr_par' dir='ltr' id='par_1_1' title="bbox 468 332 1168 420">
     <span class='ocr_line' id='line_1_1' title="bbox 468 332 1168 420; baseline -0.016 -17"><span class='ocrx_word' id='word_1_1' title='bbox 468 352 548 420; x_wconf 76' lang='lat' dir='ltr'>raas</span> <span class='ocrx_word' id='word_1_2' title='bbox 570 350 729 420; x_wconf 69' lang='lat' dir='ltr'>sacrans.</span> <span class='ocrx_word' id='word_1_3' title='bbox 1105 332 1168 393; x_wconf 77' lang='lat'>215</span> 
     </span>
    </p>
   </div>
   <div class='ocr_carea' id='block_1_2' title="bbox 70 461 1168 912">
    <p class='ocr_par' dir='ltr' id='par_1_2' title="bbox 70 461 1168 912">
     <span class='ocr_line' id='line_1_2' title="bbox 75 461 1167 568; baseline -0.01 -21"><span class='ocrx_word' id='word_1_4' title='bbox 75 480 141 568; x_wconf 73' lang='lat' dir='ltr'>dap</span> <span class='ocrx_word' id='word_1_5' title='bbox 154 477 318 562; x_wconf 64' lang='lat' dir='ltr'>:admissis</span> <span class='ocrx_word' id='word_1_6' title='bbox 332 483 443 559; x_wconf 78' lang='lat' dir='ltr'>autem</span> <span class='ocrx_word' id='word_1_7' title='bbox 456 474 617 564; x_wconf 82' lang='lat' dir='ltr'>ejusmodi</span> <span class='ocrx_word' id='word_1_8' title='bbox 633 461 793 562; x_wconf 89' lang='lat' dir='ltr'>capitulis,</span> <span class='ocrx_word' id='word_1_9' title='bbox 810 471 960 550; x_wconf 74' lang='lat' dir='ltr'>decernit</span> <span class='ocrx_word' id='word_1_10' title='bbox 974 470 1167 554; x_wconf 77' lang='lat' dir='ltr'>eorumdem</span> 
     </span>
     <span class='ocr_line' id='line_1_3' title="bbox 73 587 1168 684; baseline -0.006 -24"><span class='ocrx_word' id='word_1_11' title='bbox 73 613 119 678; x_wconf 82' lang='lat' dir='ltr'>reo</span> <span class='ocrx_word' id='word_1_12' title='bbox 138 593 260 684; x_wconf 77' lang='lat' dir='ltr'>petenti</span> <span class='ocrx_word' id='word_1_13' title='bbox 284 593 408 682; x_wconf 84' lang='lat' dir='ltr'>copiam</span> <span class='ocrx_word' id='word_1_14' title='bbox 434 589 532 670; x_wconf 90' lang='lat' dir='ltr'>tradi,</span> <span class='ocrx_word' id='word_1_15' title='bbox 554 598 590 658; x_wconf 92' lang='lat' dir='ltr'>et</span> <span class='ocrx_word' id='word_1_16' title='bbox 616 587 723 656; x_wconf 88' lang='lat' dir='ltr'>eidem</span> <span class='ocrx_word' id='word_1_17' title='bbox 740 608 799 662; x_wconf 85' lang='lat' dir='ltr'>reo</span> <span class='ocrx_word' id='word_1_18' title='bbox 822 588 999 664; x_wconf 86' lang='lat' dir='ltr'>terminum</span> <span class='ocrx_word' id='word_1_19' title='bbox 1027 587 1168 675; x_wconf 79' lang='lat' dir='ltr'><strong>assignat</strong></span> 
     </span>
     <span class='ocr_line' id='line_1_4' title="bbox 72 702 1166 793; baseline -0.007 -17"><span class='ocrx_word' id='word_1_20' title='bbox 72 709 106 791; x_wconf 80' lang='lat' dir='ltr'>ad</span> <span class='ocrx_word' id='word_1_21' title='bbox 127 707 246 793; x_wconf 76' lang='lat' dir='ltr'>dandos</span> <span class='ocrx_word' id='word_1_22' title='bbox 267 728 343 774; x_wconf 88' lang='lat' dir='ltr'>suos</span> <span class='ocrx_word' id='word_1_23' title='bbox 360 707 562 778; x_wconf 84' lang='lat' dir='ltr'>defensorios</span> <span class='ocrx_word' id='word_1_24' title='bbox 585 707 758 791; x_wconf 86' lang='lat' dir='ltr'>articulos;</span> <span class='ocrx_word' id='word_1_25' title='bbox 779 724 861 793; x_wconf 89' lang='lat' dir='ltr'>quos</span> <span class='ocrx_word' id='word_1_26' title='bbox 878 709 1048 789; x_wconf 86' lang='lat' dir='ltr'>postquam</span> <span class='ocrx_word' id='word_1_27' title='bbox 1063 702 1166 790; x_wconf 84' lang='lat' dir='ltr'>judex</span> 
     </span>
     <span class='ocr_line' id='line_1_5' title="bbox 70 820 1166 912; baseline -0.005 -21"><span class='ocrx_word' id='word_1_28' title='bbox 70 825 175 912; x_wconf 77' lang='lat' dir='ltr'>recepit</span> <span class='ocrx_word' id='word_1_29' title='bbox 197 832 233 890; x_wconf 90' lang='lat' dir='ltr'>et</span> <span class='ocrx_word' id='word_1_30' title='bbox 259 822 408 906; x_wconf 83' lang='lat' dir='ltr'>admisit,</span> <span class='ocrx_word' id='word_1_31' title='bbox 434 823 584 894; x_wconf 83' lang='lat' dir='ltr'>decernit</span> <span class='ocrx_word' id='word_1_32' title='bbox 609 820 789 908; x_wconf 88' lang='lat' dir='ltr'>publicari,</span> <span class='ocrx_word' id='word_1_33' title='bbox 820 828 855 886; x_wconf 86' lang='lat' dir='ltr'>et</span> <span class='ocrx_word' id='word_1_34' title='bbox 873 820 1019 904; x_wconf 87' lang='lat' dir='ltr'>publicat</span> <span class='ocrx_word' id='word_1_35' title='bbox 1036 837 1166 905; x_wconf 90' lang='lat' dir='ltr'>proces-</span> 
     </span>
    </p>
   </div>
   <div class='ocr_carea' id='block_1_3' title="bbox 49 937 1167 4523">
    <p class='ocr_par' dir='ltr' id='par_1_3' title="bbox 64 937 1167 1260">
     <span class='ocr_line' id='line_1_6' title="bbox 69 937 1167 1026; baseline -0.008 -16"><span class='ocrx_word' id='word_1_36' title='bbox 69 959 126 1024; x_wconf 77' lang='lat' dir='ltr'>suro</span> <span class='ocrx_word' id='word_1_37' title='bbox 147 940 212 1018; x_wconf 79' lang='lat' dir='ltr'>tua</span> <span class='ocrx_word' id='word_1_38' title='bbox 228 959 333 1025; x_wconf 88' lang='lat' dir='ltr'>usque</span> <span class='ocrx_word' id='word_1_39' title='bbox 357 948 538 1026; x_wconf 87' lang='lat' dir='ltr'>peractum.</span> <span class='ocrx_word' id='word_1_40' title='bbox 553 941 585 1005; x_wconf 87' lang='lat' dir='ltr'>si</span> <span class='ocrx_word' id='word_1_41' title='bbox 600 959 680 1008; x_wconf 87' lang='lat' dir='ltr'>vero</span> <span class='ocrx_word' id='word_1_42' title='bbox 704 939 737 1004; x_wconf 91' lang='lat' dir='ltr'>in</span> <span class='ocrx_word' id='word_1_43' title='bbox 760 937 847 1024; x_wconf 85' lang='lat' dir='ltr'>stylo</span> <span class='ocrx_word' id='word_1_44' title='bbox 865 938 961 1003; x_wconf 80' lang='lat' dir='ltr'>curiae</span> <span class='ocrx_word' id='word_1_45' title='bbox 979 956 1044 1004; x_wconf 93' lang='lat' dir='ltr'>noa</span> <span class='ocrx_word' id='word_1_46' title='bbox 1069 937 1111 1002; x_wconf 89' lang='lat' dir='ltr'>sit</span> <span class='ocrx_word' id='word_1_47' title='bbox 1128 941 1167 1001; x_wconf 89' lang='lat' dir='ltr'>ut</span> 
     </span>
     <span class='ocr_line' id='line_1_7' title="bbox 67 1054 1162 1143; baseline -0.005 -19"><span class='ocrx_word' id='word_1_48' title='bbox 67 1057 131 1124; x_wconf 87' lang='lat' dir='ltr'>lant</span> <span class='ocrx_word' id='word_1_49' title='bbox 156 1055 304 1143; x_wconf 78' lang='lat' dir='ltr'>predicti</span> <span class='ocrx_word' id='word_1_50' title='bbox 330 1057 475 1136; x_wconf 79' lang='lat' dir='ltr'>articuli,</span> <span class='ocrx_word' id='word_1_51' title='bbox 502 1058 609 1122; x_wconf 90' lang='lat' dir='ltr'>statim</span> <span class='ocrx_word' id='word_1_52' title='bbox 631 1064 706 1142; x_wconf 91' lang='lat' dir='ltr'>pust</span> <span class='ocrx_word' id='word_1_53' title='bbox 730 1054 914 1124; x_wconf 91' lang='lat' dir='ltr'>absolutum</span> <span class='ocrx_word' id='word_1_54' title='bbox 935 1055 985 1119; x_wconf 90' lang='lat' dir='ltr'>rei</span> <span class='ocrx_word' id='word_1_55' title='bbox 1008 1072 1162 1134; x_wconf 84' lang='lat' dir='ltr'>eramen,</span> 
     </span>
     <span class='ocr_line' id='line_1_8' title="bbox 64 1149 924 1260; baseline -0.01 -17"><span class='ocrx_word' id='word_1_56' title='bbox 64 1171 150 1256; x_wconf 81' lang='lat' dir='ltr'>judex</span> <span class='ocrx_word' id='word_1_57' title='bbox 163 1149 210 1238; x_wconf 76' lang='lat' dir='ltr'>¹ud</span> <span class='ocrx_word' id='word_1_58' title='bbox 227 1191 399 1258; x_wconf 87' lang='lat' dir='ltr'>processus</span> <span class='ocrx_word' id='word_1_59' title='bbox 413 1172 667 1257; x_wconf 89' lang='lat' dir='ltr'>publicationem</span> <span class='ocrx_word' id='word_1_60' title='bbox 675 1171 822 1260; x_wconf 81' lang='lat' dir='ltr'>gressum</span> <span class='ocrx_word' id='word_1_61' title='bbox 834 1170 924 1235; x_wconf 86' lang='lat' dir='ltr'>iacit.</span> 
     </span>
    </p>

    <p class='ocr_par' dir='ltr' id='par_1_4' title="bbox 63 1287 1163 1938">
     <span class='ocr_line' id='line_1_9' title="bbox 98 1287 1163 1374; baseline -0.001 -20"><span class='ocrx_word' id='word_1_62' title='bbox 98 1287 127 1354; x_wconf 75' lang='grc'>1.</span> <span class='ocrx_word' id='word_1_63' title='bbox 142 1290 269 1363; x_wconf 89' lang='lat' dir='ltr'>Dicitur</span> <span class='ocrx_word' id='word_1_64' title='bbox 282 1297 391 1353; x_wconf 89' lang='lat' dir='ltr'>autem</span> <span class='ocrx_word' id='word_1_65' title='bbox 406 1307 576 1373; x_wconf 85' lang='lat' dir='ltr'>processus</span> <span class='ocrx_word' id='word_1_66' title='bbox 592 1293 754 1374; x_wconf 75' lang='lat' dir='ltr'>affeastcua</span> <span class='ocrx_word' id='word_1_67' title='bbox 767 1295 836 1353; x_wconf 90' lang='lat' dir='ltr'>tota</span> <span class='ocrx_word' id='word_1_68' title='bbox 848 1308 886 1353; x_wconf 93' lang='lat' dir='ltr'>ea</span> <span class='ocrx_word' id='word_1_69' title='bbox 902 1305 977 1372; x_wconf 91' lang='lat' dir='ltr'>pars</span> <span class='ocrx_word' id='word_1_70' title='bbox 992 1305 1163 1370; x_wconf 86' lang='lat' dir='ltr'>processus</span> 
     </span>
     <span class='ocr_line' id='line_1_10' title="bbox 66 1401 1160 1497; baseline 0 -29"><span class='ocrx_word' id='word_1_71' title='bbox 66 1404 322 1491; x_wconf 66' lang='lat' dir='ltr'>annibalisque</span> <span class='ocrx_word' id='word_1_72' title='bbox 347 1403 506 1488; x_wconf 75' lang='lat' dir='ltr'>precedit</span> <span class='ocrx_word' id='word_1_73' title='bbox 524 1403 695 1470; x_wconf 89' lang='lat' dir='ltr'>decretum</span> <span class='ocrx_word' id='word_1_74' title='bbox 714 1402 843 1495; x_wconf 87' lang='lat' dir='ltr'>judicis,</span> <span class='ocrx_word' id='word_1_75' title='bbox 866 1422 931 1488; x_wconf 89' lang='lat' dir='ltr'>quo</span> <span class='ocrx_word' id='word_1_76' title='bbox 954 1422 1012 1468; x_wconf 90' lang='lat' dir='ltr'>reo</span> <span class='ocrx_word' id='word_1_77' title='bbox 1036 1401 1160 1497; x_wconf 78' lang='lat' dir='ltr'>copiam</span> 
     </span>
     <span class='ocr_line' id='line_1_11' title="bbox 65 1519 1162 1609; baseline -0.001 -25"><span class='ocrx_word' id='word_1_78' title='bbox 65 1527 191 1588; x_wconf 87' lang='lat' dir='ltr'>actorum</span> <span class='ocrx_word' id='word_1_79' title='bbox 211 1519 372 1598; x_wconf 85' lang='lat' dir='ltr'>concedit,</span> <span class='ocrx_word' id='word_1_80' title='bbox 393 1527 430 1584; x_wconf 92' lang='lat' dir='ltr'>ut</span> <span class='ocrx_word' id='word_1_81' title='bbox 445 1539 515 1586; x_wconf 91' lang='lat' dir='ltr'>sese</span> <span class='ocrx_word' id='word_1_82' title='bbox 536 1519 718 1589; x_wconf 84' lang='lat' dir='ltr'>defendere</span> <span class='ocrx_word' id='word_1_83' title='bbox 733 1521 846 1609; x_wconf 85' lang='lat' dir='ltr'>possit.</span> <span class='ocrx_word' id='word_1_84' title='bbox 864 1520 904 1583; x_wconf 87' lang='lat' dir='ltr'>Et</span> <span class='ocrx_word' id='word_1_85' title='bbox 919 1525 1056 1584; x_wconf 86' lang='lat' dir='ltr'>vocatur</span> <span class='ocrx_word' id='word_1_86' title='bbox 1072 1523 1162 1600; x_wconf 77' lang='lat' dir='ltr'>offen·</span> 
     </span>
     <span class='ocr_line' id='line_1_12' title="bbox 64 1633 1163 1724; baseline 0.002 -26"><span class='ocrx_word' id='word_1_87' title='bbox 64 1642 140 1714; x_wconf 81' lang='lat' dir='ltr'>staua,</span> <span class='ocrx_word' id='word_1_88' title='bbox 156 1636 233 1722; x_wconf 86' lang='lat' dir='ltr'>quia</span> <span class='ocrx_word' id='word_1_89' title='bbox 253 1635 316 1701; x_wconf 92' lang='lat' dir='ltr'>huc</span> <span class='ocrx_word' id='word_1_90' title='bbox 340 1656 443 1724; x_wconf 88' lang='lat' dir='ltr'>usque</span> <span class='ocrx_word' id='word_1_91' title='bbox 463 1637 568 1706; x_wconf 84' lang='lat' dir='ltr'>omnia</span> <span class='ocrx_word' id='word_1_92' title='bbox 583 1643 788 1722; x_wconf 82' lang='lat' dir='ltr'>peraguntur</span> <span class='ocrx_word' id='word_1_93' title='bbox 803 1643 915 1701; x_wconf 85' lang='lat' dir='ltr'>contro</span> <span class='ocrx_word' id='word_1_94' title='bbox 930 1655 1034 1712; x_wconf 91' lang='lat' dir='ltr'>reum,</span> <span class='ocrx_word' id='word_1_95' title='bbox 1050 1634 1092 1701; x_wconf 92' lang='lat' dir='ltr'>ad</span> <span class='ocrx_word' id='word_1_96' title='bbox 1106 1633 1163 1700; x_wconf 90' lang='lat' dir='ltr'>de·</span> 
     </span>
     <span class='ocr_line' id='line_1_13' title="bbox 64 1750 1161 1838; baseline -0.004 -17"><span class='ocrx_word' id='word_1_97' title='bbox 64 1752 224 1838; x_wconf 78' lang='lat' dir='ltr'>legendum</span> <span class='ocrx_word' id='word_1_98' title='bbox 241 1772 359 1838; x_wconf 86' lang='lat' dir='ltr'>nempe</span> <span class='ocrx_word' id='word_1_99' title='bbox 376 1753 476 1838; x_wconf 91' lang='lat' dir='ltr'>ipsius</span> <span class='ocrx_word' id='word_1_100' title='bbox 490 1751 668 1838; x_wconf 88' lang='lat' dir='ltr'>delictum;</span> <span class='ocrx_word' id='word_1_101' title='bbox 686 1760 721 1820; x_wconf 90' lang='lat' dir='ltr'>et</span> <span class='ocrx_word' id='word_1_102' title='bbox 740 1750 883 1822; x_wconf 88' lang='lat' dir='ltr'>noudum</span> <span class='ocrx_word' id='word_1_103' title='bbox 898 1751 940 1818; x_wconf 91' lang='lat' dir='ltr'>ad</span> <span class='ocrx_word' id='word_1_104' title='bbox 956 1771 1026 1818; x_wconf 89' lang='lat' dir='ltr'>sese</span> <span class='ocrx_word' id='word_1_105' title='bbox 1046 1750 1161 1818; x_wconf 84' lang='lat' dir='ltr'>defen·</span> 
     </span>
     <span class='ocr_line' id='line_1_14' title="bbox 63 1867 437 1938; baseline 0 -4"><span class='ocrx_word' id='word_1_106' title='bbox 63 1867 187 1938; x_wconf 89' lang='lat' dir='ltr'>duudum</span> <span class='ocrx_word' id='word_1_107' title='bbox 203 1868 361 1935; x_wconf 91' lang='lat' dir='ltr'>admissus</span> <span class='ocrx_word' id='word_1_108' title='bbox 375 1876 437 1935; x_wconf 91' lang='lat' dir='ltr'>est.</span> 
     </span>
    </p>

    <p class='ocr_par' dir='ltr' id='par_1_5' title="bbox 55 1983 1159 2891">
     <span class='ocr_line' id='line_1_15' title="bbox 94 1983 1157 2074; baseline -0.001 -22"><span class='ocrx_word' id='word_1_109' title='bbox 94 1989 122 2053; x_wconf 88' lang='grc'>3.</span> <span class='ocrx_word' id='word_1_110' title='bbox 142 1987 191 2054; x_wconf 83' lang='lat' dir='ltr'>Fit</span> <span class='ocrx_word' id='word_1_111' title='bbox 205 1993 316 2056; x_wconf 91' lang='lat' dir='ltr'>autem</span> <span class='ocrx_word' id='word_1_112' title='bbox 328 1989 505 2070; x_wconf 75' lang='lat' dir='ltr'>publicatio,</span> <span class='ocrx_word' id='word_1_113' title='bbox 522 1983 663 2069; x_wconf 83' lang='lat' dir='ltr'>legendo</span> <span class='ocrx_word' id='word_1_114' title='bbox 676 1983 1080 2074; x_wconf 82' lang='lat' dir='ltr'>totamseriemprocessus</span> <span class='ocrx_word' id='word_1_115' title='bbox 1094 1985 1157 2051; x_wconf 93' lang='lat' dir='ltr'>huc</span> 
     </span>
     <span class='ocr_line' id='line_1_16' title="bbox 59 2101 1159 2188; baseline -0.002 -19"><span class='ocrx_word' id='word_1_116' title='bbox 59 2119 143 2188; x_wconf 82' lang='lat' dir='ltr'>utque</span> <span class='ocrx_word' id='word_1_117' title='bbox 159 2102 272 2177; x_wconf 85' lang='lat' dir='ltr'>habiti.</span> <span class='ocrx_word' id='word_1_118' title='bbox 303 2103 474 2167; x_wconf 84' lang='lat' dir='ltr'>«Rutulus</span> <span class='ocrx_word' id='word_1_119' title='bbox 497 2103 662 2185; x_wconf 82' lang='lat' dir='ltr'>examinis,</span> <span class='ocrx_word' id='word_1_120' title='bbox 682 2121 739 2167; x_wconf 90' lang='lat' dir='ltr'>seu</span> <span class='ocrx_word' id='word_1_121' title='bbox 770 2101 858 2167; x_wconf 86' lang='lat' dir='ltr'>dieto</span> <span class='ocrx_word' id='word_1_122' title='bbox 875 2110 909 2168; x_wconf 87' lang='lat' dir='ltr'>et</span> <span class='ocrx_word' id='word_1_123' title='bbox 935 2102 1159 2168; x_wconf 87' lang='lat' dir='ltr'>attestationes</span> 
     </span>
     <span class='ocr_line' id='line_1_17' title="bbox 62 2217 1153 2310; baseline 0 -28"><span class='ocrx_word' id='word_1_124' title='bbox 62 2218 208 2284; x_wconf 68' lang='lat' dir='ltr'>«testium</span> <span class='ocrx_word' id='word_1_125' title='bbox 223 2220 448 2304; x_wconf 77' lang='lat' dir='ltr'>praeleguntur</span> <span class='ocrx_word' id='word_1_126' title='bbox 459 2226 492 2285; x_wconf 90' lang='lat' dir='ltr'>et</span> <span class='ocrx_word' id='word_1_127' title='bbox 502 2218 722 2302; x_wconf 87' lang='lat' dir='ltr'>publicantur.</span> <span class='ocrx_word' id='word_1_128' title='bbox 741 2218 808 2282; x_wconf 90' lang='lat' dir='ltr'>Hae</span> <span class='ocrx_word' id='word_1_129' title='bbox 827 2217 1045 2304; x_wconf 84' lang='lat' dir='ltr'>publicatione</span> <span class='ocrx_word' id='word_1_130' title='bbox 1057 2218 1153 2310; x_wconf 77' lang='lat' dir='ltr'>lacta,</span> 
     </span>
     <span class='ocr_line' id='line_1_18' title="bbox 60 2335 1157 2425; baseline -0.002 -23"><span class='ocrx_word' id='word_1_131' title='bbox 60 2342 191 2420; x_wconf 69' lang='lat' dir='ltr'>«petunt</span> <span class='ocrx_word' id='word_1_132' title='bbox 204 2344 317 2420; x_wconf 83' lang='lat' dir='ltr'>partes</span> <span class='ocrx_word' id='word_1_133' title='bbox 333 2337 500 2420; x_wconf 89' lang='lat' dir='ltr'>copiam...</span> <span class='ocrx_word' id='word_1_134' title='bbox 524 2355 630 2422; x_wconf 90' lang='lat' dir='ltr'>neque</span> <span class='ocrx_word' id='word_1_135' title='bbox 645 2335 707 2400; x_wconf 94' lang='lat' dir='ltr'>hoc</span> <span class='ocrx_word' id='word_1_136' title='bbox 726 2335 818 2402; x_wconf 93' lang='lat' dir='ltr'>illisa</span> <span class='ocrx_word' id='word_1_137' title='bbox 835 2335 946 2425; x_wconf 90' lang='lat' dir='ltr'>judice</span> <span class='ocrx_word' id='word_1_138' title='bbox 962 2336 1072 2425; x_wconf 80' lang='lat' dir='ltr'>negari</span> <span class='ocrx_word' id='word_1_139' title='bbox 1098 2355 1157 2422; x_wconf 90' lang='lat' dir='ltr'>po-</span> 
     </span>
     <span class='ocr_line' id='line_1_19' title="bbox 60 2451 1156 2541; baseline 0.004 -27"><span class='ocrx_word' id='word_1_140' title='bbox 60 2455 151 2516; x_wconf 79' lang='lat' dir='ltr'>«test.</span> <span class='ocrx_word' id='word_1_141' title='bbox 162 2451 334 2538; x_wconf 80' lang='lat' dir='ltr'>originalis</span> <span class='ocrx_word' id='word_1_142' title='bbox 345 2460 454 2534; x_wconf 82' lang='lat' dir='ltr'>autem</span> <span class='ocrx_word' id='word_1_143' title='bbox 468 2453 632 2540; x_wconf 87' lang='lat' dir='ltr'>scriptura</span> <span class='ocrx_word' id='word_1_144' title='bbox 647 2461 766 2533; x_wconf 86' lang='lat' dir='ltr'>manet,</span> <span class='ocrx_word' id='word_1_145' title='bbox 777 2452 831 2518; x_wconf 83' lang='lat' dir='ltr'>rel</span> <span class='ocrx_word' id='word_1_146' title='bbox 841 2451 926 2539; x_wconf 88' lang='lat' dir='ltr'>apud</span> <span class='ocrx_word' id='word_1_147' title='bbox 935 2451 1092 2541; x_wconf 90' lang='lat' dir='ltr'>judicem,</span> <span class='ocrx_word' id='word_1_148' title='bbox 1103 2453 1156 2518; x_wconf 85' lang='lat' dir='ltr'>uel</span> 
     </span>
     <span class='ocr_line' id='line_1_20' title="bbox 59 2565 1155 2658; baseline 0.003 -28"><span class='ocrx_word' id='word_1_149' title='bbox 59 2565 172 2652; x_wconf 69' lang='lat' dir='ltr'>siquod</span> <span class='ocrx_word' id='word_1_150' title='bbox 191 2569 293 2654; x_wconf 83' lang='lat' dir='ltr'>magis</span> <span class='ocrx_word' id='word_1_151' title='bbox 307 2567 408 2634; x_wconf 89' lang='lat' dir='ltr'>habet</span> <span class='ocrx_word' id='word_1_152' title='bbox 424 2569 627 2652; x_wconf 89' lang='lat' dir='ltr'>consuetudo</span> <span class='ocrx_word' id='word_1_153' title='bbox 649 2576 683 2635; x_wconf 91' lang='lat' dir='ltr'>et</span> <span class='ocrx_word' id='word_1_154' title='bbox 694 2569 762 2658; x_wconf 89' lang='lat' dir='ltr'>juri</span> <span class='ocrx_word' id='word_1_155' title='bbox 775 2569 973 2638; x_wconf 86' lang='lat' dir='ltr'>conformius</span> <span class='ocrx_word' id='word_1_156' title='bbox 989 2565 1050 2651; x_wconf 87' lang='lat' dir='ltr'>est)</span> <span class='ocrx_word' id='word_1_157' title='bbox 1065 2566 1155 2651; x_wconf 85' lang='lat' dir='ltr'>apud</span> 
     </span>
     <span class='ocr_line' id='line_1_21' title="bbox 59 2683 1152 2773; baseline 0.002 -29"><span class='ocrx_word' id='word_1_158' title='bbox 59 2685 255 2767; x_wconf 72' lang='lat' dir='ltr'>auctarium,</span> <span class='ocrx_word' id='word_1_159' title='bbox 276 2692 432 2769; x_wconf 87' lang='lat' dir='ltr'>tauquam</span> <span class='ocrx_word' id='word_1_160' title='bbox 460 2685 665 2769; x_wconf 82' lang='lat' dir='ltr'>scriptorem.</span> <span class='ocrx_word' id='word_1_161' title='bbox 687 2709 703 2747; x_wconf 85' lang='lat' dir='ltr'>a</span> <span class='ocrx_word' id='word_1_162' title='bbox 727 2684 1039 2773; x_wconf 85' lang='lat' dir='ltr'>(schmalzgrueber,</span> <span class='ocrx_word' id='word_1_163' title='bbox 1057 2683 1089 2746; x_wconf 90' lang='lat' dir='ltr'>in</span> <span class='ocrx_word' id='word_1_164' title='bbox 1108 2683 1152 2746; x_wconf 92' lang='lat' dir='ltr'>ti·</span> 
     </span>
     <span class='ocr_line' id='line_1_22' title="bbox 55 2799 664 2891; baseline 0.015 -30"><span class='ocrx_word' id='word_1_165' title='bbox 55 2799 146 2870; x_wconf 88' lang='lat' dir='ltr'>tulum</span> <span class='ocrx_word' id='word_1_166' title='bbox 164 2804 216 2880; x_wconf 76' lang='grc'>10,</span> <span class='ocrx_word' id='word_1_167' title='bbox 233 2801 341 2871; x_wconf 81' lang='lat' dir='ltr'>libri2</span> <span class='ocrx_word' id='word_1_168' title='bbox 355 2800 498 2882; x_wconf 75' lang='lat' dir='ltr'>decret,</span> <span class='ocrx_word' id='word_1_169' title='bbox 518 2823 551 2868; x_wconf 90' lang='lat' dir='ltr'>n.</span> <span class='ocrx_word' id='word_1_170' title='bbox 575 2802 664 2891; x_wconf 83' lang='lat'>116.)</span> 
     </span>
    </p>

    <p class='ocr_par' dir='ltr' id='par_1_6' title="bbox 49 2915 1154 4394">
     <span class='ocr_line' id='line_1_23' title="bbox 91 2915 1152 3003; baseline 0.003 -25"><span class='ocrx_word' id='word_1_171' title='bbox 91 2915 119 2979; x_wconf 90' lang='grc'>1.</span> <span class='ocrx_word' id='word_1_172' title='bbox 137 2917 352 2982; x_wconf 85' lang='lat' dir='ltr'>Necessarium</span> <span class='ocrx_word' id='word_1_173' title='bbox 367 2937 436 2984; x_wconf 91' lang='lat' dir='ltr'>esse</span> <span class='ocrx_word' id='word_1_174' title='bbox 450 2917 492 2982; x_wconf 92' lang='lat' dir='ltr'>de</span> <span class='ocrx_word' id='word_1_175' title='bbox 507 2917 580 3003; x_wconf 87' lang='lat' dir='ltr'>jure</span> <span class='ocrx_word' id='word_1_176' title='bbox 598 2919 751 2984; x_wconf 88' lang='lat' dir='ltr'>canonico</span> <span class='ocrx_word' id='word_1_177' title='bbox 765 2915 882 2986; x_wconf 88' lang='lat' dir='ltr'>dictum</span> <span class='ocrx_word' id='word_1_178' title='bbox 901 2916 1152 3002; x_wconf 90' lang='lat' dir='ltr'>publicationem</span> 
     </span>
     <span class='ocr_line' id='line_1_24' title="bbox 54 3031 1151 3120; baseline 0.001 -25"><span class='ocrx_word' id='word_1_179' title='bbox 54 3031 194 3110; x_wconf 81' lang='lat' dir='ltr'>sustinent</span> <span class='ocrx_word' id='word_1_180' title='bbox 219 3034 401 3112; x_wconf 86' lang='lat' dir='ltr'>canonistae,</span> <span class='ocrx_word' id='word_1_181' title='bbox 420 3034 536 3100; x_wconf 87' lang='lat' dir='ltr'>saltem</span> <span class='ocrx_word' id='word_1_182' title='bbox 555 3034 663 3120; x_wconf 87' lang='lat' dir='ltr'>quoad</span> <span class='ocrx_word' id='word_1_183' title='bbox 682 3033 925 3102; x_wconf 88' lang='lat' dir='ltr'>eoncedendum</span> <span class='ocrx_word' id='word_1_184' title='bbox 951 3053 1009 3099; x_wconf 90' lang='lat' dir='ltr'>reo</span> <span class='ocrx_word' id='word_1_185' title='bbox 1026 3033 1151 3116; x_wconf 92' lang='lat' dir='ltr'>copiam</span> 
     </span>
     <span class='ocr_line' id='line_1_25' title="bbox 54 3148 1154 3238; baseline 0 -24"><span class='ocrx_word' id='word_1_186' title='bbox 54 3154 179 3230; x_wconf 81' lang='lat' dir='ltr'>actuum,</span> <span class='ocrx_word' id='word_1_187' title='bbox 194 3158 232 3215; x_wconf 89' lang='lat' dir='ltr'>ut</span> <span class='ocrx_word' id='word_1_188' title='bbox 246 3170 316 3219; x_wconf 89' lang='lat' dir='ltr'>sese</span> <span class='ocrx_word' id='word_1_189' title='bbox 335 3150 517 3227; x_wconf 70' lang='lat' dir='ltr'>defendere</span> <span class='ocrx_word' id='word_1_190' title='bbox 540 3153 653 3236; x_wconf 88' lang='lat' dir='ltr'>possit.</span> <span class='ocrx_word' id='word_1_191' title='bbox 676 3175 692 3211; x_wconf 83' lang='lat' dir='ltr'>a</span> <span class='ocrx_word' id='word_1_192' title='bbox 710 3154 787 3234; x_wconf 85' lang='lat' dir='ltr'>Quae</span> <span class='ocrx_word' id='word_1_193' title='bbox 804 3151 978 3236; x_wconf 87' lang='lat' dir='ltr'>publicatio</span> <span class='ocrx_word' id='word_1_194' title='bbox 996 3151 1052 3238; x_wconf 88' lang='lat' dir='ltr'>(ait</span> <span class='ocrx_word' id='word_1_195' title='bbox 1075 3148 1154 3214; x_wconf 91' lang='lat' dir='ltr'>Pel·</span> 
     </span>
     <span class='ocr_line' id='line_1_26' title="bbox 56 3262 1149 3353; baseline 0.009 -25"><span class='ocrx_word' id='word_1_196' title='bbox 56 3262 219 3349; x_wconf 78' lang='lat' dir='ltr'>ulegriuus,</span> <span class='ocrx_word' id='word_1_197' title='bbox 232 3269 370 3351; x_wconf 80' lang='lat' dir='ltr'>portel,</span> <span class='ocrx_word' id='word_1_198' title='bbox 386 3269 526 3336; x_wconf 90' lang='lat' dir='ltr'>sectione</span> <span class='ocrx_word' id='word_1_199' title='bbox 542 3273 591 3348; x_wconf 88' lang='lat'>10,</span> <span class='ocrx_word' id='word_1_200' title='bbox 611 3290 643 3334; x_wconf 93' lang='lat' dir='ltr'>n.</span> <span class='ocrx_word' id='word_1_201' title='bbox 658 3268 702 3353; x_wconf 89' lang='lat'>8),</span> <span class='ocrx_word' id='word_1_202' title='bbox 720 3269 752 3332; x_wconf 90' lang='lat' dir='ltr'>in</span> <span class='ocrx_word' id='word_1_203' title='bbox 768 3267 985 3334; x_wconf 88' lang='lat' dir='ltr'>criminalibus</span> <span class='ocrx_word' id='word_1_204' title='bbox 1001 3278 1052 3335; x_wconf 89' lang='lat' dir='ltr'>est</span> <span class='ocrx_word' id='word_1_205' title='bbox 1066 3270 1149 3338; x_wconf 90' lang='lat' dir='ltr'>adeo</span> 
     </span>
     <span class='ocr_line' id='line_1_27' title="bbox 54 3361 1147 3473; baseline 0.008 -29"><span class='ocrx_word' id='word_1_206' title='bbox 54 3385 245 3453; x_wconf 74' lang='lat' dir='ltr'>«necessaria</span> <span class='ocrx_word' id='word_1_207' title='bbox 270 3383 313 3453; x_wconf 89' lang='lat' dir='ltr'>de</span> <span class='ocrx_word' id='word_1_208' title='bbox 332 3381 405 3470; x_wconf 86' lang='lat' dir='ltr'>jure</span> <span class='ocrx_word' id='word_1_209' title='bbox 423 3361 588 3464; x_wconf 83' lang='lat' dir='ltr'>canonico,</span> <span class='ocrx_word' id='word_1_210' title='bbox 610 3395 658 3464; x_wconf 91' lang='lat' dir='ltr'>ut,</span> <span class='ocrx_word' id='word_1_211' title='bbox 678 3387 704 3451; x_wconf 93' lang='lat' dir='ltr'>si</span> <span class='ocrx_word' id='word_1_212' title='bbox 727 3387 944 3466; x_wconf 89' lang='lat' dir='ltr'>omitteretur,</span> <span class='ocrx_word' id='word_1_213' title='bbox 975 3407 1147 3473; x_wconf 86' lang='lat' dir='ltr'>processus</span> 
     </span>
     <span class='ocr_line' id='line_1_28' title="bbox 54 3500 1144 3588; baseline 0.008 -26"><span class='ocrx_word' id='word_1_214' title='bbox 54 3508 154 3565; x_wconf 76' lang='lat' dir='ltr'>cesset</span> <span class='ocrx_word' id='word_1_215' title='bbox 167 3501 273 3566; x_wconf 85' lang='lat' dir='ltr'>nullus</span> <span class='ocrx_word' id='word_1_216' title='bbox 288 3503 359 3586; x_wconf 87' lang='lat' dir='ltr'>ipso</span> <span class='ocrx_word' id='word_1_217' title='bbox 366 3500 461 3587; x_wconf 87' lang='lat' dir='ltr'>jure;</span> <span class='ocrx_word' id='word_1_218' title='bbox 479 3503 554 3588; x_wconf 86' lang='lat' dir='ltr'>quia</span> <span class='ocrx_word' id='word_1_219' title='bbox 568 3504 742 3570; x_wconf 90' lang='lat' dir='ltr'>tolleretur</span> <span class='ocrx_word' id='word_1_220' title='bbox 758 3504 895 3571; x_wconf 85' lang='lat' dir='ltr'>facultas</span> <span class='ocrx_word' id='word_1_221' title='bbox 907 3524 964 3570; x_wconf 91' lang='lat' dir='ltr'>reo</span> <span class='ocrx_word' id='word_1_222' title='bbox 980 3524 1013 3570; x_wconf 87' lang='lat' dir='ltr'>se</span> <span class='ocrx_word' id='word_1_223' title='bbox 1032 3504 1144 3572; x_wconf 86' lang='lat' dir='ltr'>defen·</span> 
     </span>
     <span class='ocr_line' id='line_1_29' title="bbox 54 3611 1145 3711; baseline 0.008 -30"><span class='ocrx_word' id='word_1_224' title='bbox 54 3611 176 3682; x_wconf 74' lang='lat' dir='ltr'>«tenu.</span> <span class='ocrx_word' id='word_1_225' title='bbox 190 3620 302 3704; x_wconf 86' lang='lat' dir='ltr'>Neque</span> <span class='ocrx_word' id='word_1_226' title='bbox 321 3618 531 3693; x_wconf 70' lang='lat' dir='ltr'>condemnari</span> <span class='ocrx_word' id='word_1_227' title='bbox 548 3629 658 3705; x_wconf 89' lang='lat' dir='ltr'>posset</span> <span class='ocrx_word' id='word_1_228' title='bbox 675 3621 735 3688; x_wconf 89' lang='lat' dir='ltr'>nisi</span> <span class='ocrx_word' id='word_1_229' title='bbox 751 3620 991 3688; x_wconf 85' lang='lat' dir='ltr'>decerneretur</span> <span class='ocrx_word' id='word_1_230' title='bbox 1009 3623 1040 3687; x_wconf 90' lang='lat' dir='ltr'>ei</span> <span class='ocrx_word' id='word_1_231' title='bbox 1053 3624 1145 3711; x_wconf 77' lang='lat' dir='ltr'>oppia</span> 
     </span>
     <span class='ocr_line' id='line_1_30' title="bbox 51 3736 1145 3820; baseline 0.008 -22"><span class='ocrx_word' id='word_1_232' title='bbox 51 3748 241 3812; x_wconf 76' lang='lat' dir='ltr'>tprocessus,</span> <span class='ocrx_word' id='word_1_233' title='bbox 262 3754 336 3806; x_wconf 88' lang='lat' dir='ltr'>eum</span> <span class='ocrx_word' id='word_1_234' title='bbox 356 3737 494 3811; x_wconf 88' lang='lat' dir='ltr'>termino</span> <span class='ocrx_word' id='word_1_235' title='bbox 510 3738 708 3820; x_wconf 85' lang='lat' dir='ltr'>competenti</span> <span class='ocrx_word' id='word_1_236' title='bbox 721 3736 764 3803; x_wconf 87' lang='lat' dir='ltr'>ad</span> <span class='ocrx_word' id='word_1_237' title='bbox 781 3736 968 3803; x_wconf 87' lang='lat' dir='ltr'>iaciendum</span> <span class='ocrx_word' id='word_1_238' title='bbox 986 3758 1060 3804; x_wconf 90' lang='lat' dir='ltr'>suas</span> <span class='ocrx_word' id='word_1_239' title='bbox 1086 3740 1145 3808; x_wconf 90' lang='lat' dir='ltr'>de-</span> 
     </span>
     <span class='ocr_line' id='line_1_31' title="bbox 51 3831 1144 3937; baseline 0.013 -26"><span class='ocrx_word' id='word_1_240' title='bbox 51 3845 241 3936; x_wconf 80' lang='lat' dir='ltr'>aleusiones.</span> <span class='ocrx_word' id='word_1_241' title='bbox 265 3853 347 3919; x_wconf 86' lang='lat' dir='ltr'>Hine</span> <span class='ocrx_word' id='word_1_242' title='bbox 366 3859 415 3918; x_wconf 90' lang='lat' dir='ltr'>est</span> <span class='ocrx_word' id='word_1_243' title='bbox 436 3831 531 3936; x_wconf 66' lang='lat' dir='ltr'>,quod</span> <span class='ocrx_word' id='word_1_244' title='bbox 554 3853 688 3934; x_wconf 83' lang='lat' dir='ltr'>inolevit</span> <span class='ocrx_word' id='word_1_245' title='bbox 708 3854 817 3937; x_wconf 81' lang='lat' dir='ltr'>praxis</span> <span class='ocrx_word' id='word_1_246' title='bbox 843 3854 914 3919; x_wconf 87' lang='lat' dir='ltr'>fere</span> <span class='ocrx_word' id='word_1_247' title='bbox 935 3855 970 3921; x_wconf 92' lang='lat' dir='ltr'>in</span> <span class='ocrx_word' id='word_1_248' title='bbox 993 3857 1144 3926; x_wconf 86' lang='lat' dir='ltr'>omnibus</span> 
     </span>
     <span class='ocr_line' id='line_1_32' title="bbox 52 3967 1138 4056; baseline 0.012 -28"><span class='ocrx_word' id='word_1_249' title='bbox 52 3967 172 4044; x_wconf 82' lang='grc'><strong>1111111,</strong></span> <span class='ocrx_word' id='word_1_250' title='bbox 189 3974 226 4032; x_wconf 93' lang='lat' dir='ltr'>ut</span> <span class='ocrx_word' id='word_1_251' title='bbox 240 3969 335 4038; x_wconf 84' lang='lat' dir='ltr'>unico</span> <span class='ocrx_word' id='word_1_252' title='bbox 347 3977 503 4037; x_wconf 80' lang='lat' dir='ltr'>contextu</span> <span class='ocrx_word' id='word_1_253' title='bbox 523 3970 580 4036; x_wconf 88' lang='lat' dir='ltr'>liat</span> <span class='ocrx_word' id='word_1_254' title='bbox 598 3970 774 4056; x_wconf 84' lang='lat' dir='ltr'>publicatio</span> <span class='ocrx_word' id='word_1_255' title='bbox 793 3991 966 4056; x_wconf 90' lang='lat' dir='ltr'>processus</span> <span class='ocrx_word' id='word_1_256' title='bbox 982 3973 1138 4054; x_wconf 83' lang='lat' dir='ltr'>offensivi,</span> 
     </span>
     <span class='ocr_line' id='line_1_33' title="bbox 51 4081 1142 4174; baseline 0.014 -32"><span class='ocrx_word' id='word_1_257' title='bbox 51 4086 107 4143; x_wconf 76' lang='lat' dir='ltr'>«et</span> <span class='ocrx_word' id='word_1_258' title='bbox 116 4081 284 4151; x_wconf 85' lang='lat' dir='ltr'>declaratio</span> <span class='ocrx_word' id='word_1_259' title='bbox 299 4085 388 4171; x_wconf 89' lang='lat' dir='ltr'>quod</span> <span class='ocrx_word' id='word_1_260' title='bbox 407 4085 478 4171; x_wconf 89' lang='lat' dir='ltr'>ejus</span> <span class='ocrx_word' id='word_1_261' title='bbox 497 4087 588 4171; x_wconf 87' lang='lat' dir='ltr'>copia</span> <span class='ocrx_word' id='word_1_262' title='bbox 604 4089 690 4174; x_wconf 88' lang='lat' dir='ltr'>parti</span> <span class='ocrx_word' id='word_1_263' title='bbox 704 4086 873 4172; x_wconf 86' lang='lat' dir='ltr'>trudatur;</span> <span class='ocrx_word' id='word_1_264' title='bbox 891 4110 956 4156; x_wconf 86' lang='lat' dir='ltr'>uuo</span> <span class='ocrx_word' id='word_1_265' title='bbox 978 4110 1052 4156; x_wconf 90' lang='lat' dir='ltr'>cum</span> <span class='ocrx_word' id='word_1_266' title='bbox 1074 4100 1142 4157; x_wconf 90' lang='lat' dir='ltr'>ter·</span> 
     </span>
     <span class='ocr_line' id='line_1_34' title="bbox 51 4197 1140 4282; baseline 0.014 -23"><span class='ocrx_word' id='word_1_267' title='bbox 51 4197 155 4266; x_wconf 74' lang='lat' dir='ltr'>emino</span> <span class='ocrx_word' id='word_1_268' title='bbox 167 4201 207 4267; x_wconf 86' lang='lat' dir='ltr'>ad</span> <span class='ocrx_word' id='word_1_269' title='bbox 221 4201 386 4269; x_wconf 85' lang='lat' dir='ltr'>iaciendas</span> <span class='ocrx_word' id='word_1_270' title='bbox 407 4222 481 4268; x_wconf 89' lang='lat' dir='ltr'>suas</span> <span class='ocrx_word' id='word_1_271' title='bbox 496 4201 712 4282; x_wconf 85' lang='lat' dir='ltr'>defensiones,</span> <span class='ocrx_word' id='word_1_272' title='bbox 732 4205 855 4269; x_wconf 89' lang='lat' dir='ltr'>etiamsi</span> <span class='ocrx_word' id='word_1_273' title='bbox 873 4225 949 4272; x_wconf 90' lang='lat' dir='ltr'>reus</span> <span class='ocrx_word' id='word_1_274' title='bbox 968 4207 1059 4272; x_wconf 90' lang='lat' dir='ltr'>illum</span> <span class='ocrx_word' id='word_1_275' title='bbox 1074 4228 1140 4274; x_wconf 90' lang='lat' dir='ltr'>noa</span> 
     </span>
     <span class='ocr_line' id='line_1_35' title="bbox 49 4321 202 4394; baseline 0.007 -15"><span class='ocrx_word' id='word_1_276' title='bbox 49 4321 167 4394; x_wconf 71' lang='lat' dir='ltr'>«petru</span> <span class='ocrx_word' id='word_1_277' title='bbox 186 4340 202 4380; x_wconf 85' lang='lat' dir='ltr'>a</span> 
     </span>
    </p>

    <p class='ocr_par' dir='ltr' id='par_1_7' title="bbox 86 4428 1133 4523">
     <span class='ocr_line' id='line_1_36' title="bbox 86 4428 1133 4523; baseline 0.011 -30"><span class='ocrx_word' id='word_1_278' title='bbox 86 4428 101 4488; x_wconf 84' lang='lat'><strong>5</strong></span> <span class='ocrx_word' id='word_1_279' title='bbox 132 4431 201 4497; x_wconf 76' lang='lat' dir='ltr'>«list</span> <span class='ocrx_word' id='word_1_280' title='bbox 216 4441 327 4499; x_wconf 89' lang='lat' dir='ltr'>autem</span> <span class='ocrx_word' id='word_1_281' title='bbox 347 4432 601 4511; x_wconf 85' lang='lat' dir='ltr'>advertendum,</span> <span class='ocrx_word' id='word_1_282' title='bbox 622 4434 713 4520; x_wconf 85' lang='lat' dir='ltr'>quod</span> <span class='ocrx_word' id='word_1_283' title='bbox 729 4435 823 4521; x_wconf 89' lang='lat' dir='ltr'>copia</span> <span class='ocrx_word' id='word_1_284' title='bbox 840 4455 1010 4523; x_wconf 87' lang='lat' dir='ltr'>processus</span> <span class='ocrx_word' id='word_1_285' title='bbox 1031 4437 1133 4505; x_wconf 81' lang='lat' dir='ltr'>infor·</span> 
     </span>
    </p>
   </div>
   <div class='ocr_carea' id='block_1_4' title="bbox 0 0 1428 5118">
    <p class='ocr_par' dir='ltr' id='par_1_8' title="bbox 0 0 1428 5118">
     <span class='ocr_line' id='line_1_37' title="bbox 0 0 1428 5118; baseline 0 3"><span class='ocrx_word' id='word_1_286' title='bbox 0 0 1428 5118; x_wconf 95' lang='lat' dir='ltr'> </span> 
     </span>
    </p>
   </div>
  </div>
 </body>
</html>
