2930 5114
519 387 598 438 nsns
620 392 780 442 secunus.
1161 381 1225 448 sto

119 539 176 583 esse
190 527 293 584 eontra
311 539 377 584 eum
388 521 516 582 ulterius
530 521 760 599 procedendum.
782 525 858 586 Aeta
869 530 940 584 sunt
953 522 1014 584 ime
1028 523 1134 602 die...,
1152 541 1231 586 tneo·

118 641 211 714 sis...‚
229 653 349 702 ortuo...
367 671 413 684 -·
428 638 483 713 N„
493 636 603 716 judea.
618 640 731 715 -Ν.,
749 643 948 702 aetenum.»

554 919 688 986 uleus
711 923 780 987 XX.

470 1187 582 1238 uoltus
605 1189 738 1238 ctutum
762 1189 866 1239 REUM.

150 1457 230 1523 Luto
242 1455 377 1525 ‹leoreto
388 1475 453 1544 quo
464 1458 535 1543 quis
551 1459 767 1525 constituatur
780 1478 868 1538 reus,
879 1467 1027 1526 remanet
1038 1467 1076 1526 ut
1088 1461 1219 1527 citetur.

148 1571 267 1638 Citatio
287 1580 396 1640 nutem
417 1572 540 1658 duplex
556 1573 766 1658 distinguitur
790 1578 894 1656 realis,
914 1593 985 1659 quae
1003 1574 1043 1639 fit
1056 1594 1150 1640 reum
1169 1594 1221 1641 ar-

106 1687 258 1756 restando
280 1697 314 1755 et
338 1699 449 1756 ooaote
475 1689 518 1757 ad
540 1691 686 1756 tribuual
707 1690 872 1771 ducendo,
891 1700 926 1758 et
949 1695 1080 1756 embolis
1097 1711 1168 1778 qun
1185 1690 1222 1760 stt

105 1801 301 1886 perferendo
316 1803 360 1871 ad
375 1824 470 1872 reum
483 1807 632 1872 notitiam
648 1804 689 1872 de
706 1804 859 1873 mandato
876 1806 1098 1891 comparendi.

146 1921 263 1987 (litatio
280 1923 387 2000 realis,
407 1930 627 2007 praeterquam
649 1922 739 2007 quod
759 1921 858 1990 hodie
877 1923 910 1988 in
930 1923 1095 2008 plerisque
1116 1926 1221 2008 nem'o·

103 2036 194 2104 nibus
208 2055 228 2102 a
242 2037 464 2122 superioribus
482 2038 708 2105 ecelesiasticis
726 2039 840 2124 nequit
856 2038 899 2105 ad
915 2038 1142 2106 executionem
1160 2037 1219 2106 de-

103 2151 191 2232 duoi,
209 2153 284 2219 fieri
298 2172 364 2220 non
377 2154 478 2220 debet
492 2155 553 2220 nisi
566 2173 641 2221 reus
656 2155 699 2222 de
716 2155 793 2240 iuga
810 2164 981 2240 suspectus
995 2157 1047 2222 sit.

143 2271 260 2337 (litatio
275 2279 385 2338 antem
399 2271 540 2338 verbalis
555 2251 658 2338 dehet
673 2271 747 2338 lieri
755 2255 969 2354 perennaliter,
986 2272 1074 2340 idest
1088 2274 1219 2358 ipsimet

101 2403 245 2469 personae
271 2386 330 2452 liei
352 2387 505 2465 intimari,
529 2387 591 2452 nisi
612 2384 647 2453 id
670 2387 711 2453 sit
731 2387 928 2471 impossibile
951 2396 1007 2454 aut
1030 2388 1219 2456 notabiliter

100 2499 240 2582 difficile,
257 2510 294 2568 ut
311 2502 440 2588 quando
459 2524 546 2584 reus,
565 2524 599 2572 se
615 2505 770 2584 occultat,
790 2505 844 2572 uel
867 2505 978 2590 fugam
996 2505 1143 2589 arripuit,
1163 2505 1217 2572 vel

99 2623 244 2686 nescitur
257 2620 316 2686 uhi
331 2621 384 2686 sit.

139 2738 223 2804 Casu
238 2756 302 2822 quo
316 2757 392 2803 reus
408 2757 479 2804 sese
502 2735 691 2816 abscondat,
710 2738 881 2822 quominus
895 2736 1110 2822 personaliter
1124 2737 1215 2804 citari

42 2903 44 2908 ,
97 2853 207 2935 possit,
225 2854 302 2919 sutis
321 2861 371 2920 est
390 2861 426 2920 ut
440 2854 551 2921 oitatio
570 2855 741 2920 intimetur
757 2853 791 2918 in
804 2851 902 2919 domo
920 2853 1020 2919 solitae
1040 2853 1141 2938 ipsius
1158 2851 1214 2918 ha·

95 2967 259 3034 bitationis
279 2968 374 3034 alicui
392 2969 447 3034 vel
469 2969 630 3054 aliquibus
643 2969 674 3032 in
691 2966 788 3034 domo
806 2967 865 3034 heo
884 2967 1095 3052 degentibus3
1115 2967 1213 3034 modo

94 3089 203 3149 tamen
228 3085 361 3149 nuntius
374 3085 471 3149 ouriae
488 3085 678 3169 episcopalis
692 3083 734 3151 ad
747 3083 891 3169 jndicem
906 3084 1059 3150 retulerit
1072 3083 1214 3150 intimari

94 3219 156 3267 non
171 3183 267 3287 posse
281 3203 343 3286 ipsi
357 3220 415 3268 reo
430 3202 616 3270 citationem
633 3202 846 3287 personalem,
871 3209 905 3267 et
917 3198 1106 3266 mandatum
1121 3219 1212 3267 acoe-

93 3319 180 3401 perit
199 3319 290 3386 illam
308 3319 413 3386 altero
432 3317 529 3384 modo
548 3315 699 3386 faciendi.
720 3319 762 3384 llt
780 3324 888 3402 potest
906 3318 1016 3386 citatio
1034 3317 1211 3404 personalis

92 3433 163 3500 lieri
177 3436 211 3500 in
228 3434 333 3502 alieno
347 3434 526 3513 territorio,
544 3435 571 3500 si
584 3435 630 3500 ibi
644 3433 744 3518 degat
759 3453 847 3502 reus.

134 3553 168 3620 Si
182 3571 263 3620 vero
278 3570 361 3626 reus,
378 3551 511 3636 fugerit,
530 3553 582 3617 vel
596 3551 766 3635 ignoretur
781 3551 839 3618 uhi
854 3553 907 3632 sit,
926 3550 1075 3618 citandus
1089 3559 1141 3620 est
1151 3573 1209 3636 per

90 3672 232 3749 edietum,
250 3669 305 3736 vel
320 3690 375 3752 per
386 3690 562 3752 praeconem.
579 3668 612 3734 Si
626 3688 686 3753 per
699 3666 846 3738 edietum
862 3670 992 3746 citetur,
1011 3667 1207 3754 affigendum

59 3847 61 3854 .
89 3786 153 3853 erit
168 3768 318 3853 edietum
338 3783 466 3852 illudio
489 3785 596 3871 aliquo
609 3786 684 3852 loco
697 3784 841 3870 publico,
860 3778 955 3851 verbi
974 3786 1087 3870 gratia,
1104 3785 1207 3852 valvis

88 3901 252 3979 Ecclesiae,
268 3901 322 3969 rel
336 3901 412 3968 alibi
428 3900 521 3986 juxta
540 3901 673 3986 stylum,
695 3898 793 3979 idest,
812 3897 1081 3967 consuetudinem
1096 3901 1206 3966 unius·

88 4017 247 4103 ouJ'usque
264 4017 454 4102 episcopalis
471 4018 579 4090 curie,
601 4016 633 4082 Si
648 4015 705 4084 fiat
723 4019 834 4084 citatio
850 4037 911 4104 per
929 4035 1124 4104 praeconem,
1144 4015 1203 4083 de·

87 4132 145 4203 bet
162 4151 271 4218 proeoo
293 4132 487 4200 mundatum
500 4131 710 4216 comparendi
731 4133 796 4200 alta
813 4151 893 4200 voce
916 4134 1027 4218 legere
1046 4135 1080 4198 in
1093 4133 1203 4217 aliquo

85 4250 171 4330 loco,
188 4249 247 4316 ubi
262 4247 370 4316 adstet
385 4249 537 4334 populns.
556 4251 669 4316 Potest
682 4258 792 4317 autem
806 4251 841 4315 in
855 4267 1038 4335 praeoonem
1050 4246 1207 4332 deputari

86 4385 172 4432 unus
179 4385 221 4432 ex
230 4365 351 4432 nuntiis
360 4364 548 4450 episcopalis
555 4367 652 4432 ouriae
663 4366 730 4454 (qtti
739 4367 852 4451 gallice
864 4374 1023 4433 vocantur
1032 4361 1200 4448 luissiers).

130 4483 236 4550 Porro
254 4500 460 4569 quocumque
476 4479 572 4548 modo
596 4479 652 4550 liat
670 4482 792 4561 citatio,
809 4480 909 4552 debet
929 4489 981 4550 ter
1000 4481 1084 4560 fieri,
1103 4481 1206 4548 inter-
