2948 5126
426 385 429 390 ·
494 378 572 452 enas
595 377 752 427 secunus,
1138 361 1180 427 65

92 513 181 570 autem
196 503 313 570 dicitur
326 507 433 582 subito,
449 523 512 569 non
528 511 578 569 est
593 499 842 587 intelligendum
857 505 948 588 quasi
963 511 1035 588 post
1050 501 1183 589 aliquod

90 629 198 705 tempus
221 620 356 705 procedi
377 623 495 705 possit,
519 621 607 686 nulla
629 621 736 686 adhuc
757 630 870 686 exorta
892 621 1022 686 infamia
1037 641 1044 705 ;
1062 619 1122 686 sed
1144 599 1184 686 ea

89 739 233 803 roridem
249 738 294 804 lbi
310 745 402 806 sonat
421 758 459 804 ao
475 739 716 822 praecipitanter
736 757 795 803 seu
813 738 1068 821 inconsiderate3
1085 745 1183 822 prout

91 855 291 934 constatior
311 861 439 920 tantum
462 875 502 920 ex
525 855 707 932 canonistis,
726 856 782 939 qui
804 856 848 919 ita
864 849 1078 920 communiter
1092 854 1185 919 intel-

90 973 240 1058 leremnt3
254 973 313 1040 sed
326 993 366 1038 ex
377 973 446 1057 ipsa
456 973 555 1038 etiam
565 971 695 1037 rubrica
705 971 779 1038 huic
792 971 889 1056 capiti
904 971 1045 1055 praelixa,
1061 990 1131 1056 qum
1143 970 1188 1036 sio

91 1089 173 1156 habet
190 1113 197 1156 τ
214 1095 253 1156 dc
269 1097 397 1154 ueritate
407 1095 568 1153 criminum
585 1111 644 1154 uou
659 1095 836 1171 inquiritur,
853 1095 915 1153 uisi
921 1096 1011 1172 prius
1025 1097 1137 1152 constet
1151 1091 1188 1151 de

13 1185 14 1190 ἵ
90 1211 211 1287 iuiarniu
237 1206 333 1272 Unde
356 1207 461 1290 glossa
484 1206 700 1289 supracitata
726 1204 767 1270 ad
788 1225 841 1271 eas
863 1224 976 1285 voces,
997 1215 1058 1271 uisi
1075 1211 1188 1288 famum

92 1327 172 1403 ipsius
184 1327 357 1388 taesomesse
370 1329 525 1403 noveritis,
544 1321 600 1399 sio,
618 1319 753 1414 adnotat
772 1344 779 1385 :
803 1349 815 1375 ιι
835 1321 902 1386 Hoc
917 1320 991 1388 ideo
1007 1323 1096 1402 dicit,
1114 1325 1189 1409 quia

93 1461 105 1496 a
120 1445 242 1505 nonest
258 1437 505 1522 procedendum
519 1436 560 1502 ad
574 1436 814 1520 inquisitionem
829 1445 942 1504 contra
957 1437 1113 1523 aliquem,
1128 1439 1191 1504 nisi

87 1577 104 1622 .«
120 1563 225 1620 contra
241 1554 445 1619 infamatum.
466 1577 481 1613 a

125 1669 213 1734 Idem
227 1675 353 1734 constat
369 1689 409 1737 ex
429 1670 535 1752 capite
551 1673 714 1750 Postquam
730 1671 774 1757 (l,
795 1671 845 1734 tit.
863 1673 893 1748 l,
914 1667 991 1735 libri
1005 1673 1034 1748 5,
1052 1673 1086 1735 in
1100 1669 1145 1756 6),
1160 1674 1193 1736 in

90 1801 145 1866 quo
166 1787 274 1870 agitur
296 1785 338 1850 de
361 1805 431 1862 reo,
449 1786 505 1870 qui
523 1785 558 1848 in
580 1803 733 1867 processu
758 1785 960 1869 inquisitorio
979 1787 1112 1852 crimina
1137 1807 1193 1852 sua

91 1901 244 1966 comesses
265 1909 325 1978 est,
347 1908 382 1966 et
396 1908 509 1985 postea
528 1901 639 1966 valere
656 1919 843 1984 processum
858 1909 966 1985 negat,
981 1903 1041 1967 sub
1057 1923 1097 1968 eo
1111 1921 1193 1986 prae-

89 2021 172 2082 textu
200 2017 290 2103 quod
314 2016 356 2082 de
374 2018 414 2082 iis
437 2016 624 2082 criminibus
643 2037 708 2082 non
729 2016 831 2083 fuerit
849 2017 1031 2085 infamatus.
1058 2021 1107 2085 De
1131 2039 1196 2106 quo

89 2130 263 2198 Bonifatius
269 2133 363 2197 VIII:
381 2137 544 2213 Postquam
558 2153 657 2196 corum
667 2154 711 2214 eo,
722 2141 775 2215 qui
786 2142 890 2198 contro
906 2141 934 2198 tc
945 2143 1197 2218 supercertiscri·

90 2253 212 2313 uiuidus
226 2255 387 2330 inquisitor
400 2252 502 2330 suerat
516 2250 695 2331 deputatus,
714 2253 816 2314 eodem
830 2256 959 2314 crimino
977 2255 1066 2333 suisti
1087 2257 1197 2335 coufes-

89 2383 149 2446 sus,
173 2371 292 2447 frustra
310 2369 520 2447 confessionem
537 2373 618 2428 tuucu
636 2365 803 2452 (wenricus
816 2346 958 2448 puniaris
982 2389 1021 2460 cco
1035 2389 1088 2450 cu,
1104 2377 1198 2452 prout

83 2485 201 2561 puritia
229 2480 378 2566 suadebit)
404 2503 437 2544 eo
446 2489 601 2563 proiectu
625 2489 803 2565 impugnare
823 2487 996 2565 contendis,
1015 2488 1093 2566 quod
1111 2505 1199 2568 super

90 2602 193 2662 eisdem
206 2600 382 2662 criminibus
392 2617 451 2660 nou
464 2600 566 2678 merus
581 2605 669 2661 autea
685 2601 874 2679 diffamatus.
892 2601 940 2664 Ex
959 2618 1023 2684 quo
1040 2606 1134 2664 textu
1154 2601 1199 2665 sio

24 2691 26 2696 ⁵
90 2717 176 2798 argui
190 2715 267 2780 lloet
286 2733 293 2777 :
311 2719 491 2796 praetertus
502 2717 580 2794 quod
593 2715 722 2794 infamio
739 2733 799 2778 nou
816 2722 1011 2798 precesserit,
1030 2714 1106 2782 ideo
1125 2715 1197 2801 reji-

92 2830 181 2908 citur,
202 2831 275 2914 quia
296 2849 374 2894 reus
392 2830 425 2893 in
441 2828 564 2914 judIcio
580 2831 703 2894 crimen
724 2830 889 2896 confessus
912 2838 972 2896 est.
1000 2833 1085 2917 lirgo
1107 2839 1201 2899 extra

92 2943 172 3010 hunc
190 2965 301 3011 casum
320 2945 381 3010 Rei
404 2948 526 3011 crimen
554 2945 749 3025 confitentis
768 2945 875 3012 valide
896 2947 1079 3032 impugnari
1093 2957 1202 3033 potest

93 3079 257 3142 processus
273 3081 315 3127 ex
331 3081 369 3126 ea
387 3060 453 3126 sola
468 3061 669 3146 allegatione,
691 3061 781 3148 quod
802 3063 932 3130 infamia
946 3085 1011 3130 non
1027 3045 1201 3149 praecesse-

93 3175 143 3240 rit.
160 3179 243 3262 Ergo
262 3183 376 3260 aperte
395 3176 547 3258 supponit
562 3174 629 3240 haee
650 3175 825 3242 decretalis
845 3181 972 3261 previas
990 3179 1128 3246 infamiae
1145 3202 1202 3248 ne·
1311 3171 1314 3179 ’

95 3295 282 3371 cessitatem,
300 3301 338 3358 ut
347 3293 449 3376 possit
459 3299 571 3357 eontm
582 3293 723 3377 aliquem
735 3293 934 3377 inquisitorie
946 3295 1092 3380 procedi.
1107 3298 1202 3379 Quod

96 3406 173 3474 adeo
187 3415 289 3494 patet,
306 3417 344 3474 ut
368 3409 472 3492 glossa
491 3407 611 3474 dixerit
633 3427 705 3473 eam
720 3404 949 3475 deductionem
964 3431 1034 3476 esse
1046 3421 1204 3498 priucipa-

97 3526 152 3587 icm
178 3527 270 3612 hujus
295 3523 468 3590 decretalis
486 3529 621 3606 effectetur
636 3544 647 3588 .·
676 3525 795 3591 «Nota
819 3525 968 3593 effectum
993 3529 1215 3616 principalem

13 3641 14 3652 ’
102 3640 223 3726 «hujus
236 3642 351 3725 eapitis
367 3659 374 3704 ε
393 3639 480 3725 quod
491 3638 594 3724 judex
614 3659 679 3705 non
699 3638 801 3706 debet
819 3649 931 3707 contra
945 3643 1086 3729 aliquem
1099 3621 1205 3732 inqui·

103 3775 213 3837 «rere,
238 3759 302 3822 nisi
326 3759 367 3822 sit
389 3756 432 3821 de
456 3759 591 3822 crimine
613 3754 812 3842 diffamatus3
836 3766 871 3823 et
889 3766 999 3842 potest
1021 3763 1076 3828 ille
1093 3775 1206 3833 contra

103 3903 117 3927 κ
134 3891 227 3959 quem
245 3875 424 3958 inquiritur
441 3873 580 3957 allegare
596 3880 629 3938 et
644 3851 839 3957 proponere,
856 3874 944 3959 quod
958 3897 1023 3942 non
1047 3863 1098 3945 est
1120 3881 1208 3949 dilia-

107 4018 121 4043 «
137 3997 248 4056 matus.
263 4020 277 4044 »
300 3990 401 4076 (Folio
419 3991 492 4066 126,
516 3988 643 4054 editore
660 3987 788 4066 Fradin,
806 3989 957 4073 Lugduni
973 3993 1084 4080 1435.)

145 4103 235 4170 Idem
256 4111 382 4171 constat
404 4123 444 4169 ex
466 4104 623 4170 decretali
637 4107 672 4170 Si
685 4111 712 4167 is
726 4105 768 4191 (2,
790 4105 841 4170 tit.
863 4108 892 4185 i,
915 4107 973 4173 lib.
1001 4111 1031 4189 5,
1052 4081 1086 4174 in
1107 4111 1152 4198 6),
1174 4117 1208 4182 in

103 4239 169 4305 qua
188 4222 231 4286 sio
252 4223 365 4287 statuit
385 4221 569 4287 Bonifaoius
583 4221 683 4286 VIII:
705 4225 741 4286 Si
758 4229 795 4302 is,
813 4228 863 4286 cui
883 4199 987 4288 contra
1006 4232 1034 4288 tc
1052 4233 1210 4316 'commissa

105 4339 199 4414 perri
216 4339 397 4421 simpliciter*
407 4339 668 4420 rapiurroscper
681 4317 771 4401 carra
785 4340 961 4402 morarius
973 4312 1123 4424 suranco,
1138 4365 1213 4427 pro-

105 4459 225 4518 cesserit
240 4453 282 4542 (tc
290 4459 447 4538 praesenti,
463 4455 716 4556 mereatomcutc,
728 4432 950 4538 rucquicquom
964 4459 1117 4540 superduc
1130 4466 1213 4524 cccci·

220 4567 250 4625 ll.
1093 4571 1112 4628 t
