2836 5118
439 359 457 376 „
505 341 583 388 raas
604 341 764 390 maanus.
835 379 838 384 .
1133 331 1202 394 269,

95 489 108 526 a
117 464 224 550 jadias
243 467 286 530 ad
308 483 408 547 poem,
428 464 456 528 si
476 461 574 548 hujus
598 463 691 546 eopia
709 463 953 550 baberi'po'ssit.
974 463 1007 530 Si
1032 467 1201 530 nerones

93 577 215 664 rhujus
241 579 335 662 nomn
361 577 477 644 haberi
497 583 632 661 potem,
665 578 825 662 appellari
848 586 958 662 potest
987 598 1097 644 eoram
1119 576 1198 644 viris

92 695 275 778 «honestis3
295 695 349 762 rel
363 697 460 760 etiam
473 713 538 760 uno
553 696 707 772 honesto,
729 694 883 762 adhibitis
896 695 1055 780 testibus3
1074 695 1127 761 rel
1145 713 1196 760 eo·

92 839 102 870 a
118 831 186 876 ram
203 812 345 889 notario,
364 811 435 896 qui,
452 810 593 878 testibus
613 811 782 890 adhibitis,
803 811 955 878 eonfioiet
970 829 1072 896 super
1088 829 1129 877 eo
1148 810 1199 875 in·

90 933 344 1010 estrumentum,
361 925 451 1013 qnod
468 927 622 992 nimirum
640 945 750 993 aorem
769 928 839 1010 ipso
862 927 1062 1010 appellatum
1080 925 1192 1002 fuerit,

89 1043 160 1108 ain·
176 1043 350 1128 presentia
374 1043 487 1108 talium
512 1043 657 1108 testium.
686 1042 829 1108 Samitur
850 1062 891 1108 ex
918 1061 1040 1108 canone
1064 1045 1199 1106 Biduum

89 1159 184 1244 «(29,
212 1177 316 1224 aausae
340 1161 373 1236 2,
391 1177 430 1244 ¹q.
452 1156 499 1241 6),
520 1154 555 1224 ei
570 1158 691 1241 tegerse
714 1161 834 1240 quidem
856 1158 922 1244 (10,
946 1157 981 1224 ff.
1000 1160 1127 1238 Quaado
1142 1177 1199 1239 ap-

89 1271 285 1358 opellam).
431 1293 434 1296 '
528 1297 531 1302 ·
746 1303 748 1310 ’

129 1413 144 1449 a
162 1390 227 1454 Ubi
240 1397 350 1455 tamen
359 1387 433 1455 dno
442 1396 517 1454 snut
532 1387 736 1454 advertenda
753 1410 760 1454 :
781 1409 874 1453 onam
896 1395 963 1466 est,
981 1395 1017 1453 ut
1042 1389 1070 1452 si
1084 1387 1198 1471 appel·
1273 1443 1288 1482 Ι.

90 1505 195 1571 elatio
217 1505 276 1570 fiat
298 1505 332 1570 in
352 1505 499 1571 absentia
512 1503 630 1590 judicis
648 1527 668 1568 a
685 1525 753 1587 pao,
774 1505 842 1570 hae
860 1513 974 1590 postea
990 1503 1099 1572 eidem
1122 1505 1200 1570 inti·

90 1646 102 1679 a
119 1628 244 1704 metur;
258 1621 319 1685 nisi
328 1621 383 1686 vel
396 1619 525 1687 aliunde
533 1620 599 1705 jam
607 1622 720 1687 notitia
732 1621 819 1686 illius
830 1621 984 1704 adipsum
995 1620 1195 1705 pervenerit,

88 1753 103 1796 a
118 1736 173 1802 vel
185 1736 270 1802 idem
285 1743 393 1802 metas
415 1738 470 1821 qui
492 1736 668 1804 excusabat
686 1737 728 1802 ab
741 1738 992 1822 interpositione
1008 1735 1201 1820 appellatio¹

88 1853 167 1916 anis
189 1866 299 1918 eoram
320 1851 480 1936 ejusmodi
499 1850 627 1936 judice,
654 1853 754 1918 etiam
780 1860 917 1920 exouset
936 1852 978 1919 ab
999 1853 1201 1918 intimatione

89 1989 103 2026 a
119 1973 226 2034 eoram
237 1965 525 2033 eodemfaoienda.
537 1969 684 2048 Alteram,
697 1976 747 2045 ut,
764 1987 842 2034 essu
853 1986 1003 2053 quopars
1016 1967 1201 2051 appellare·

88 2101 102 2139 a
119 2083 163 2147 rit
173 2081 216 2168 (in
226 2081 373 2148 absentia
384 2083 554 2166 utriusque
562 2079 690 2166 judicis)
708 2101 818 2148 eoram
833 2083 972 2160 notario,
989 2083 1043 2148 ael
1053 2081 1114 2148 alio
1129 2082 1204 2148 vird

10 2253 12 2292 3
88 2219 103 2256 a
119 2195 266 2274 honesto,
278 2215 386 2266 eoram
396 2195 512 2262 iisdem
526 2205 740 2280 protestetur,
754 2196 843 2282 qnod
853 2193 961 2263 eoram
973 2193 1082 2283 judice
1095 2215 1116 2260 a
1128 2213 1205 2279 pamn

89 2335 110 2370 a.
121 2308 176 2377 uel
187 2316 229 2376 oct
239 2331 329 2394 pam
344 2312 554 2395 appellasset,
573 2312 600 2376 si
616 2312 807 2382 alterutrius
825 2313 935 2396 eopia,
952 2329 1012 2378 seu
1027 2311 1204 2396 presentia

10 2481 13 2488 .
89 2426 286 2493 acommoda
305 2425 420 2492 haberi
438 2427 608 2510 potuisset.
622 2449 638 2488 a
666 2424 982 2514 (Sabmalzgrueber,
1005 2427 1118 2492 intit.
1142 2429 1201 2505 28,
1240 2423 1243 2431 “

86 2540 348 2622 libriadecret„
364 2563 398 2606 u.
415 2540 485 2625 43.)

127 2655 159 2716 3ο
174 2650 262 2732 Quid
276 2648 440 2734 agendum
459 2669 535 2714 casu
550 2666 615 2733 quo
629 2651 834 2730 sententiam,
852 2671 870 2716 a
886 2670 950 2736 qua
965 2656 1196 2740 appellandum

10 2831 12 2854 χῖ
88 2773 147 2844 est,
169 2786 235 2832 non
251 2785 352 2844 unus,
373 2765 433 2830 sed
449 2765 560 2848 plures
575 2763 701 2851 judiees
714 2766 878 2833 tulerint?
890 2805 934 2817 —
953 2795 969 2832 α
980 2773 1195 2856 Respondeat

90 2903 104 2941 a
118 2889 192 2947 tuno
202 2901 313 2948 eorem
325 2881 475 2948 omnibus
486 2881 581 2948 simul
592 2883 796 2966 congregatis
806 2884 982 2967 appellatio
997 2884 1067 2954 lieri
1079 2887 1191 2955 debet.

91 2997 147 3062 «Si
162 3016 243 3064 vero
267 2996 412 3062 omnium
433 2995 524 3078 copie
539 2995 760 3062 simulhaberi
780 2995 874 3064 fenile
896 3002 1020 3085 nequit,
1039 3004 1198 3088 appellari

91 3123 226 3198 «potest
244 3125 354 3180 eoram
376 3113 509 3196 singulis
527 3091 718 3196 seperatim,
747 3109 802 3180 tel
824 3134 933 3182 eoram
959 3117 1080 3203 maiore
1103 3119 1196 3204 parte

10 3293 11 3300 ,
92 3252 109 3290 r
123 3249 255 3314 eoram3
272 3237 308 3295 et
323 3236 404 3310 tuno.
413 3227 543 3294 ‘valebit
556 3229 742 3312 appellatio,
764 3237 805 3294 'ao
820 3231 970 3297 siceram
984 3234 1133 3302 omnibus
1144 3235 1205 3322 tus„

92 3346 243 3414 «dinibus
259 3341 476 3429 praesentibus
489 3342 605 3408 fuisset
620 3343 820 3426 appellatum
849 3345 1055 3430 (clementina
1068 3354 1104 3416 St
1117 3369 1137 3414 a
1143 3357 1202 3434 jos

93 3465 280 3538 adhibes-l,
297 3463 335 3524 ala
349 3455 632 3543 appellationibus).
651 3458 745 3524 Ratio
759 3467 811 3525 est
825 3461 901 3545 quia
920 3463 995 3528 alias
1023 3468 1109 3548 sape
1130 3462 1201 3534 uon*

92 3585 224 3662 «posset
238 3575 499 3660 lieriappallatio
515 3573 602 3638 intra
621 3576 663 3638 10*
673 3572 771 3640 diesa
783 3574 857 3659 jure
872 3596 1081 3646 concessos...
1099 3565 1199 3663 Quod·
1235 3635 1242 3648 .

10 3671 11 3674 ¹
94 3715 108 3753 a
122 3694 152 3758 si'
161 3693 293 3778 majoris
306 3692 408 3776 partis
419 3688 566 3775 judicum
576 3691 749 3773 ‘presentia
762 3688 879 3758 baberi
894 3702 1046 3782 nequeat,
1061 3696 1199 3764 sufficiet

94 3809 283 3893 «appellare
299 3825 406 3872 eoram
418 3826 473 3883 eo,
494 3805 550 3871 vel
567 3805 627 3882 iis,
644 3803 738 3889 eujus
753 3806 807 3872 val
820 3823 960 3890 quorum
975 3812 1067 3896 eopia
1085 3812 1199 3879 haberi

94 3921 236 3998 «potest.
254 3915 289 3980 Si
300 3913 460 3980 nullusex
472 3912 519 3978 eis
533 3929 676 3996 praesens
687 3911 826 3995 reperiri
839 3915 951 3996 possit,
966 3918 1200 4000 appellandum·

95 4031 182 4096 aerit
199 4047 309 4098 eoram
326 4026 435 4114 judice
449 4030 491 4092 od
504 4045 600 4109 paam.
626 4026 659 4090 Si
680 4043 759 4090 vero
781 4039 889 4113 neque
910 4029 1002 4098 istius
1018 4036 1117 4118 possit
1143 4034 1200 4100 ha-

96 4141 187 4213 «hert
201 4145 305 4240 eopia,
324 4141 544 4227 appellabitur
561 4157 671 4214 coram
685 4137 830 4205 honestis
846 4147 1003 4226 personis,
1022 4155 1060 4212 ut
1071 4146 1196 4213 dietum

97 4266 181 4330 sest,
296 4340 298 4344 Ι
431 4289 433 4294 ·
1127 4320 1148 4346 a

106 4417 110 4430 2
135 4377 281 4446 «Coram
298 4381 632 4464 quonamqueautem
654 4379 830 4463 appellatio
853 4379 940 4446 iacta
961 4379 1201 4458 sit,1intimari=
