2878 5114
251 316 314 378 tot
590 331 777 380 amerinus
799 335 843 380 nn
864 331 1001 380 runicus

248 460 422 538 Episcopus,
445 457 639 520 reparandum
659 459 812 522 domiuum
844 463 967 536 Titium,
989 459 1118 522 molano
1153 466 1252 524 suncti
1279 465 1361 524 Petri

224 554 226 559 ¹
249 575 354 655 oppidi
365 577 435 638 Ν...
449 573 622 654 parociam,
645 578 678 636 io
698 592 789 636 oooao
810 577 965 638 criminali
977 578 1105 638 loconis
1123 579 1291 658 Sempronii
1302 595 1362 659 pro

249 691 535 771 dormitantium
549 691 740 770 injodioem:
757 696 922 772 inquorum
934 691 1066 769 fidem...
1081 693 1187 769 die...,
1199 697 1357 769 merram,
1425 723 1426 784 3

249 811 366 870 antii...
391 829 405 864 n

295 921 403 988 Debet
418 930 527 988 autom
547 923 720 1000 actuarius,
739 924 829 990 initio
848 933 992 1002 actuum,
1020 924 1222 990 mentionem
1248 923 1292 990 de
1310 923 1363 990 hac

250 1036 482 1121 legitimatione
498 1035 619 1118 locere,
640 1037 682 1104 de
700 1057 766 1123 quo
780 1038 953 1106 formulam
972 1039 1057 1107 inira
1071 1039 1233 1125 ponimus.

711 1323 844 1390 CAPUT
866 1326 907 1390 ll.

585 1595 697 1642 EORMA
719 1594 862 1643 caunum
885 1593 1030 1644 nortun.

300 1865 329 1926 i.
355 1864 403 1931 Ex
418 1861 524 1946 capite
540 1867 688 1943 Quoniam
710 1862 757 1949 (do
774 1858 914 1945 Probat.)
931 1870 964 1928 et
987 1862 1093 1946 capite
1112 1865 1153 1927 Ut
1175 1863 1305 1944 officium
1321 1863 1362 1948 (de

251 1975 392 2060 Horat),
411 1976 536 2043 debent
556 1978 657 2044 scribi
678 1985 752 2043 acta
771 1977 946 2064 judicialia,
965 1979 1019 2043 vel
1040 1999 1058 2044 a
1078 1979 1207 2045 notario
1224 1978 1359 2063 publico,

251 2095 306 2158 vel
324 2113 342 2160 a
357 2094 485 2160 dnobus
506 2095 583 2160 viris
597 2093 733 2160 idoneis.
759 2095 834 2172 Sed,
862 2103 961 2179 prout
980 2103 1073 2161 notat
1097 2095 1310 2162 Reiffenstuel
1326 2095 1362 2181 (in

251 2209 382 2275 titulum
405 2211 522 2288 l,libri
540 2215 559 2275 5
580 2210 721 2289 decret,
743 2233 777 2277 u.
796 2209 872 2294 344)
895 2211 962 2278 duo
979 2213 1027 2276 illi
1048 2211 1158 2277 idonei
1178 2213 1359 2296 scriptores,

250 2345 315 2390 non
327 2329 464 2412 amplius
477 2336 553 2393 sunt
567 2331 600 2393 in
613 2348 685 2394 usu.
708 2329 845 2396 Omnino
860 2349 938 2414 ergo
952 2331 1133 2416 requiritur
1147 2332 1296 2397 notarius
1310 2350 1361 2414 pn-

251 2442 376 2528 hlicus3
395 2444 536 2530 alioquin
550 2453 620 2511 acta
641 2464 703 2510 neo
722 2452 831 2512 essent
845 2446 1045 2525 authentica,
1063 2466 1125 2513 neo
1146 2447 1314 2531 publicam
1327 2446 1360 2510 fi-

251 2558 327 2626 dem
352 2560 515 2645 faoerent;
534 2569 568 2628 et
595 2568 703 2628 totum
729 2561 867 2646 proinde
887 2561 1045 2646 judicium
1075 2583 1117 2628 ex
1148 2563 1209 2629 hoo
1229 2563 1359 2630 deiectu

250 2676 400 2748 nullitate
418 2676 595 2744 laboraret.
613 2678 717 2761 Igitur
734 2679 761 2742 si
786 2678 895 2742 nullus
919 2675 1005 2742 adsit
1030 2679 1176 2743 notarius
1195 2679 1356 2761 publicus,

250 2793 307 2876 qui
321 2792 355 2856 in
364 2794 543 2858 actuarium
558 2792 711 2876 deputari
726 2795 836 2877 possit,
853 2793 955 2859 dehet
973 2794 1087 2880 aliquis
1102 2795 1217 2860 creari.

295 2911 327 2973 2.
354 2908 434 2973 Cum
448 2915 485 2973 ut
500 2910 643 2974 suoloco
655 2910 759 2995 (purte
775 2911 807 2986 2,
825 2917 905 2975 sect.
918 2912 950 2987 2,
962 2928 1033 2992 cap.
1055 2911 1107 2988 15,
1126 2915 1142 2988 5
1163 2907 1194 2994 5)
1211 2908 1356 2986 diximus,

251 3026 338 3091 solus
352 3044 524 3109 supremus
537 3026 696 3110 Princeps
710 3026 852 3091 notarios
866 3043 979 3093 creare
994 3025 1112 3104 valeat,
1122 3032 1156 3091 et
1171 3033 1358 3109 potestaten

250 3143 332 3210 hono
344 3144 494 3228 Episcopi
507 3162 571 3209 nou
583 3143 724 3209 habeant
739 3143 799 3208 nisi
812 3161 853 3208 ex
864 3142 1019 3226 generali,
1043 3160 1114 3226 qnae
1128 3143 1275 3222 invaluit,
1290 3162 1358 3208 con-

251 3258 435 3338 suetudine,
456 3259 604 3346 sequntur
622 3258 746 3326 dehere
770 3259 964 3344 Episcopum
986 3259 1130 3324 notarios
1151 3261 1357 3345 perseipsum

251 3394 376 3455 oreore,
391 3396 455 3442 non
471 3385 581 3442 autem
597 3376 679 3442 hano
694 3375 893 3458 provinciam
909 3375 1036 3441 Vicario
1052 3375 1275 3459 generalium
1298 3375 1357 3440 aliis

246 3494 466 3559 committere.
1022 3502 1026 3510 ·

296 3613 328 3675 3.
350 3609 464 3676 Potest
488 3617 597 3676 autem
614 3609 793 3692 Episcopus
807 3608 947 3692 aliquem
970 3608 1004 3672 in
1020 3607 1183 3674 notarium
1199 3607 1355 3695 publicum

252 3743 376 3803 creare,
394 3727 448 3791 vel
462 3725 505 3792 ad
516 3726 643 3795 unicam
658 3724 829 3790 dumtaxat
844 3743 973 3790 causam
983 3723 1244 3802 determinatam,
1256 3725 1310 3790 vel
1319 3720 1355 3786 ad

251 3855 364 3904 omnes
376 3839 572 3921 moerentes
585 3856 708 3918 canoas,
726 3845 760 3904 et
774 3836 879 3903 donec
893 3843 1082 3904 revocetur.

295 3955 423 4020 altem
434 3961 543 4038 potest
553 3956 731 4038 Episcopus
740 3953 938 4020 creationem
947 3951 1108 4038 ejusmodi
1119 3952 1295 4032 focerc,rcl
1303 3968 1353 4035 per

249 4078 402 4154 patentes
425 4071 562 4148 litterae,
582 4071 636 4137 vel
650 4071 725 4136 vivo
738 4087 820 4136 voce
837 4069 1053 4152 presentibus
1069 4067 1198 4138 duobus
1212 4066 1349 4138 testibus.

298 4189 328 4251 5.
353 4188 579 4253 iuramentum
594 4187 682 4272 qnod
691 4187 838 4255 notorius
854 4194 1010 4269 praestare
1023 4185 1135 4265 debet,
1154 4205 1219 4256 non
1232 4190 1351 4252 tenetur

251 4302 428 4386 Episcopus
439 4321 500 4386 per
519 4304 660 4389 seipsum
676 4303 840 4386 recipere;
860 4300 919 4368 sed
942 4308 1051 4385 potest
1070 4303 1196 4370 Vicorio
1221 4295 1349 4386 generali

254 4419 305 4484 vel
318 4419 371 4486 alii
380 4418 591 4496 demandare,
606 4428 643 4484 ut
657 4419 738 4486 illud
750 4419 894 4504 recipiat.
