2848 5118
470 449 549 497 runs
572 447 729 497 sncnnnn.
1073 428 1131 488 nrt

49 574 131 644 iubet
142 575 201 639 boe
215 575 287 658 ipso
300 575 353 660 jus
375 572 579 657 proponendi
599 574 767 657 articulos,
790 571 949 657 siquidem
964 568 1139 652 positiones

49 689 81 754 ub
94 688 271 756 edversario
287 698 413 773 negate
429 687 575 755 evadunt
589 689 652 756 boo
670 686 739 774 ipso
758 687 897 765 articuli,
916 703 977 769 per
989 687 1091 749 testes
1104 687 1140 746 et

48 804 242 872 instrumente
258 804 429 889 probandi.

84 923 134 987 Jns
144 931 252 989 nutem
268 922 330 989 hae
346 924 522 1008 positiones
535 929 570 988 et
584 919 739 988 articulos
750 917 860 996 dandi,
878 917 1001 984 debere
1013 916 1047 981 in
1060 911 1143 1001 judi·

49 1040 90 1104 cio
106 1040 187 1106 ciuili
203 1061 274 1106 esse
285 1042 500 1124 reciprocum,
523 1040 592 1123 ipso
612 1039 719 1104 innuit
736 1036 892 1103 naturalis
908 1035 1062 1119 aequitns:
1080 1051 1145 1096 non

50 1157 138 1223 minus
149 1158 236 1224 enim
248 1177 306 1224 reo
318 1175 415 1242 quom
428 1157 532 1224 actori
548 1154 693 1241 expedit,
714 1162 752 1220 ut
766 1173 866 1238 super
877 1150 975 1218 certis
986 1149 1145 1235 capitibus

50 1272 255 1358 interrogetur
270 1273 492 1356 edversarius3
511 1277 548 1336 ut
570 1272 615 1336 sio
636 1270 798 1336 liberetur
811 1268 853 1335 ab
869 1287 968 1353 onere
988 1263 1148 1351 probandi

51 1406 82 1452 ea
94 1391 205 1468 omnin,
225 1411 298 1476 quae
314 1397 406 1459 octor
423 1389 589 1456 confessus
607 1387 719 1452 fuerit.

87 1505 411 1574 Puerosmtolll¹.-
420 1510 459 1571 In
469 1525 609 1589 processu
620 1507 789 1592 criminali,
805 1509 833 1567 si
842 1505 1023 1586 procedatur
1034 1520 1150 1564 accuso·

53 1628 130 1686 tionis
144 1630 207 1702 uio,
227 1627 349 1688 videtur
368 1643 457 1706 posse
480 1625 614 1705 capitula
639 1625 711 1685 dori
723 1623 762 1683 ab
780 1628 906 1701 utroque
920 1627 1029 1702 porte,·
1043 1624 1071 1680 si
1084 1638 1153 1681 cero

49 1743 215 1818 procedatur
239 1745 447 1821 inquisitionis
462 1744 525 1819 vta,
545 1741 660 1802 debebit
670 1744 825 1819 promotor
845 1738 919 1798 dore
936 1737 1081 1817 capitulo,
1102 1735 1154 1798 sed

52 1858 199 1936 iuqmsdus
219 1858 423 1920 concidetur
449 1857 522 1918 dere
541 1875 628 1936 posse
651 1859 713 1917 nisi
734 1854 880 1916 articulos
894 1853 1086 1932 defensorios.
1110 1884 1156 1896 —

54 1967 122 2036 Rem
136 1992 200 2038 non
220 1972 353 2055 reperio
371 1969 460 2056 opud
477 1979 626 2036 auctores
644 1968 837 2052 discussam;
858 1965 916 2034 sed
929 1966 1093 2033 conclusio
1107 1966 1156 2030 vi-

56 2083 141 2153 detur
159 2089 254 2174 sequi
272 2109 313 2154 ex
330 2088 405 2172 'ipse
427 2093 546 2152 notura
565 2087 734 2170 utriusque
754 2103 943 2168 processus,
968 2084 1159 2149 aecusatorii

56 2219 160 2288 nempe
178 2213 214 2271 et
228 2204 432 2290 inquisitori.
452 2203 533 2269 Num
551 2201 680 2288 quando
695 2201 872 2267 intervenit
892 2207 1071 2279 accusator,
1087 2217 1160 2265 oum

55 2314 116 2382 beri
129 2320 230 2404 possit
242 2326 281 2384 ut
297 2321 526 2398 calumnietur,
543 2327 577 2384 et
592 2327 762 2385 necosntus
776 2318 811 2385 id
825 2338 866 2385 ex
885 2319 982 2384 certis
1002 2314 1162 2401 eopittbus

57 2437 183 2512 probare
203 2455 299 2520 posse
314 2445 437 2520 speret,
460 2434 562 2501 debet
586 2435 663 2500 huic
688 2435 829 2502 liberum
846 2454 916 2500 esse
931 2455 969 2500 en
983 2436 1088 2518 eapite
1104 2453 1165 2517 per

56 2553 174 2620 modum
191 2554 390 2638 positionum
403 2571 598 2638 proponere,
616 2560 654 2618 ut
673 2549 826 2617 videntur
840 2549 922 2636 quid
937 2559 1106 2621 accusator
1120 2549 1163 2615 ad

56 2665 167 2750 singula
182 2666 395 2753 respondent,
413 2673 448 2732 et
463 2665 819 2752 quaennmconiiteatur
833 2674 890 2732 out
901 2673 1008 2750 neget.
1027 2666 1073 2730 tt·
1084 2683 1164 2730 uero

10 2805 16 2816 ·
57 2783 173 2865 quondo
198 2782 348 2868 procedit
366 2782 469 2868 judex
490 2783 704 2868 inquisitionis
719 2784 782 2860 vic,
800 2802 857 2848 seu
876 2801 1028 2848 ermeno
1046 2778 1159 2860 officie,

58 2910 216 2968 ceeusntor
235 2920 295 2966 seu
312 2919 388 2984 pars
406 2899 544 2966 adverso
563 2907 718 2966 censetur
732 2919 802 2966 esse
827 2900 913 2965 somn
932 2899 1072 2988 publico,
1092 2917 1163 2985 qun

57 3013 241 3102 interrogari
257 3025 292 3082 et
304 3015 507 3099 respondere
527 3018 659 3100 nequit;
677 3014 765 3080 unde
784 3023 863 3081 tunc
875 3015 967 3080 loeus
980 3012 1164 3102 nonfdntur

57 3132 258 3211 positionibus
278 3151 320 3197 ex
342 3140 436 3215 parte
451 3131 605 3196 neeusoti.
627 3133 665 3196 Iu
682 3150 835 3214 processu
860 3151 939 3216 ergo
963 3132 1163 3219 inquisitorio

58 3242 167 3313 debent
182 3245 320 3333 quidem
338 3245 410 3311 duri
424 3265 443 3312 a
459 3241 644 3330 promotore
660 3245 773 3325 fiscali,
791 3256 825 3313 et
842 3247 993 3333 inquisito
1017 3266 1161 3316 commu-

57 3364 143 3430 nicnri
154 3367 304 3450 capituto,
323 3364 474 3448 utpossit
492 3363 663 3448 inquisitus
678 3361 904 3431 defensionem
919 3385 1009 3431 suom
1031 3354 1158 3450 perere,
1233 3369 1235 3374 '

57 3487 143 3557 prout
169 3481 271 3546 oitnta
294 3478 453 3544 decretali
479 3479 619 3559 Qualiter
635 3479 700 3565 (ii,
722 3481 760 3543 de
780 3477 898 3565 Aecus.)
917 3481 1158 3566 prescribitur;

57 3595 108 3661 sed
122 3599 296 3684 inquisitos
310 3595 402 3662 dubit
419 3603 547 3661 tuntum
563 3599 707 3660 articulos
724 3602 917 3682 descensorios.
939 3599 979 3664 Et
995 3601 1027 3663 in
1046 3597 1162 3666 dandis

58 3713 191 3794 eapitubs
204 3713 330 3798 poterit
343 3720 513 3795 promotor
527 3712 643 3778 fiscalis
658 3713 717 3778 hoe
739 3714 792 3779 vel
811 3715 906 3780 simili
930 3715 1069 3781 formula
1092 3719 1158 3783 uti:

58 3830 303 3915 Fisntspouit,et,
315 3836 460 3911 quatenus
471 3838 605 3912 uepetur,
619 3833 748 3914 probare
758 3835 890 3897 intendit
909 3836 983 3911 l...,
998 3836 1074 3910 im,
1087 3841 1162 3916 ete.,·

59 3954 82 4006 et
95 3950 165 4011 dicit
184 3949 290 4011 borum
304 3948 504 4029 capitulorum
509 3949 717 4029 probationem
726 3954 802 4011 satis
814 3955 965 4013 emersisse
979 3971 1163 4034 euproccssu

59 4065 252 4142 informottuo.
281 4065 352 4130 iton
375 4068 485 4128 tomen
505 4062 550 4127 ibi
573 4063 761 4158 nominobit-
772 4072 891 4146 testes,
917 4068 994 4152 quin
1013 4070 1161 4137 nandum

61 4183 243 4262 supponitur
259 4179 347 4245 foeta
369 4180 563 4263 legitimatio
582 4199 753 4262 processus
767 4182 983 4268 informativi;
998 4205 1069 4271 quoe
1084 4189 1163 4273 legi-

60 4293 171 4364 timatio
188 4297 240 4373 iit,
257 4296 312 4362 vel
331 4315 392 4379 per
411 4297 640 4381 repetitionem
662 4300 808 4378 testium,
827 4302 881 4368 nel
899 4321 960 4386 per
975 4301 1164 4374 declaratio·

62 4425 126 4474 nem
140 4411 211 4492 Rei,
229 4430 383 4495 expresse
401 4411 552 4490 dicentis,
571 4433 606 4479 se
627 4413 748 4482 bebere
764 4424 878 4495 testes,
897 4418 933 4483 in
947 4438 1101 4502 processu
1113 4423 1162 4490 in-

63 4520 225 4593 formatiuo
235 4525 412 4605 ndbibitoe,
425 4547 486 4610 pro
500 4529 563 4611 rite
581 4535 616 4592 et
629 4529 775 4612 legitime
789 4532 894 4597 citetis
909 4541 943 4598 et
959 4537 1161 4608 examinetis.
