2848 5118
502 381 581 430 runs
603 381 760 429 secunus.
1127 367 1184 428 nti

94 545 130 556 -
141 507 263 572 Dicitur
277 505 352 570 fieri
367 505 585 572 confrontatio
601 507 745 584 testium,
760 504 889 591 quando
898 493 1000 590 judex
1016 506 1120 570 cosin
1143 505 1191 570 in-

94 624 161 688 cien
173 621 233 688 Rei
248 620 401 700 adducit,
426 627 524 707 atque
543 622 613 708 ipso
628 619 782 688 audiente
802 623 940 705 primam
954 617 1191 704 depositionem

93 730 196 796 iterare
213 728 321 814 jubet.

128 847 174 912 Fit
195 853 306 910 autem
327 845 388 911 hoc
412 822 522 910 modo.
546 847 579 908 1⁰
598 845 729 910 Petitur
744 863 763 909 a
777 863 836 910 reo
850 864 891 909 an
907 851 1079 927 cognoscat
1090 842 1194 909 domi-

94 983 158 1028 num
180 963 218 1028 N.
249 962 378 1052 (nempe
398 981 499 1027 unum
517 981 559 1027 ex
576 958 740 1044 testibus),
759 967 793 1025 et
814 979 889 1026 enm
908 959 1025 1025 hebeat
1046 978 1106 1042 pro
1123 961 1198 1042 uiro¹

94 1079 199 1162 prob0;
229 1081 263 1142 2⁰
290 1076 469 1143 adducitur
482 1076 590 1142 dictus
612 1077 718 1153 testis,
741 1084 775 1142 et
791 1083 963 1161 postquam
974 1074 1194 1160 juramentum

93 1194 127 1260 dc
148 1195 286 1260 veritate
313 1191 454 1258 dicenda
483 1193 650 1276 praestitit,
680 1191 722 1257 ab
743 1209 783 1256 eo
812 1193 939 1275 petitur
963 1211 1003 1256 an
1023 1201 1197 1274 cognoscat

94 1329 202 1388 reum,
236 1317 271 1376 et
300 1308 487 1375 vicissima
520 1328 579 1375 reo
608 1329 650 1373 au
676 1316 849 1392 cognoscat
874 1315 1010 1391 testem3
1040 1313 1076 1374 3ο
1099 1310 1197 1374 inter·

93 1431 214 1508 rogatur
241 1427 334 1490 testis
357 1443 396 1490 an
423 1421 572 1506 deposita
596 1423 728 1506 abipso
755 1425 916 1506 inprime
941 1425 1101 1501 examine,
1118 1443 1197 1490 vera

93 1541 147 1604 sint
174 1546 207 1606 et
231 1539 339 1605 adhuc
366 1545 521 1624 tanquam
544 1557 622 1604 vera
646 1537 801 1622 deponat.
825 1539 1001 1622 Postquam
1024 1546 1132 1604 antem
1155 1537 1197 1604 ab

93 1657 228 1733 actuario
251 1655 338 1720 lecta
364 1653 429 1718 iuit
456 1654 560 1737 prima
592 1653 686 1718 testis
713 1652 894 1736 depositio,
926 1660 962 1718 et
989 1655 1017 1718 is
1038 1671 1110 1718 eam
1125 1671 1198 1720 con·

93 1770 245 1848 firmavit,
275 1770 445 1852 petitura
473 1788 531 1833 reo
563 1788 604 1832 nn
630 1745 737 1833 adhuc
768 1765 916 1850 deposita
945 1775 1058 1832 contra
1090 1767 1198 1850 ipsum

93 1885 165 1952 falsu
191 1905 261 1953 esse
293 1883 494 1967 contendat;
533 1885 567 1948 4⁰
601 1882 700 1950 datur
732 1884 863 1948 iuterim
896 1900 956 1948 reo
984 1884 1123 1950 facultas
1153 1890 1199 1948 tc·

94 2011 167 2069 stem
193 2001 424 2086 interpellandi
443 2009 476 2065 et
499 1999 739 2084 interrogandi,
765 2000 891 2066 civice
913 2019 1022 2086 versa3
1041 2009 1075 2068 ct
1095 2003 1200 2068 utrin-

94 2138 150 2205 que
164 2119 251 2184 dicta
276 2118 318 2184 ab
341 2118 487 2182 actuario
507 2123 677 2201 notantur,
706 2120 739 2180 5⁰
759 2115 891 2182 dimisso
914 2125 1017 2197 teste,
1040 2127 1200 2186 vocantur

94 2236 265 2300 successive
281 2233 334 2298 alii
348 2240 383 2297 et
391 2233 461 2316 pari
477 2231 574 2298 modo
586 2233 819 2298 examinentur.

133 2351 279 2431 Qunsrto
289 2351 333 2413 2⁸.
346 2384 393 2396 -
408 2351 455 2411 An
467 2354 630 2412 necessario
639 2350 779 2428 facimdc
792 2354 834 2412 stt
847 2352 1048 2430 confroctctic
1058 2355 1201 2416 testium?

96 2502 135 2514 -
152 2467 253 2532 «Haec
274 2464 492 2531 confrontatio
518 2467 700 2546 repulerim
714 2483 780 2531 non
799 2473 849 2531 est
865 2469 1057 2546 necessario,
1076 2487 1138 2533 nec
1158 2466 1200 2534 de

102 2613 112 2636 ι(
127 2582 300 2648 substantia
311 2599 483 2666 processus
500 2602 506 2645 :
522 2588 557 2645 et
571 2579 646 2646 ideo
663 2601 700 2646 ea
716 2583 831 2646 omissa
847 2601 1016 2665 processus
1032 2603 1097 2650 non
1111 2583 1210 2653 infir,

102 2727 114 2753 ι
131 2707 244 2777 matur,
262 2699 338 2783 quia
352 2705 401 2762 est
414 2696 595 2762 remedium
607 2694 835 2763 subsidiarium
849 2706 884 2763 et
895 2698 1200 2792 extraordinarium

102 2845 114 2868 «ι
132 2833 201 2879 nam
216 2811 400 2879 remedium
417 2809 618 2878 ordinarium
634 2819 684 2877 est
702 2813 894 2897 repetitio.»
914 2814 1111 2900 (Pellegrini,
1131 2834 1203 2898 par-

98 2937 128 2993 te
140 2931 170 3008 i,
187 2939 266 2995 sect.
287 2933 319 3006 9,
337 2949 370 2994 n.
386 2925 455 3012 66.)
476 2924 576 2993 Addit
596 2934 709 3011 postca
727 2929 846 2992 citatus
859 2937 974 2995 auctor
988 2931 1203 2996 necessariam

98 3061 162 3108 csse
190 3043 484 3110 conmutationem
507 3042 540 3107 in
575 3041 736 3108 nonnuliis
754 3042 889 3121 casibus,
910 3061 992 3128 quos
1020 3053 1200 3110 enumerat.

101 3157 240 3245 (Ibidem,
259 3178 292 3223 n.
310 3160 351 3224 72
364 3147 398 3222 et
417 3154 500 3241 seq.)
521 3157 596 3222 Hac
611 3162 720 3222 tamen
743 3160 917 3224 necessitas
929 3161 962 3224 in
980 3164 1110 3226 assertis
1125 3163 1205 3227 casi-

99 3273 156 3338 bus
177 3276 321 3358 rigorose
342 3291 408 3338 non
422 3271 597 3356 probatnr;
613 3280 648 3336 et
663 3272 867 3340 admittenda
881 3282 1006 3342 tantum
1023 3277 1157 3344 videtur
1169 3279 1204 3344 in

101 3409 169 3457 casn
182 3410 244 3476 quo
269 3408 347 3455 reus
372 3388 560 3472 recognosci
575 3396 728 3474 nequeat,
749 3390 811 3456 nisi
827 3389 991 3459 mediante
1005 3394 1205 3478 inspectione

102 3523 155 3587 per
170 3512 280 3573 testes.

141 3623 309 3700 Ceterum,
328 3621 389 3686 etsi
404 3620 551 3686 absolute
567 3621 658 3686 sitin
673 3627 835 3704 potestate
855 3622 971 3708 judicis
994 3625 1204 3692 ecclesiastici

104 3739 388 3804 couirontationem
398 3737 531 3802 testium
541 3733 708 3814 adhibere,
721 3755 796 3802 cum
808 3744 919 3804 tamen
930 3738 999 3804 haec
1010 3742 1206 3825 regulariter

104 3855 197 3920 omitti
221 3854 323 3939 possit
344 3857 459 3935 utpote
480 3870 546 3917 non
569 3853 764 3930 neccssaria,
791 3853 975 3937 prudenter
999 3865 1075 3942 aget
1095 3860 1122 3924 si
1144 3859 1205 3927 hoc

105 3969 203 4038 medio
222 3977 280 4038 aut
298 3985 479 4052 nunquam,
506 3975 563 4032 aut
578 3967 738 4034 rarissune
758 3977 872 4036 utatur
889 3993 897 4037 :
914 3980 984 4038 turn
1001 3976 1075 4059 quia
1089 3985 1140 4042 est
1154 3997 1207 4045 re·

107 4085 235 4153 nedium
249 4081 562 4163 extraordinarium,
580 4103 645 4170 quo
659 4085 797 4168 proinde
818 4087 976 4155 utendum
991 4109 1057 4158 non
1072 4102 1122 4160 est
1136 4094 1209 4160 ebs-

15 4225 17 4228 ·
107 4219 160 4286 que
184 4205 274 4288 gravi
300 4220 413 4280 causa,
432 4199 511 4268 dum
527 4209 646 4291 praesto
665 4211 716 4268 est
731 4211 765 4269 et
780 4203 896 4272 sufficit
918 4207 1061 4275 medium
1079 4210 1209 4278 ordinu-

108 4319 198 4400 num,
219 4321 375 4405 repetitio
392 4335 508 4402 nempe
524 4320 658 4384 testium
676 4326 769 4385 :tum
784 4323 874 4406 qnia,
891 4324 925 4388 in
942 4324 1015 4391 foro
1030 4329 1210 4410 praesertim

110 4437 328 4513 ecclesiastico,
351 4419 492 4518 piurima
510 4435 691 4532 istiusmodi
712 4438 1002 4509 confrontationem
1028 4454 1211 4534 sequuntur
