<?xml version="1.0" encoding="UTF-8"?>
<!DOCTYPE html PUBLIC "-//W3C//DTD XHTML 1.0 Transitional//EN"
    "http://www.w3.org/TR/xhtml1/DTD/xhtml1-transitional.dtd">
<html xmlns="http://www.w3.org/1999/xhtml" xml:lang="en" lang="en">
 <head>
  <title>
</title>
<meta http-equiv="Content-Type" content="text/html;charset=utf-8" />
  <meta name='ocr-system' content='tesseract 3.04.00' />
  <meta name='ocr-capabilities' content='ocr_page ocr_carea ocr_par ocr_line ocrx_word'/>
</head>
<body>
  <div class='ocr_page' id='page_1' title='image "./tractatusdejudi01bouigoog_0295.png"; bbox 0 0 2836 5118; ppageno 0'>
   <div class='ocr_carea' id='block_1_1' title="bbox 249 317 1025 386">
    <p class='ocr_par' dir='ltr' id='par_1_1' title="bbox 249 317 1025 386">
     <span class='ocr_line' id='line_1_1' title="bbox 249 317 1025 386; baseline -0.001 -4"><span class='ocrx_word' id='word_1_1' title='bbox 249 317 314 386; x_wconf 75' lang='lat'>286</span> <span class='ocrx_word' id='word_1_2' title='bbox 601 329 788 383; x_wconf 75' lang='lat' dir='ltr'>mauranus</span> <span class='ocrx_word' id='word_1_3' title='bbox 810 335 854 383; x_wconf 83' lang='lat' dir='ltr'>oa</span> <span class='ocrx_word' id='word_1_4' title='bbox 876 335 1025 385; x_wconf 81' lang='lat' dir='ltr'>sumens.</span> 
     </span>
    </p>
   </div>
   <div class='ocr_carea' id='block_1_2' title="bbox 246 453 1346 770">
    <p class='ocr_par' dir='ltr' id='par_1_2' title="bbox 246 453 1346 770">
     <span class='ocr_line' id='line_1_2' title="bbox 250 453 1345 548; baseline 0.004 -28"><span class='ocrx_word' id='word_1_5' title='bbox 250 483 266 520; x_wconf 86' lang='lat' dir='ltr'>a</span> <span class='ocrx_word' id='word_1_6' title='bbox 280 453 420 544; x_wconf 88' lang='lat' dir='ltr'>periore,</span> <span class='ocrx_word' id='word_1_7' title='bbox 438 457 594 546; x_wconf 79' lang='lat' dir='ltr'>adquam</span> <span class='ocrx_word' id='word_1_8' title='bbox 614 467 664 525; x_wconf 86' lang='lat' dir='ltr'>est</span> <span class='ocrx_word' id='word_1_9' title='bbox 682 459 908 528; x_wconf 87' lang='lat' dir='ltr'>remittendus.</span> <span class='ocrx_word' id='word_1_10' title='bbox 935 461 1058 548; x_wconf 76' lang='lat' dir='ltr'>(capite</span> <span class='ocrx_word' id='word_1_11' title='bbox 1076 464 1118 525; x_wconf 79' lang='lat' dir='ltr'>als</span> <span class='ocrx_word' id='word_1_12' title='bbox 1132 465 1240 525; x_wconf 70' lang='lat' dir='ltr'>Priore</span> <span class='ocrx_word' id='word_1_13' title='bbox 1252 463 1301 537; x_wconf 82' lang='lat' dir='ltr'>at,</span> <span class='ocrx_word' id='word_1_14' title='bbox 1315 463 1345 524; x_wconf 83' lang='lat' dir='ltr'>da</span> 
     </span>
     <span class='ocr_line' id='line_1_3' title="bbox 249 574 1346 660; baseline 0.004 -24"><span class='ocrx_word' id='word_1_15' title='bbox 249 599 267 636; x_wconf 82' lang='lat' dir='ltr'>a</span> <span class='ocrx_word' id='word_1_16' title='bbox 282 574 444 660; x_wconf 57' lang='lat' dir='ltr'>inpelli»</span> <span class='ocrx_word' id='word_1_17' title='bbox 462 578 511 642; x_wconf 87' lang='lat' dir='ltr'>ltu</span> <span class='ocrx_word' id='word_1_18' title='bbox 537 576 836 660; x_wconf 83' lang='lat' dir='ltr'>Schmalzgraeber,</span> <span class='ocrx_word' id='word_1_19' title='bbox 863 579 898 642; x_wconf 89' lang='lat' dir='ltr'>in</span> <span class='ocrx_word' id='word_1_20' title='bbox 919 579 982 648; x_wconf 86' lang='lat' dir='ltr'>tit.¹</span> <span class='ocrx_word' id='word_1_21' title='bbox 1001 579 1056 656; x_wconf 76' lang='lat' dir='ltr'>is,</span> <span class='ocrx_word' id='word_1_22' title='bbox 1081 577 1158 642; x_wconf 82' lang='lat' dir='ltr'><strong>libri</strong></span> <span class='ocrx_word' id='word_1_23' title='bbox 1176 580 1198 641; x_wconf 72' lang='lat' dir='ltr'>i</span> <span class='ocrx_word' id='word_1_24' title='bbox 1213 576 1346 642; x_wconf 85' lang='lat' dir='ltr'>decreta-</span> 
     </span>
     <span class='ocr_line' id='line_1_4' title="bbox 246 692 574 770; baseline -0.006 -12"><span class='ocrx_word' id='word_1_25' title='bbox 246 692 336 770; x_wconf 86' lang='lat' dir='ltr'>lium,</span> <span class='ocrx_word' id='word_1_26' title='bbox 354 712 387 757; x_wconf 92' lang='lat' dir='ltr'>n.</span> <span class='ocrx_word' id='word_1_27' title='bbox 407 697 450 760; x_wconf 89' lang='lat'>90</span> <span class='ocrx_word' id='word_1_28' title='bbox 467 701 502 758; x_wconf 90' lang='lat' dir='ltr'>et</span> <span class='ocrx_word' id='word_1_29' title='bbox 519 695 574 760; x_wconf 87' lang='lat'>91.</span> 
     </span>
    </p>
   </div>
   <div class='ocr_carea' id='block_1_3' title="bbox 290 793 1343 893">
    <p class='ocr_par' dir='ltr' id='par_1_3' title="bbox 290 759 1411 893">
     <span class='ocr_line' id='line_1_5' title="bbox 290 793 1343 893; baseline 0.002 -21"><span class='ocrx_word' id='word_1_30' title='bbox 290 793 324 872; x_wconf 74' lang='lat'>4⁰</span> <span class='ocrx_word' id='word_1_31' title='bbox 346 810 384 874; x_wconf 92' lang='lat' dir='ltr'>Io</span> <span class='ocrx_word' id='word_1_32' title='bbox 397 807 436 872; x_wconf 89' lang='lat' dir='ltr'>iis</span> <span class='ocrx_word' id='word_1_33' title='bbox 455 807 582 872; x_wconf 90' lang='lat' dir='ltr'>casibus</span> <span class='ocrx_word' id='word_1_34' title='bbox 601 807 766 893; x_wconf 90' lang='lat' dir='ltr'>inquibus</span> <span class='ocrx_word' id='word_1_35' title='bbox 781 807 957 892; x_wconf 79' lang='lat' dir='ltr'><strong>appellatio</strong></span> <span class='ocrx_word' id='word_1_36' title='bbox 971 808 1034 873; x_wconf 85' lang='lat' dir='ltr'>fuit</span> <span class='ocrx_word' id='word_1_37' title='bbox 1051 829 1069 874; x_wconf 95' lang='lat' dir='ltr'>a</span> <span class='ocrx_word' id='word_1_38' title='bbox 1085 808 1161 893; x_wconf 84' lang='lat' dir='ltr'>jure</span> <span class='ocrx_word' id='word_1_39' title='bbox 1186 807 1343 892; x_wconf 82' lang='lat' dir='ltr'>prohibita,</span> 
     </span>
    </p>
   </div>
   <div class='ocr_carea' id='block_1_4' title="bbox 233 921 1346 2282">
    <p class='ocr_par' dir='ltr' id='par_1_4' title="bbox 233 921 1346 2282">
     <span class='ocr_line' id='line_1_6' title="bbox 245 921 1344 1009; baseline -0.002 -19"><span class='ocrx_word' id='word_1_40' title='bbox 245 929 280 990; x_wconf 87' lang='lat' dir='ltr'>et</span> <span class='ocrx_word' id='word_1_41' title='bbox 292 921 425 1008; x_wconf 91' lang='lat' dir='ltr'>insuper</span> <span class='ocrx_word' id='word_1_42' title='bbox 443 922 714 1009; x_wconf 78' lang='lat' dir='ltr'>quandocumque</span> <span class='ocrx_word' id='word_1_43' title='bbox 729 923 844 989; x_wconf 84' lang='lat' dir='ltr'>frivole</span> <span class='ocrx_word' id='word_1_44' title='bbox 862 931 896 989; x_wconf 90' lang='lat' dir='ltr'>et</span> <span class='ocrx_word' id='word_1_45' title='bbox 905 925 1114 990; x_wconf 76' lang='lat' dir='ltr'>frustratorie</span> <span class='ocrx_word' id='word_1_46' title='bbox 1128 925 1344 1008; x_wconf 72' lang='lat' dir='ltr'>interponitur,</span> 
     </span>
     <span class='ocr_line' id='line_1_7' title="bbox 244 1038 1346 1124; baseline -0.002 -18"><span class='ocrx_word' id='word_1_47' title='bbox 244 1057 309 1106; x_wconf 85' lang='lat' dir='ltr'>nou</span> <span class='ocrx_word' id='word_1_48' title='bbox 321 1048 455 1106; x_wconf 88' lang='lat' dir='ltr'>tenetur</span> <span class='ocrx_word' id='word_1_49' title='bbox 471 1060 532 1106; x_wconf 89' lang='lat' dir='ltr'>nec</span> <span class='ocrx_word' id='word_1_50' title='bbox 548 1039 649 1105; x_wconf 87' lang='lat' dir='ltr'>debet</span> <span class='ocrx_word' id='word_1_51' title='bbox 664 1038 765 1124; x_wconf 82' lang='lat' dir='ltr'>judex</span> <span class='ocrx_word' id='word_1_52' title='bbox 787 1041 818 1104; x_wconf 93' lang='lat' dir='ltr'>ei</span> <span class='ocrx_word' id='word_1_53' title='bbox 832 1039 984 1124; x_wconf 85' lang='lat' dir='ltr'>deferre;</span> <span class='ocrx_word' id='word_1_54' title='bbox 1003 1048 1038 1105; x_wconf 87' lang='lat' dir='ltr'>et</span> <span class='ocrx_word' id='word_1_55' title='bbox 1061 1061 1100 1106; x_wconf 87' lang='lat' dir='ltr'>aa</span> <span class='ocrx_word' id='word_1_56' title='bbox 1124 1059 1190 1105; x_wconf 93' lang='lat' dir='ltr'>non</span> <span class='ocrx_word' id='word_1_57' title='bbox 1213 1040 1346 1105; x_wconf 85' lang='lat' dir='ltr'>obstante</span> 
     </span>
     <span class='ocr_line' id='line_1_8' title="bbox 244 1155 1346 1242; baseline -0.003 -19"><span class='ocrx_word' id='word_1_58' title='bbox 244 1157 329 1224; x_wconf 89' lang='lat' dir='ltr'>ultra</span> <span class='ocrx_word' id='word_1_59' title='bbox 340 1155 533 1242; x_wconf 84' lang='lat' dir='ltr'>procedens,</span> <span class='ocrx_word' id='word_1_60' title='bbox 549 1157 631 1220; x_wconf 90' lang='lat' dir='ltr'>nulii</span> <span class='ocrx_word' id='word_1_61' title='bbox 646 1173 749 1239; x_wconf 82' lang='lat' dir='ltr'>poenae</span> <span class='ocrx_word' id='word_1_62' title='bbox 765 1156 922 1222; x_wconf 84' lang='lat' dir='ltr'>obnoxius</span> <span class='ocrx_word' id='word_1_63' title='bbox 933 1164 993 1222; x_wconf 88' lang='lat' dir='ltr'>est.</span> <span class='ocrx_word' id='word_1_64' title='bbox 1021 1158 1209 1224; x_wconf 79' lang='lat' dir='ltr'>constater</span> <span class='ocrx_word' id='word_1_65' title='bbox 1220 1159 1346 1240; x_wconf 81' lang='lat' dir='ltr'>capitel</span> 
     </span>
     <span class='ocr_line' id='line_1_9' title="bbox 243 1271 1346 1358; baseline -0.003 -20"><span class='ocrx_word' id='word_1_66' title='bbox 243 1277 280 1338; x_wconf 82' lang='lat' dir='ltr'>de</span> <span class='ocrx_word' id='word_1_67' title='bbox 292 1276 560 1356; x_wconf 81' lang='lat' dir='ltr'>Appellationitns,</span> <span class='ocrx_word' id='word_1_68' title='bbox 578 1273 613 1336; x_wconf 90' lang='lat' dir='ltr'>in</span> <span class='ocrx_word' id='word_1_69' title='bbox 626 1275 658 1351; x_wconf 83' lang='lat'>6,</span> <span class='ocrx_word' id='word_1_70' title='bbox 676 1273 710 1336; x_wconf 93' lang='lat' dir='ltr'>in</span> <span class='ocrx_word' id='word_1_71' title='bbox 725 1289 789 1356; x_wconf 89' lang='lat' dir='ltr'>quo</span> <span class='ocrx_word' id='word_1_72' title='bbox 799 1273 844 1338; x_wconf 90' lang='lat' dir='ltr'>sic</span> <span class='ocrx_word' id='word_1_73' title='bbox 859 1271 1070 1338; x_wconf 77' lang='lat' dir='ltr'>decernitur:</span> <span class='ocrx_word' id='word_1_74' title='bbox 1090 1277 1167 1338; x_wconf 84' lang='lat' dir='ltr'>Cum</span> <span class='ocrx_word' id='word_1_75' title='bbox 1181 1276 1346 1358; x_wconf 85' lang='lat' dir='ltr'>appellatio-</span> 
     </span>
     <span class='ocr_line' id='line_1_10' title="bbox 242 1391 1345 1470; baseline -0.001 -18"><span class='ocrx_word' id='word_1_76' title='bbox 242 1391 330 1452; x_wconf 78' lang='lat' dir='ltr'>nibus</span> <span class='ocrx_word' id='word_1_77' title='bbox 342 1391 464 1470; x_wconf 81' lang='lat' dir='ltr'>friuolis</span> <span class='ocrx_word' id='word_1_78' title='bbox 478 1407 530 1451; x_wconf 88' lang='lat' dir='ltr'>nco</span> <span class='ocrx_word' id='word_1_79' title='bbox 540 1393 667 1470; x_wconf 83' lang='lat' dir='ltr'>justitia</span> <span class='ocrx_word' id='word_1_80' title='bbox 686 1391 814 1468; x_wconf 74' lang='lat' dir='ltr'>deserat,</span> <span class='ocrx_word' id='word_1_81' title='bbox 837 1405 891 1450; x_wconf 90' lang='lat' dir='ltr'>nee</span> <span class='ocrx_word' id='word_1_82' title='bbox 903 1393 944 1450; x_wconf 87' lang='lat' dir='ltr'>sit</span> <span class='ocrx_word' id='word_1_83' title='bbox 962 1408 981 1450; x_wconf 90' lang='lat' dir='ltr'>a</span> <span class='ocrx_word' id='word_1_84' title='bbox 990 1391 1095 1470; x_wconf 81' lang='lat' dir='ltr'>jndice</span> <span class='ocrx_word' id='word_1_85' title='bbox 1107 1391 1307 1469; x_wconf 75' lang='lat' dir='ltr'>deserendam,</span> <span class='ocrx_word' id='word_1_86' title='bbox 1324 1395 1345 1451; x_wconf 87' lang='lat' dir='ltr'>si</span> 
     </span>
     <span class='ocr_line' id='line_1_11' title="bbox 236 1498 1346 1588; baseline -0.003 -19"><span class='ocrx_word' id='word_1_87' title='bbox 236 1507 336 1588; x_wconf 78' lang='lat' dir='ltr'>jadas</span> <span class='ocrx_word' id='word_1_88' title='bbox 353 1507 480 1586; x_wconf 74' lang='lat' dir='ltr'>inferior</span> <span class='ocrx_word' id='word_1_89' title='bbox 495 1498 726 1586; x_wconf 71' lang='lat' dir='ltr'>appellataenem</span> <span class='ocrx_word' id='word_1_90' title='bbox 741 1507 840 1565; x_wconf 88' lang='lat' dir='ltr'>minus</span> <span class='ocrx_word' id='word_1_91' title='bbox 854 1505 1017 1584; x_wconf 81' lang='lat' dir='ltr'>lapitimam</span> <span class='ocrx_word' id='word_1_92' title='bbox 1032 1517 1093 1568; x_wconf 86' lang='lat' dir='ltr'>non</span> <span class='ocrx_word' id='word_1_93' title='bbox 1110 1507 1272 1578; x_wconf 69' lang='lat' dir='ltr'>adnnnat,</span> <span class='ocrx_word' id='word_1_94' title='bbox 1292 1521 1346 1566; x_wconf 87' lang='lat' dir='ltr'>cam</span> 
     </span>
     <span class='ocr_line' id='line_1_12' title="bbox 243 1619 1342 1704; baseline -0.001 -20"><span class='ocrx_word' id='word_1_95' title='bbox 243 1623 428 1704; x_wconf 75' lang='lat' dir='ltr'>appellatore</span> <span class='ocrx_word' id='word_1_96' title='bbox 442 1619 639 1682; x_wconf 86' lang='lat' dir='ltr'>nililominas</span> <span class='ocrx_word' id='word_1_97' title='bbox 655 1625 862 1700; x_wconf 66' lang='lat' dir='ltr'>prosequente,</span> <span class='ocrx_word' id='word_1_98' title='bbox 880 1625 1016 1700; x_wconf 75' lang='lat' dir='ltr'>superior</span> <span class='ocrx_word' id='word_1_99' title='bbox 1030 1621 1067 1682; x_wconf 80' lang='lat' dir='ltr'>tle</span> <span class='ocrx_word' id='word_1_100' title='bbox 1087 1626 1156 1702; x_wconf 84' lang='lat' dir='ltr'>ipsa</span> <span class='ocrx_word' id='word_1_101' title='bbox 1171 1637 1342 1702; x_wconf 65' lang='lat' dir='ltr'>capuceum</span> 
     </span>
     <span class='ocr_line' id='line_1_13' title="bbox 242 1732 1345 1819; baseline 0 -20"><span class='ocrx_word' id='word_1_102' title='bbox 242 1755 363 1799; x_wconf 88' lang='lat' dir='ltr'>cuasam</span> <span class='ocrx_word' id='word_1_103' title='bbox 378 1736 419 1797; x_wconf 85' lang='lat' dir='ltr'>ad</span> <span class='ocrx_word' id='word_1_104' title='bbox 432 1739 564 1815; x_wconf 84' lang='lat' dir='ltr'>priorem</span> <span class='ocrx_word' id='word_1_105' title='bbox 571 1735 705 1816; x_wconf 83' lang='lat' dir='ltr'>jadicem</span> <span class='ocrx_word' id='word_1_106' title='bbox 716 1733 821 1819; x_wconf 69' lang='lat' dir='ltr'>paura</span> <span class='ocrx_word' id='word_1_107' title='bbox 837 1740 1003 1796; x_wconf 89' lang='lat' dir='ltr'>sanctiones</span> <span class='ocrx_word' id='word_1_108' title='bbox 1014 1732 1184 1818; x_wconf 84' lang='lat' dir='ltr'>canonicas)</span> <span class='ocrx_word' id='word_1_109' title='bbox 1203 1735 1345 1814; x_wconf 73' lang='lat' dir='ltr'>sinediffi·</span> 
     </span>
     <span class='ocr_line' id='line_1_14' title="bbox 242 1852 1343 1933; baseline -0.004 -17"><span class='ocrx_word' id='word_1_110' title='bbox 242 1856 353 1916; x_wconf 85' lang='lat' dir='ltr'>cultata</span> <span class='ocrx_word' id='word_1_111' title='bbox 367 1856 520 1928; x_wconf 86' lang='lat' dir='ltr'>remittat,</span> <span class='ocrx_word' id='word_1_112' title='bbox 545 1853 647 1913; x_wconf 88' lang='lat' dir='ltr'>eadem</span> <span class='ocrx_word' id='word_1_113' title='bbox 663 1853 712 1912; x_wconf 87' lang='lat' dir='ltr'>dle</span> <span class='ocrx_word' id='word_1_114' title='bbox 729 1852 1002 1913; x_wconf 83' lang='lat' dir='ltr'>condemnationem</span> <span class='ocrx_word' id='word_1_115' title='bbox 1016 1853 1131 1930; x_wconf 82' lang='lat' dir='ltr'>faciens</span> <span class='ocrx_word' id='word_1_116' title='bbox 1147 1871 1343 1933; x_wconf 78' lang='lat' dir='ltr'>expensarum.</span> 
     </span>
     <span class='ocr_line' id='line_1_15' title="bbox 242 1967 1346 2050; baseline -0.004 -18"><span class='ocrx_word' id='word_1_117' title='bbox 242 1970 460 2050; x_wconf 75' lang='lat' dir='ltr'>Sinarojuderc</span> <span class='ocrx_word' id='word_1_118' title='bbox 470 1968 614 2029; x_wconf 86' lang='lat' dir='ltr'>admittat</span> <span class='ocrx_word' id='word_1_119' title='bbox 632 1967 775 2042; x_wconf 86' lang='lat' dir='ltr'>eamdem,</span> <span class='ocrx_word' id='word_1_120' title='bbox 793 1967 861 2027; x_wconf 87' lang='lat' dir='ltr'>licet</span> <span class='ocrx_word' id='word_1_121' title='bbox 874 1973 936 2028; x_wconf 91' lang='lat' dir='ltr'>tam</span> <span class='ocrx_word' id='word_1_122' title='bbox 953 1968 1130 2048; x_wconf 79' lang='lat' dir='ltr'>appellatio,</span> <span class='ocrx_word' id='word_1_123' title='bbox 1153 1988 1244 2050; x_wconf 84' lang='lat' dir='ltr'>quam</span> <span class='ocrx_word' id='word_1_124' title='bbox 1261 1973 1346 2048; x_wconf 83' lang='lat' dir='ltr'>ipsias</span> 
     </span>
     <span class='ocr_line' id='line_1_16' title="bbox 233 2081 1342 2165; baseline -0.003 -20"><span class='ocrx_word' id='word_1_125' title='bbox 233 2085 350 2165; x_wconf 82' lang='lat' dir='ltr'>judicis</span> <span class='ocrx_word' id='word_1_126' title='bbox 362 2083 485 2159; x_wconf 86' lang='lat' dir='ltr'>delatio,</span> <span class='ocrx_word' id='word_1_127' title='bbox 499 2102 518 2144; x_wconf 92' lang='lat' dir='ltr'>a</span> <span class='ocrx_word' id='word_1_128' title='bbox 530 2086 681 2163; x_wconf 85' lang='lat' dir='ltr'>superiore</span> <span class='ocrx_word' id='word_1_129' title='bbox 693 2082 815 2142; x_wconf 87' lang='lat' dir='ltr'>ualeant</span> <span class='ocrx_word' id='word_1_130' title='bbox 826 2081 967 2160; x_wconf 77' lang='lat' dir='ltr'>refutari,</span> <span class='ocrx_word' id='word_1_131' title='bbox 979 2086 1051 2161; x_wconf 87' lang='lat' dir='ltr'>quia</span> <span class='ocrx_word' id='word_1_132' title='bbox 1064 2085 1268 2164; x_wconf 79' lang='lat' dir='ltr'>tamenjndec</span> <span class='ocrx_word' id='word_1_133' title='bbox 1277 2087 1342 2163; x_wconf 79' lang='lat' dir='ltr'>apsa,</span> 
     </span>
     <span class='ocr_line' id='line_1_17' title="bbox 240 2199 1346 2282; baseline -0.003 -19"><span class='ocrx_word' id='word_1_134' title='bbox 240 2207 384 2282; x_wconf 84' lang='lat' dir='ltr'>quantum</span> <span class='ocrx_word' id='word_1_135' title='bbox 395 2201 434 2262; x_wconf 84' lang='lat' dir='ltr'>&#39;in</span> <span class='ocrx_word' id='word_1_136' title='bbox 445 2217 475 2261; x_wconf 91' lang='lat' dir='ltr'>se</span> <span class='ocrx_word' id='word_1_137' title='bbox 487 2201 559 2280; x_wconf 82' lang='lat' dir='ltr'>fuit,</span> <span class='ocrx_word' id='word_1_138' title='bbox 577 2219 640 2262; x_wconf 88' lang='lat' dir='ltr'>asc</span> <span class='ocrx_word' id='word_1_139' title='bbox 644 2199 888 2280; x_wconf 86' lang='lat' dir='ltr'>jurisdictionem</span> <span class='ocrx_word' id='word_1_140' title='bbox 914 2199 1066 2261; x_wconf 74' lang='lat' dir='ltr'>adamavit</span> <span class='ocrx_word' id='word_1_141' title='bbox 1086 2201 1232 2278; x_wconf 84' lang='lat' dir='ltr'>eamdem,</span> <span class='ocrx_word' id='word_1_142' title='bbox 1256 2199 1346 2280; x_wconf 84' lang='lat' dir='ltr'>appel·</span> 
     </span>
    </p>
   </div>
   <div class='ocr_carea' id='block_1_5' title="bbox 241 2316 1411 2397">
    <p class='ocr_par' dir='ltr' id='par_1_5' title="bbox 241 2316 1411 2397">
     <span class='ocr_line' id='line_1_18' title="bbox 241 2316 1411 2397; baseline -0.002 -17"><span class='ocrx_word' id='word_1_143' title='bbox 241 2317 349 2381; x_wconf 85' lang='lat' dir='ltr'>lationi</span> <span class='ocrx_word' id='word_1_144' title='bbox 367 2317 502 2396; x_wconf 80' lang='lat' dir='ltr'>deserens</span> <span class='ocrx_word' id='word_1_145' title='bbox 517 2321 617 2378; x_wconf 85' lang='lat' dir='ltr'>minus</span> <span class='ocrx_word' id='word_1_146' title='bbox 623 2320 719 2397; x_wconf 87' lang='lat' dir='ltr'>juste,</span> <span class='ocrx_word' id='word_1_147' title='bbox 746 2318 837 2376; x_wconf 86' lang='lat' dir='ltr'>totius</span> <span class='ocrx_word' id='word_1_148' title='bbox 851 2333 948 2376; x_wconf 80' lang='lat' dir='ltr'>eausa</span> <span class='ocrx_word' id='word_1_149' title='bbox 966 2316 1076 2377; x_wconf 86' lang='lat' dir='ltr'>decisio</span> <span class='ocrx_word' id='word_1_150' title='bbox 1087 2320 1121 2378; x_wconf 87' lang='lat' dir='ltr'>in</span> <span class='ocrx_word' id='word_1_151' title='bbox 1138 2320 1298 2397; x_wconf 87' lang='lat' dir='ltr'>superioris</span> <span class='ocrx_word' id='word_1_152' title='bbox 1309 2321 1345 2376; x_wconf 86' lang='lat' dir='ltr'>est</span> <span class='ocrx_word' id='word_1_153' title='bbox 1410 2339 1411 2378; x_wconf 75' lang='lat'>3</span> 
     </span>
    </p>
   </div>
   <div class='ocr_carea' id='block_1_6' title="bbox 236 2425 1345 3215">
    <p class='ocr_par' dir='ltr' id='par_1_6' title="bbox 236 2425 563 2516">
     <span class='ocr_line' id='line_1_19' title="bbox 236 2425 563 2516; baseline -0.009 -19"><span class='ocrx_word' id='word_1_154' title='bbox 236 2439 385 2516; x_wconf 83' lang='lat' dir='ltr'>potestate</span> <span class='ocrx_word' id='word_1_155' title='bbox 397 2425 563 2511; x_wconf 72' lang='lat' dir='ltr'>transfusa.</span> 
     </span>
    </p>

    <p class='ocr_par' dir='ltr' id='par_1_7' title="bbox 237 2541 1345 3215">
     <span class='ocr_line' id='line_1_20' title="bbox 285 2541 1342 2632; baseline -0.002 -19"><span class='ocrx_word' id='word_1_156' title='bbox 285 2553 318 2613; x_wconf 85' lang='lat'>5⁰</span> <span class='ocrx_word' id='word_1_157' title='bbox 333 2546 471 2631; x_wconf 86' lang='lat' dir='ltr'>Quando</span> <span class='ocrx_word' id='word_1_158' title='bbox 484 2541 607 2611; x_wconf 82' lang='lat' dir='ltr'>datiam</span> <span class='ocrx_word' id='word_1_159' title='bbox 624 2550 673 2609; x_wconf 87' lang='lat' dir='ltr'>est</span> <span class='ocrx_word' id='word_1_160' title='bbox 683 2563 725 2609; x_wconf 88' lang='lat' dir='ltr'>an</span> <span class='ocrx_word' id='word_1_161' title='bbox 743 2541 928 2628; x_wconf 83' lang='lat' dir='ltr'>appellandi</span> <span class='ocrx_word' id='word_1_162' title='bbox 951 2546 1103 2611; x_wconf 73' lang='lat' dir='ltr'>causant</span> <span class='ocrx_word' id='word_1_163' title='bbox 1119 2565 1183 2613; x_wconf 84' lang='lat' dir='ltr'>nec</span> <span class='ocrx_word' id='word_1_164' title='bbox 1194 2567 1236 2612; x_wconf 88' lang='lat' dir='ltr'>ne</span> <span class='ocrx_word' id='word_1_165' title='bbox 1247 2547 1342 2632; x_wconf 84' lang='lat' dir='ltr'>justa,</span> 
     </span>
     <span class='ocr_line' id='line_1_21' title="bbox 238 2659 1344 2751; baseline -0.002 -19"><span class='ocrx_word' id='word_1_166' title='bbox 238 2671 273 2732; x_wconf 88' lang='lat' dir='ltr'>et</span> <span class='ocrx_word' id='word_1_167' title='bbox 287 2666 508 2751; x_wconf 86' lang='lat' dir='ltr'>appellatura</span> <span class='ocrx_word' id='word_1_168' title='bbox 531 2663 691 2728; x_wconf 87' lang='lat' dir='ltr'>sententia</span> <span class='ocrx_word' id='word_1_169' title='bbox 707 2660 886 2737; x_wconf 82' lang='lat' dir='ltr'>definitiva,</span> <span class='ocrx_word' id='word_1_170' title='bbox 906 2659 1008 2727; x_wconf 88' lang='lat' dir='ltr'>debet</span> <span class='ocrx_word' id='word_1_171' title='bbox 1026 2661 1130 2747; x_wconf 83' lang='lat' dir='ltr'>judex</span> <span class='ocrx_word' id='word_1_172' title='bbox 1148 2663 1344 2749; x_wconf 86' lang='lat' dir='ltr'>appellationi</span> 
     </span>
     <span class='ocr_line' id='line_1_22' title="bbox 237 2778 1344 2866; baseline -0.004 -16"><span class='ocrx_word' id='word_1_173' title='bbox 237 2782 370 2850; x_wconf 87' lang='lat' dir='ltr'>deferre</span> <span class='ocrx_word' id='word_1_174' title='bbox 394 2788 533 2866; x_wconf 88' lang='lat' dir='ltr'>propter</span> <span class='ocrx_word' id='word_1_175' title='bbox 545 2779 764 2846; x_wconf 88' lang='lat' dir='ltr'>reverentiam</span> <span class='ocrx_word' id='word_1_176' title='bbox 788 2778 973 2862; x_wconf 86' lang='lat' dir='ltr'>superioris.</span> <span class='ocrx_word' id='word_1_177' title='bbox 998 2780 1029 2843; x_wconf 90' lang='lat' dir='ltr'>Si</span> <span class='ocrx_word' id='word_1_178' title='bbox 1047 2790 1159 2845; x_wconf 92' lang='lat' dir='ltr'>autem</span> <span class='ocrx_word' id='word_1_179' title='bbox 1182 2781 1344 2865; x_wconf 85' lang='lat' dir='ltr'>appellatio</span> 
     </span>
     <span class='ocr_line' id='line_1_23' title="bbox 238 2890 1345 2982; baseline -0.005 -18"><span class='ocrx_word' id='word_1_180' title='bbox 238 2896 337 2964; x_wconf 88' lang='lat' dir='ltr'>dubie</span> <span class='ocrx_word' id='word_1_181' title='bbox 348 2895 437 2982; x_wconf 81' lang='lat' dir='ltr'>justa</span> <span class='ocrx_word' id='word_1_182' title='bbox 455 2917 473 2962; x_wconf 87' lang='lat' dir='ltr'>a</span> <span class='ocrx_word' id='word_1_183' title='bbox 489 2895 650 2962; x_wconf 86' lang='lat' dir='ltr'>sententia</span> <span class='ocrx_word' id='word_1_184' title='bbox 671 2891 916 2958; x_wconf 88' lang='lat' dir='ltr'>interlocutoria</span> <span class='ocrx_word' id='word_1_185' title='bbox 934 2890 1181 2978; x_wconf 81' lang='lat' dir='ltr'>interponatur,</span> <span class='ocrx_word' id='word_1_186' title='bbox 1192 2897 1290 2961; x_wconf 89' lang='lat' dir='ltr'>satius</span> <span class='ocrx_word' id='word_1_187' title='bbox 1303 2901 1345 2961; x_wconf 87' lang='lat' dir='ltr'>est</span> 
     </span>
     <span class='ocr_line' id='line_1_24' title="bbox 237 3009 1342 3096; baseline -0.005 -15"><span class='ocrx_word' id='word_1_188' title='bbox 237 3023 275 3080; x_wconf 90' lang='lat' dir='ltr'>ut</span> <span class='ocrx_word' id='word_1_189' title='bbox 304 3013 450 3096; x_wconf 85' lang='lat' dir='ltr'>deferat;</span> <span class='ocrx_word' id='word_1_190' title='bbox 476 3018 674 3076; x_wconf 88' lang='lat' dir='ltr'>nontamen</span> <span class='ocrx_word' id='word_1_191' title='bbox 698 3009 831 3074; x_wconf 85' lang='lat' dir='ltr'>deferre</span> <span class='ocrx_word' id='word_1_192' title='bbox 853 3017 998 3074; x_wconf 88' lang='lat' dir='ltr'>tenetur.</span> <span class='ocrx_word' id='word_1_193' title='bbox 1022 3012 1073 3076; x_wconf 85' lang='lat' dir='ltr'>ita</span> <span class='ocrx_word' id='word_1_194' title='bbox 1100 3009 1259 3079; x_wconf 79' lang='lat' dir='ltr'>doctores</span> <span class='ocrx_word' id='word_1_195' title='bbox 1279 3027 1342 3076; x_wconf 86' lang='lat' dir='ltr'>oum</span> 
     </span>
     <span class='ocr_line' id='line_1_25' title="bbox 237 3124 1101 3215; baseline -0.001 -21"><span class='ocrx_word' id='word_1_196' title='bbox 237 3129 526 3214; x_wconf 85' lang='lat' dir='ltr'>Schmalzgrueber</span> <span class='ocrx_word' id='word_1_197' title='bbox 543 3127 588 3215; x_wconf 89' lang='lat' dir='ltr'>(in</span> <span class='ocrx_word' id='word_1_198' title='bbox 602 3127 654 3192; x_wconf 87' lang='lat' dir='ltr'>tit.</span> <span class='ocrx_word' id='word_1_199' title='bbox 672 3129 727 3206; x_wconf 80' lang='lat'>28,</span> <span class='ocrx_word' id='word_1_200' title='bbox 744 3126 803 3191; x_wconf 84' lang='lat' dir='ltr'>lib.</span> <span class='ocrx_word' id='word_1_201' title='bbox 822 3124 960 3204; x_wconf 75' lang='lat' dir='ltr'>idean,</span> <span class='ocrx_word' id='word_1_202' title='bbox 976 3145 1009 3190; x_wconf 90' lang='lat' dir='ltr'>n.</span> <span class='ocrx_word' id='word_1_203' title='bbox 1032 3125 1101 3211; x_wconf 82' lang='lat'>93).</span> 
     </span>
    </p>
   </div>
   <div class='ocr_carea' id='block_1_7' title="bbox 282 3240 1410 3329">
    <p class='ocr_par' dir='ltr' id='par_1_8' title="bbox 282 3240 1410 3329">
     <span class='ocr_line' id='line_1_26' title="bbox 282 3240 1410 3329; baseline -0.004 -16"><span class='ocrx_word' id='word_1_204' title='bbox 282 3250 317 3313; x_wconf 73' lang='grc' dir='ltr'>θ’</span> <span class='ocrx_word' id='word_1_205' title='bbox 341 3243 477 3327; x_wconf 87' lang='lat' dir='ltr'>Quando</span> <span class='ocrx_word' id='word_1_206' title='bbox 490 3242 594 3329; x_wconf 80' lang='lat' dir='ltr'>judex</span> <span class='ocrx_word' id='word_1_207' title='bbox 617 3262 708 3324; x_wconf 85' lang='lat' dir='ltr'>aqna</span> <span class='ocrx_word' id='word_1_208' title='bbox 727 3241 937 3325; x_wconf 88' lang='lat' dir='ltr'>appellationi</span> <span class='ocrx_word' id='word_1_209' title='bbox 951 3240 1084 3307; x_wconf 80' lang='lat' dir='ltr'>deferre</span> <span class='ocrx_word' id='word_1_210' title='bbox 1101 3243 1245 3328; x_wconf 81' lang='lat' dir='ltr'>legitime</span> <span class='ocrx_word' id='word_1_211' title='bbox 1261 3261 1343 3310; x_wconf 84' lang='lat' dir='ltr'>reau-</span> <span class='ocrx_word' id='word_1_212' title='bbox 1409 3241 1410 3270; x_wconf 72' lang='lat'>³</span> 
     </span>
    </p>
   </div>
   <div class='ocr_carea' id='block_1_8' title="bbox 213 3356 1343 3887">
    <p class='ocr_par' dir='ltr' id='par_1_9' title="bbox 241 3356 1343 3560">
     <span class='ocr_line' id='line_1_27' title="bbox 242 3356 1343 3443; baseline -0.006 -16"><span class='ocrx_word' id='word_1_213' title='bbox 242 3369 308 3440; x_wconf 88' lang='lat' dir='ltr'>sat,</span> <span class='ocrx_word' id='word_1_214' title='bbox 338 3359 440 3426; x_wconf 88' lang='lat' dir='ltr'>debet</span> <span class='ocrx_word' id='word_1_215' title='bbox 460 3357 666 3424; x_wconf 86' lang='lat' dir='ltr'>nihilominus</span> <span class='ocrx_word' id='word_1_216' title='bbox 684 3356 848 3440; x_wconf 90' lang='lat' dir='ltr'>apostolos</span> <span class='ocrx_word' id='word_1_217' title='bbox 872 3357 1048 3439; x_wconf 87' lang='lat' dir='ltr'>appellanti</span> <span class='ocrx_word' id='word_1_218' title='bbox 1068 3356 1270 3443; x_wconf 90' lang='lat' dir='ltr'>concedere;</span> <span class='ocrx_word' id='word_1_219' title='bbox 1295 3356 1343 3442; x_wconf 91' lang='lat' dir='ltr'>qui</span> 
     </span>
     <span class='ocr_line' id='line_1_28' title="bbox 241 3451 1343 3560; baseline -0.005 -20"><span class='ocrx_word' id='word_1_220' title='bbox 241 3451 387 3560; x_wconf 86' lang='lat' dir='ltr'>apostoli,</span> <span class='ocrx_word' id='word_1_221' title='bbox 406 3483 553 3558; x_wconf 90' lang='lat' dir='ltr'>utsupra</span> <span class='ocrx_word' id='word_1_222' title='bbox 572 3471 697 3538; x_wconf 88' lang='lat' dir='ltr'>dictum</span> <span class='ocrx_word' id='word_1_223' title='bbox 712 3471 785 3549; x_wconf 90' lang='lat' dir='ltr'>fuit,</span> <span class='ocrx_word' id='word_1_224' title='bbox 807 3489 938 3553; x_wconf 88' lang='lat' dir='ltr'>semper</span> <span class='ocrx_word' id='word_1_225' title='bbox 958 3479 1034 3536; x_wconf 90' lang='lat' dir='ltr'>sunt</span> <span class='ocrx_word' id='word_1_226' title='bbox 1048 3467 1254 3539; x_wconf 86' lang='lat' dir='ltr'>concedendi</span> <span class='ocrx_word' id='word_1_227' title='bbox 1270 3495 1276 3538; x_wconf 94' lang='lat'><strong>:</strong></span> <span class='ocrx_word' id='word_1_228' title='bbox 1292 3467 1343 3536; x_wconf 90' lang='lat' dir='ltr'>sed</span> 
     </span>
    </p>

    <p class='ocr_par' dir='ltr' id='par_1_10' title="bbox 213 3583 1343 3887">
     <span class='ocr_line' id='line_1_29' title="bbox 213 3583 1343 3673; baseline -0.009 -16"><span class='ocrx_word' id='word_1_229' title='bbox 213 3627 215 3632; x_wconf 95' lang='lat'>·</span> <span class='ocrx_word' id='word_1_230' title='bbox 238 3600 318 3657; x_wconf 89' lang='lat' dir='ltr'>tunc</span> <span class='ocrx_word' id='word_1_231' title='bbox 336 3593 529 3673; x_wconf 76' lang='lat' dir='ltr'>refutatorias</span> <span class='ocrx_word' id='word_1_232' title='bbox 551 3587 728 3669; x_wconf 73' lang='lat' dir='ltr'>concedet,</span> <span class='ocrx_word' id='word_1_233' title='bbox 747 3605 803 3652; x_wconf 89' lang='lat' dir='ltr'>eos</span> <span class='ocrx_word' id='word_1_234' title='bbox 826 3605 943 3670; x_wconf 90' lang='lat' dir='ltr'>nempe</span> <span class='ocrx_word' id='word_1_235' title='bbox 957 3585 1077 3671; x_wconf 86' lang='lat' dir='ltr'>quibus</span> <span class='ocrx_word' id='word_1_236' title='bbox 1093 3595 1239 3653; x_wconf 86' lang='lat' dir='ltr'>testetur</span> <span class='ocrx_word' id='word_1_237' title='bbox 1255 3583 1343 3673; x_wconf 87' lang='lat' dir='ltr'>judici</span> 
     </span>
     <span class='ocr_line' id='line_1_30' title="bbox 239 3700 1342 3789; baseline -0.007 -18"><span class='ocrx_word' id='word_1_238' title='bbox 239 3713 280 3772; x_wconf 82' lang='lat' dir='ltr'>aa</span> <span class='ocrx_word' id='word_1_239' title='bbox 301 3725 401 3789; x_wconf 83' lang='lat' dir='ltr'>quem,</span> <span class='ocrx_word' id='word_1_240' title='bbox 435 3703 635 3789; x_wconf 85' lang='lat' dir='ltr'>appeliatum</span> <span class='ocrx_word' id='word_1_241' title='bbox 654 3700 785 3787; x_wconf 91' lang='lat' dir='ltr'>quidem</span> <span class='ocrx_word' id='word_1_242' title='bbox 808 3701 919 3778; x_wconf 81' lang='lat' dir='ltr'>tuisse,</span> <span class='ocrx_word' id='word_1_243' title='bbox 947 3700 1163 3785; x_wconf 85' lang='lat' dir='ltr'>appellationi</span> <span class='ocrx_word' id='word_1_244' title='bbox 1185 3711 1292 3768; x_wconf 85' lang='lat' dir='ltr'>autem</span> <span class='ocrx_word' id='word_1_245' title='bbox 1313 3717 1342 3763; x_wconf 89' lang='lat' dir='ltr'>se</span> 
     </span>
     <span class='ocr_line' id='line_1_31' title="bbox 238 3820 487 3887; baseline -0.012 -1"><span class='ocrx_word' id='word_1_246' title='bbox 238 3839 303 3887; x_wconf 89' lang='lat' dir='ltr'>non</span> <span class='ocrx_word' id='word_1_247' title='bbox 319 3820 487 3886; x_wconf 88' lang='lat' dir='ltr'>detulisse.</span> 
     </span>
    </p>
   </div>
   <div class='ocr_carea' id='block_1_9' title="bbox 278 3915 1343 4020">
    <p class='ocr_par' dir='ltr' id='par_1_11' title="bbox 278 3897 1409 4020">
     <span class='ocr_line' id='line_1_32' title="bbox 278 3915 1343 4020; baseline -0.008 -17"><span class='ocrx_word' id='word_1_248' title='bbox 278 3915 430 4020; x_wconf 71' lang='lat' dir='ltr'>Qumsmo</span> <span class='ocrx_word' id='word_1_249' title='bbox 446 3938 490 4001; x_wconf 77' lang='lat'>2¹.</span> <span class='ocrx_word' id='word_1_250' title='bbox 508 3971 553 3983; x_wconf 92' lang='lat'>-</span> <span class='ocrx_word' id='word_1_251' title='bbox 567 3937 651 4015; x_wconf 84' lang='lat' dir='ltr'>Quid</span> <span class='ocrx_word' id='word_1_252' title='bbox 667 3953 756 4015; x_wconf 82' lang='lat' dir='ltr'>apere</span> <span class='ocrx_word' id='word_1_253' title='bbox 771 3935 878 3996; x_wconf 85' lang='lat' dir='ltr'>debeat</span> <span class='ocrx_word' id='word_1_254' title='bbox 892 3936 988 4014; x_wconf 74' lang='lat' dir='ltr'>jadas</span> <span class='ocrx_word' id='word_1_255' title='bbox 1008 3936 1051 3998; x_wconf 87' lang='lat' dir='ltr'>ad</span> <span class='ocrx_word' id='word_1_256' title='bbox 1065 3949 1163 4014; x_wconf 68' lang='lat' dir='ltr'>mem,</span> <span class='ocrx_word' id='word_1_257' title='bbox 1175 3941 1246 4016; x_wconf 81' lang='lat' dir='ltr'>post</span> <span class='ocrx_word' id='word_1_258' title='bbox 1259 3938 1343 3998; x_wconf 78' lang='lat' dir='ltr'>intro</span> 
     </span>
    </p>
   </div>
   <div class='ocr_carea' id='block_1_10' title="bbox 232 4033 1343 4484">
    <p class='ocr_par' dir='ltr' id='par_1_12' title="bbox 232 4033 1343 4484">
     <span class='ocr_line' id='line_1_33' title="bbox 233 4033 1342 4136; baseline -0.009 -17"><span class='ocrx_word' id='word_1_259' title='bbox 233 4058 354 4120; x_wconf 83' lang='lat' dir='ltr'>ductam</span> <span class='ocrx_word' id='word_1_260' title='bbox 376 4061 409 4118; x_wconf 87' lang='lat' dir='ltr'>in</span> <span class='ocrx_word' id='word_1_261' title='bbox 423 4058 519 4136; x_wconf 87' lang='lat' dir='ltr'>ipsias</span> <span class='ocrx_word' id='word_1_262' title='bbox 542 4057 627 4113; x_wconf 80' lang='lat' dir='ltr'>caria</span> <span class='ocrx_word' id='word_1_263' title='bbox 641 4033 898 4132; x_wconf 80' lang='lat' dir='ltr'>appellationem?</span> <span class='ocrx_word' id='word_1_264' title='bbox 914 4085 958 4098; x_wconf 88' lang='lat'>-</span> <span class='ocrx_word' id='word_1_265' title='bbox 976 4053 1008 4114; x_wconf 82' lang='lat'>1⁰</span> <span class='ocrx_word' id='word_1_266' title='bbox 1024 4049 1136 4116; x_wconf 88' lang='lat' dir='ltr'>Debet</span> <span class='ocrx_word' id='word_1_267' title='bbox 1151 4058 1228 4116; x_wconf 86' lang='lat' dir='ltr'>ante</span> <span class='ocrx_word' id='word_1_268' title='bbox 1248 4047 1342 4116; x_wconf 81' lang='lat' dir='ltr'>omnia</span> 
     </span>
     <span class='ocr_line' id='line_1_34' title="bbox 232 4155 1342 4254; baseline -0.01 -18"><span class='ocrx_word' id='word_1_269' title='bbox 232 4185 426 4254; x_wconf 84' lang='lat' dir='ltr'>cognoscere</span> <span class='ocrx_word' id='word_1_270' title='bbox 439 4185 479 4231; x_wconf 93' lang='lat' dir='ltr'>an</span> <span class='ocrx_word' id='word_1_271' title='bbox 493 4163 581 4250; x_wconf 87' lang='lat' dir='ltr'>justa</span> <span class='ocrx_word' id='word_1_272' title='bbox 596 4163 699 4229; x_wconf 85' lang='lat' dir='ltr'>fuerit</span> <span class='ocrx_word' id='word_1_273' title='bbox 721 4155 907 4246; x_wconf 90' lang='lat' dir='ltr'>appellandi</span> <span class='ocrx_word' id='word_1_274' title='bbox 925 4183 1041 4247; x_wconf 83' lang='lat' dir='ltr'>oausa3</span> <span class='ocrx_word' id='word_1_275' title='bbox 1062 4170 1098 4229; x_wconf 87' lang='lat' dir='ltr'>et</span> <span class='ocrx_word' id='word_1_276' title='bbox 1116 4173 1289 4250; x_wconf 83' lang='lat' dir='ltr'>antequam</span> <span class='ocrx_word' id='word_1_277' title='bbox 1305 4159 1342 4226; x_wconf 85' lang='lat' dir='ltr'>de</span> 
     </span>
     <span class='ocr_line' id='line_1_35' title="bbox 232 4257 1343 4366; baseline -0.008 -15"><span class='ocrx_word' id='word_1_278' title='bbox 232 4257 451 4351; x_wconf 38' lang='lat' dir='ltr'>hoc&#39;articulo</span> <span class='ocrx_word' id='word_1_279' title='bbox 474 4280 689 4366; x_wconf 85' lang='lat' dir='ltr'>judicaverit,</span> <span class='ocrx_word' id='word_1_280' title='bbox 714 4298 780 4344; x_wconf 89' lang='lat' dir='ltr'>non</span> <span class='ocrx_word' id='word_1_281' title='bbox 795 4285 904 4362; x_wconf 89' lang='lat' dir='ltr'>potest</span> <span class='ocrx_word' id='word_1_282' title='bbox 926 4277 968 4345; x_wconf 90' lang='lat' dir='ltr'>de</span> <span class='ocrx_word' id='word_1_283' title='bbox 985 4295 1087 4344; x_wconf 55' lang='lat' dir='ltr'>causa*</span> <span class='ocrx_word' id='word_1_284' title='bbox 1107 4279 1276 4363; x_wconf 84' lang='lat' dir='ltr'>principali</span> <span class='ocrx_word' id='word_1_285' title='bbox 1296 4294 1343 4342; x_wconf 88' lang='lat' dir='ltr'>ca·</span> 
     </span>
     <span class='ocr_line' id='line_1_36' title="bbox 234 4381 1133 4484; baseline -0.008 -17"><span class='ocrx_word' id='word_1_286' title='bbox 234 4417 402 4484; x_wconf 80' lang='lat' dir='ltr'>gnoscere,</span> <span class='ocrx_word' id='word_1_287' title='bbox 427 4413 538 4479; x_wconf 90' lang='lat' dir='ltr'>neque</span> <span class='ocrx_word' id='word_1_288' title='bbox 554 4410 683 4459; x_wconf 88' lang='lat' dir='ltr'>eausam</span> <span class='ocrx_word' id='word_1_289' title='bbox 705 4381 807 4478; x_wconf 73' lang='lat' dir='ltr'>iudici</span> <span class='ocrx_word' id='word_1_290' title='bbox 831 4412 851 4456; x_wconf 86' lang='lat' dir='ltr'>a</span> <span class='ocrx_word' id='word_1_291' title='bbox 876 4395 1133 4476; x_wconf 67' lang='lat' dir='ltr'>pereminens</span> 
     </span>
    </p>
   </div>
   <div class='ocr_carea' id='block_1_11' title="bbox 0 0 1422 5118">
    <p class='ocr_par' dir='ltr' id='par_1_13' title="bbox 0 0 1422 5118">
     <span class='ocr_line' id='line_1_37' title="bbox 0 0 1422 5118; baseline 0 0"><span class='ocrx_word' id='word_1_292' title='bbox 0 0 1422 5118; x_wconf 95' lang='lat' dir='ltr'> </span> 
     </span>
    </p>
   </div>
  </div>
 </body>
</html>
