2848 5118
248 379 309 444 198
527 471 530 478 Δ
591 401 780 451 moranus
801 388 846 450 nn
867 401 1016 450 runicus.

289 525 412 601 Quinto,
434 526 704 594 communitates:
725 547 769 594 eae
793 528 879 594 enim
898 525 1009 610 jurant
1028 545 1089 609 per
1106 525 1276 612 syndicum
1296 547 1342 592 seu
1412 501 1413 540 ³

244 639 492 720 procuratorem
507 641 603 706 suuni
617 629 813 726 generalem,
831 643 857 708 si
881 662 978 728 quem
998 643 1211 708 constitutum
1227 643 1284 708 sibi
1298 643 1343 708 ba·
1412 637 1413 662 ¹

244 752 354 819 beant.
385 756 417 819 st
445 757 569 824 nullum
597 759 757 826 baberent
784 759 944 846 ejusmodi
968 767 1229 842 procuratorem,
1247 758 1343 844 jurare

245 855 384 936 deberet
408 876 648 942 communitatis
662 877 826 960 praelatus,
846 876 900 942 vel
919 875 1005 942 solus
1022 877 1060 963 (si
1079 895 1176 940 cause
1200 874 1242 940 de
1262 876 1296 940 iis'
1310 877 1344 940 sit

244 1005 325 1072 quas
339 994 447 1071 potest
471 989 639 1076 injudicio
667 991 833 1075 suscipere
855 992 977 1076 ubsque
998 1011 1157 1057 consensu
1180 996 1344 1056 conventus

245 1101 305 1187 sui)
323 1104 377 1168 vel
395 1103 432 1192 (si
446 1106 551 1191 secus)
565 1128 639 1173 cum
654 1107 768 1193 majori
782 1117 875 1192 parte
892 1117 1083 1174 conventus.

290 1221 336 1286 ll.
358 1219 407 1286 Ad
418 1221 637 1306 prestandum
652 1224 873 1308 juramentum
899 1219 1065 1288 calumniae
1080 1231 1238 1288 tenentur
1260 1222 1345 1288 etiam

246 1345 485 1426 procuratores.
511 1337 604 1426 (Vide
628 1339 928 1423 Schmulzgrueber‚
949 1340 981 1404 in
1000 1339 1097 1404 titulo
1117 1345 1148 1416 7,
1171 1337 1245 1403 libri
1265 1336 1282 1402 2
1302 1335 1346 1401 de·

245 1460 343 1530 eret,
359 1473 393 1519 n.
416 1453 484 1539 ll.)

290 1563 349 1634 IIl.
363 1572 412 1634 De
429 1569 503 1656 jure
519 1574 691 1650 communi,
713 1579 907 1640 tenerentur
937 1572 1035 1637 etiam
1062 1570 1281 1656 juramentum
1306 1589 1349 1634 ea·

246 1687 374 1752 lumniae
387 1688 540 1754 emittere
567 1688 717 1754 advocati
734 1708 794 1754 seu
818 1689 947 1772 patroni
972 1705 1169 1776 causarum:
1190 1705 1301 1752 verum
1315 1683 1348 1750 de

247 1801 482 1868 consuetudine
503 1803 538 1869 id
555 1802 700 1889 jamnon
721 1804 845 1868 servari
866 1805 899 1867 in
915 1801 1013 1868 curiis
1029 1802 1263 1878 ecelesiasticis,
1280 1797 1346 1865 ride

248 1916 336 2000 apud
354 1918 642 2003 Schmalzgrueber
656 1921 767 2008 (citato
782 1916 878 2003 loco).

293 2032 444 2113 ansero
463 2038 507 2112 3⁸1.
528 2071 574 2084 —
599 2040 663 2116 Quo
680 2043 743 2099 rito
753 2042 897 2117 prestari
914 2035 1018 2098 debeat
1039 2037 1349 2116 columoioejuromea-

251 2153 338 2213 tum?
360 2186 406 2196 -
427 2152 459 2213 1⁰
482 2151 642 2216 Defertur
665 2151 857 2216 auctoritate
870 2149 1004 2234 judieis3
1020 2153 1054 2214 2⁰
1068 2153 1242 2233 praestatur
1255 2162 1350 2211 eoram

250 2246 365 2331 eodem
383 2263 508 2350 judice3
528 2272 563 2333 3⁰
576 2275 738 2351 praesente
761 2266 947 2334 adversario
964 2267 1018 2332 vel
1040 2264 1111 2350 ejus
1134 2271 1349 2347 procuratore3

251 2383 286 2446 4⁰
298 2384 391 2447 tactis
413 2385 510 2449 saeris
526 2386 710 2468 scripturis,
736 2386 762 2450 si
780 2384 893 2469 jurans
912 2383 1033 2448 nonsit
1051 2381 1083 2445 in
1098 2381 1197 2445 saeris
1212 2379 1352 2446 eonstitu-

251 2506 323 2564 tus:
341 2499 514 2584 propositis
526 2507 654 2566 tentum
670 2502 866 2586 Euangelus,
882 2507 916 2565 et
933 2519 1030 2564 manu
1043 2497 1171 2583 pectori
1184 2495 1319 2571 admota,
1331 2493 1351 2558 si

250 2615 362 2700 jurans
381 2617 422 2682 sit
436 2619 625 2702 Episcopus
640 2621 693 2686 vel
718 2637 816 2684 etiam
836 2618 973 2683 clericus
994 2618 1026 2680 in
1040 2615 1139 2680 sacris
1159 2615 1348 2680 constitutus.

255 2730 348 2818 (Vide
367 2733 668 2818 Sobmalzgrueber‚
686 2737 758 2801 loco
772 2737 841 2814 eit,
859 2754 893 2800 n.
912 2729 978 2816 ll.)
997 2732 1279 2798 Formulasantem
1293 2743 1350 2812 quae
1412 2721 1413 2800 J

253 2848 287 2912 in
301 2846 361 2912 hoc
376 2847 557 2914 emittendo
564 2847 751 2934 juramento
764 2849 911 2914 adbiberi
929 2848 1082 2924 solerent,
1099 2844 1176 2911 vide
1191 2843 1276 2930 apud
1294 2841 1352 2908 Pel·

255 2963 373 3048 legrini
390 2965 728 3051 (marcomanorum,
747 2973 840 3049 parte
851 2967 884 3044 2,
903 2965 1045 3030 sectione
1061 2966 1092 3042 2,
1111 2961 1311 3028 subsectione
1324 2957 1349 3031 l,

256 3075 376 3161 n.15).

300 3195 450 3276 Qumsmo
475 3197 520 3261 4¹.
544 3234 589 3246 —-
616 3202 760 3278 murram
779 3203 820 3260 sit
829 3217 919 3279 poeno
937 3200 1102 3259 recusantis
1114 3201 1263 3276 prostare
1277 3197 1352 3274 jorc-

255 3320 386 3376 meotam
396 3315 577 3376 calamato?
590 3351 635 3362 -
653 3314 730 3379 Eam
749 3314 795 3376 sic
805 3311 953 3378 decrevit
968 3307 1218 3393 GregoriusIX:
1239 3307 1352 3370 «Poena

260 3452 276 3488 a
294 3423 373 3493 vero
387 3430 565 3494 recusantis
582 3429 644 3494 boe
655 3429 888 3514 juramentum,
911 3447 985 3494 cum
1015 3423 1238 3510 praestandum
1256 3419 1350 3490 fuerit,

261 3567 278 3605 e
294 3551 354 3622 est,
372 3549 410 3608 ut
422 3551 513 3609 actor
527 3543 568 3608 ab
580 3546 728 3610 instituto
744 3544 838 3610 cadat
857 3545 982 3610 actione
1003 3565 1009 3608 :
1030 3559 1108 3626 relus
1122 3547 1234 3606 autem
1255 3532 1350 3602 haberi

261 3683 277 3720 «
295 3657 414 3726 debeat
427 3677 488 3742 pro
500 3659 658 3726 confesso.
679 3688 693 3717 υ
712 3661 800 3746 (Cap.
818 3669 848 3738 7,
865 3660 953 3726 tituli
966 3667 997 3737 7,
1014 3658 1090 3724 libri
1110 3660 1130 3721 2
1148 3650 1287 3736 decret.)

770 3916 786 3989 5
807 3911 865 3977 Ill.

261 4155 381 4216 Quomodo
409 4160 461 4204 ante
487 4155 616 4204 recentiora
643 4160 748 4216 tempora
768 4166 786 4221 a
805 4151 932 4202 canonistis
954 4150 1107 4200 communiter
1127 4147 1269 4198 intellectum
1289 4139 1352 4192 luent·

291 4289 294 4294 .
356 4253 514 4312 juramentum
527 4248 647 4298 calumniae
658 4231 683 4296 in
695 4248 773 4296 causis
782 4247 851 4296 etiam
865 4244 1027 4295 criminalibus
1038 4257 1090 4292 esse
1102 4240 1268 4304 praestandum.

304 4481 547 4548 canonistarum
572 4477 719 4544 doctrina
737 4477 779 4542 de
802 4477 994 4542 necessitate
1018 4471 1199 4548 emittendi,
1225 4461 1353 4535 etiem-in
