2848 5118
518 403 597 449 raas
619 404 778 451 secunus.
1138 393 1201 453 205

103 527 262 604 «adhibet,
282 537 320 593 ut
342 531 466 593 crimen
488 535 692 612 extorqueat,
714 532 751 593 ele
769 551 824 611 quo
843 533 929 593 uuita
945 539 1053 594 exterat
1072 512 1198 611 iudicia,

102 647 257 725 «iufamia,
276 648 527 727 amputatio.»
553 645 751 731 (Pellegrini,
769 655 863 730 parte
879 647 912 724 4,
931 655 1014 712 sect.
1035 651 1067 728 9,
1087 667 1202 716 nume·

98 760 135 823 ris
150 763 179 836 9,
200 763 237 823 ln
252 767 286 825 et
301 758 368 844 15.)

134 875 187 938 Ill.
206 877 246 938 Ut
266 878 397 957 lepitime
411 895 478 938 reus
496 882 706 958 iuterroqetur,
726 883 891 958 requiritur
905 885 940 940 ut
954 884 1044 958 prius
1062 884 1090 940 ei
1101 880 1202 960 judee

95 993 205 1070 iudicet,
222 1011 358 1072 puoeuom
371 999 475 1055 contra
489 979 587 1074 ipsum
601 993 746 1055 habeatur
755 993 909 1075 probatio,
932 995 980 1055 vel
997 1013 1134 1074 puoeuom
1158 999 1204 1058 ira-

95 1105 165 1165 dieia
175 1106 348 1184 praeiacet
362 1123 497 1185 qaaoeuam
508 1107 648 1184 iufamia.
667 1104 893 1187 —Duplicem
906 1102 947 1168 de
967 1105 1027 1169 hoc
1042 1107 1202 1171 rationem

95 1215 179 1282 affert
196 1217 400 1302 Pellcgrinus
420 1219 502 1305 (loco
518 1220 630 1296 citato,
652 1240 685 1283 n.
713 1217 764 1302 ll)
782 1241 788 1284 :
806 1243 821 1280 a
836 1224 951 1296 Primo,
967 1228 1004 1284 ut
1023 1241 1110 1299 rcus,
1126 1240 1201 1286 cum

98 1353 111 1393 a
126 1333 180 1397 sihi
191 1333 307 1398 indicia
321 1335 580 1411 manifestantur,
595 1354 665 1419 quae
676 1343 789 1401 contra
802 1354 878 1400 eum
892 1344 978 1413 sunt,
990 1339 1071 1401 sciat
1084 1357 1118 1402 se
1132 1357 1202 1404 esse

99 1449 158 1513 ain
175 1457 261 1514 statu
280 1457 317 1516 ut
340 1457 495 1516 teneatur
514 1450 715 1534 respondere
744 1453 916 1518 veritatem
941 1452 1044 1538 judici
1067 1455 1204 1520 iuterro-

99 1564 228 1646 aganti3
245 1566 318 1649 quia
341 1574 515 1651 antequam
532 1567 612 1631 sciat
634 1585 667 1630 se
683 1566 827 1650 legitime
849 1573 884 1632 et
905 1564 1044 1651 juridice
1064 1569 1206 1634 iuterro-

99 1681 201 1762 agari,
218 1700 281 1745 non
292 1689 427 1747 tenetur
449 1682 622 1746 veritatem
636 1683 667 1746 ei
685 1681 867 1766 propalare,
889 1701 997 1766 neque
1012 1684 1045 1746 in
1063 1683 1135 1748 foro
1152 1702 1204 1749 er·

98 1818 111 1855 a
126 1797 246 1874 teriori,
268 1816 374 1881 neque
389 1797 422 1860 in
434 1797 583 1862 interiori
595 1797 628 1860 in
645 1795 745 1862 rebus
762 1797 896 1880 magnis,
916 1798 1043 1862 scilicet
1057 1798 1197 1878 honoris,

99 1909 225 1989 aiamae,
243 1913 329 1988 vitae,
344 1911 515 1988 bonorum,
529 1913 555 1976 si
569 1919 662 1994 putat
677 1911 834 1977 delictum
855 1932 925 1977 esse
943 1914 1109 1978 occultum
1125 1920 1158 1978 et
1172 1913 1203 1979 ei

98 2047 186 2094 anon
199 2035 325 2093 constet
339 2027 426 2112 quod
440 2028 583 2112 legitime
597 2030 819 2112 interrogetur
831 2050 839 2111 3
858 2048 949 2094 secus
964 2031 998 2124 in
1014 2028 1114 2096 rebus
1131 2049 1204 2113 par·

98 2166 112 2204 a
127 2145 220 2209 viset
237 2145 425 2220 levioribus,
444 2146 471 2209 si
485 2147 564 2210 sciat
573 2143 719 2228 judicem
733 2163 803 2210 esse
819 2145 929 2210 virum
948 2146 1087 2228 probum
1104 2153 1137 2210 et
1153 2145 1209 2214 do·

98 2265 233 2339 aetum3
254 2276 329 2320 nam
350 2262 428 2321 tunc
446 2265 581 2322 tenetur
601 2257 633 2322 ei
652 2254 809 2335 credere,
834 2265 869 2322 et
890 2259 1063 2324 veritatem
1083 2257 1204 2324 dicere.

98 2375 268 2452 «semaia,
288 2380 327 2437 ut
343 2373 441 2455 possit
455 2392 489 2438 se
510 2392 652 2457 purgare
671 2380 706 2437 et
722 2372 833 2438 dicere
848 2381 961 2438 contra
977 2371 1099 2437 indicia
1114 2371 1210 2457 quid·
1236 2411 1237 2415 =

98 2510 113 2549 a
127 2488 202 2572 quid
211 2486 286 2574 jure
303 2490 459 2572 potuerit.
1141 2491 1144 2502 “

138 2627 153 2666 a
167 2603 261 2670 Unde
279 2605 445 2670 conclusio
462 2613 521 2681 est,
539 2613 577 2669 nt
592 2606 618 2670 si
642 2601 843 2688 procedatur
857 2625 918 2690 per
932 2607 1018 2671 viam
1031 2605 1210 2689 inquisitio-

99 2745 111 2773 «
129 2721 187 2796 nis,
209 2719 329 2785 debeat
347 2719 394 2786 illi
410 2728 558 2786 constare
579 2721 622 2786 de
643 2720 796 2787 infamia:
812 2723 838 2786 si
854 2721 905 2785 via
928 2721 1140 2786 accusationis
1166 2718 1208 2788 de

99 2837 315 2921 «semi-plena
337 2837 527 2921 probatione
539 2859 546 2920 ;
560 2836 657 2915 idest,
679 2844 717 2901 ut
732 2838 773 2902 sit
792 2839 888 2902 testis
909 2837 998 2902 omni
1017 2835 1209 2918 exceptione

99 2950 240 3036 amaj0r3
258 2953 334 3041 quia
357 2953 384 3016 si
407 2961 515 3035 potest
532 2958 644 3017 contra
665 2971 768 3018 unum
782 2960 902 3018 testem
921 2953 1114 3036 semi-plene
1131 2970 1209 3035 pro·

99 3065 259 3134 abentem
276 3068 397 3152 aliquid
411 3066 550 3152 juridice
571 3070 700 3151 opponi,
719 3089 784 3133 non
805 3067 882 3133 facit
898 3069 1035 3152 amplius
1049 3067 1210 3152 semi-ple·

100 3199 197 3244 anam
216 3181 453 3264 probationem.
479 3183 520 3246 Et
545 3181 691 3245 similiter
714 3179 837 3245 debent
860 3180 908 3244 illi
929 3182 1068 3263 proponi
1090 3179 1209 3245 indicia

101 3313 196 3380 aquae
207 3295 310 3382 judex
326 3305 439 3362 contra
453 3316 528 3362 eum
540 3297 658 3380 habet3
676 3296 787 3361 namsi
800 3297 864 3361 sint
876 3297 973 3376 levia,
991 3297 1056 3361 vina
1073 3317 1138 3361 non
1152 3295 1208 3361 ha·

101 3434 116 3472 u
129 3411 262 3490 bent...,
282 3419 564 3497 etconsequenter
576 3412 757 3496 procedere
776 3432 841 3478 non
854 3418 963 3496 posset
981 3433 988 3477 :
1006 3413 1115 3496 gravia
1129 3429 1207 3477 vero

102 3527 267 3613 «juridice
289 3528 426 3612 probata
450 3547 519 3594 esse
544 3526 667 3594 debent
695 3526 881 3592 testimonio
906 3526 1046 3593 duorum
1075 3526 1207 3592 testium

103 3645 216 3710 aomni
231 3647 423 3730 exceptione
435 3643 607 3730 majorum.
629 3625 632 3630 ¹

144 3762 324 3847 «Alioquin
343 3762 369 3824 si
382 3779 458 3825 reus
473 3761 706 3844 interrogetur,
724 3757 774 3822 his
792 3777 856 3822 non
874 3747 1144 3836 manifestatis...,
1166 3756 1208 3825 de

104 3877 235 3962 aaliquo
251 3877 379 3943 occulto
395 3875 539 3954 crimine,
559 3874 678 3959 dequo
696 3892 760 3938 non
777 3881 828 3939 est
841 3871 983 3950 infamia,
1002 3893 1063 3938 nec
1077 3873 1206 3952 indicia,

104 4014 119 4054 a
136 3993 395 4076 necsemi-plena
407 3991 567 4075 probatio,
585 4009 650 4056 non
663 3998 815 4074 peccaret
827 3989 854 4053 si
866 3989 1001 4054 celaret.
1013 4014 1030 4050 a

142 4109 196 4172 lt.
217 4114 284 4174 lt’oa
303 4117 402 4172 tornea
431 4115 547 4171 terretur
557 4110 668 4190 judeae,
690 4113 849 4186 autequam
877 4125 960 4168 reum
985 4111 1158 4188 iuterropet,
1182 4115 1211 4171 ei

101 4231 208 4306 copiam
230 4228 349 4288 trudere
369 4244 522 4306 processus
550 4226 751 4303 informativi.
768 4257 814 4268 -
832 4221 931 4285 Posse
956 4239 1049 4286 reum
1071 4223 1211 4288 interro-

102 4339 168 4422 gari
191 4343 266 4426 quin
296 4339 383 4405 dicta
411 4340 502 4422 copia
526 4339 556 4404 ei
582 4337 753 4414 tradatur,
778 4344 965 4421 supponunt
995 4337 1104 4420 plures
1127 4336 1211 4422 juris

104 4458 217 4535 textus,
228 4475 308 4545 qnos
317 4453 391 4520 vide
408 4452 726 4538 apudPellegrinum
738 4452 841 4539 (parte
854 4451 886 4529 4,
900 4457 981 4517 sect.
994 4456 1026 4529 9,
1043 4471 1076 4516 n.
1090 4449 1135 4538 7);
1152 4454 1208 4537 qui
