<?xml version="1.0" encoding="UTF-8"?>
<!DOCTYPE html PUBLIC "-//W3C//DTD XHTML 1.0 Transitional//EN"
    "http://www.w3.org/TR/xhtml1/DTD/xhtml1-transitional.dtd">
<html xmlns="http://www.w3.org/1999/xhtml" xml:lang="en" lang="en">
 <head>
  <title>
</title>
<meta http-equiv="Content-Type" content="text/html;charset=utf-8" />
  <meta name='ocr-system' content='tesseract 3.04.00' />
  <meta name='ocr-capabilities' content='ocr_page ocr_carea ocr_par ocr_line ocrx_word'/>
</head>
<body>
  <div class='ocr_page' id='page_1' title='image "./tractatusdejudi01bouigoog_0565.png"; bbox 0 0 2930 5114; ppageno 0'>
   <div class='ocr_carea' id='block_1_1' title="bbox 271 355 1037 446">
    <p class='ocr_par' dir='ltr' id='par_1_1' title="bbox 271 355 1037 446">
     <span class='ocr_line' id='line_1_1' title="bbox 271 355 1037 446; baseline 0.003 -28"><span class='ocrx_word' id='word_1_1' title='bbox 271 355 334 418; x_wconf 81' lang='lat'><strong>556</strong></span> <span class='ocrx_word' id='word_1_2' title='bbox 612 371 800 428; x_wconf 79' lang='lat' dir='ltr'><strong>rmoraros</strong></span> <span class='ocrx_word' id='word_1_3' title='bbox 822 373 868 424; x_wconf 80' lang='lat' dir='ltr'><strong>aa</strong></span> <span class='ocrx_word' id='word_1_4' title='bbox 887 373 1037 446; x_wconf 67' lang='lat' dir='ltr'><strong>rnnnmns.</strong></span> 
     </span>
    </p>
   </div>
   <div class='ocr_carea' id='block_1_2' title="bbox 265 500 1367 934">
    <p class='ocr_par' dir='ltr' id='par_1_2' title="bbox 265 500 1367 934">
     <span class='ocr_line' id='line_1_2' title="bbox 267 500 1362 586; baseline 0.005 -22"><span class='ocrx_word' id='word_1_5' title='bbox 267 503 344 564; x_wconf 72' lang='lat' dir='ltr'><strong>ncta</strong></span> <span class='ocrx_word' id='word_1_6' title='bbox 361 505 431 565; x_wconf 70' lang='lat' dir='ltr'><strong>conl</strong></span> <span class='ocrx_word' id='word_1_7' title='bbox 456 500 516 564; x_wconf 75' lang='lat' dir='ltr'><strong>dccc</strong></span> <span class='ocrx_word' id='word_1_8' title='bbox 534 502 639 578; x_wconf 81' lang='lat' dir='ltr'><strong>die...,</strong></span> <span class='ocrx_word' id='word_1_9' title='bbox 657 506 823 581; x_wconf 71' lang='lat' dir='ltr'><strong>nemis...‚</strong></span> <span class='ocrx_word' id='word_1_10' title='bbox 841 521 977 566; x_wconf 68' lang='lat' dir='ltr'><strong>anm...</strong></span> <span class='ocrx_word' id='word_1_11' title='bbox 993 539 1038 550; x_wconf 89' lang='lat'><strong>--</strong></span> <span class='ocrx_word' id='word_1_12' title='bbox 1051 507 1115 585; x_wconf 75' lang='lat' dir='ltr'><strong>Epo</strong></span> <span class='ocrx_word' id='word_1_13' title='bbox 1136 506 1190 584; x_wconf 72' lang='lat' dir='ltr'><strong>N„</strong></span> <span class='ocrx_word' id='word_1_14' title='bbox 1208 507 1362 586; x_wconf 73' lang='lat' dir='ltr'><strong>epiaemmiir</strong></span> 
     </span>
     <span class='ocr_line' id='line_1_3' title="bbox 268 617 1367 706; baseline 0.003 -26"><span class='ocrx_word' id='word_1_15' title='bbox 268 621 360 680; x_wconf 67' lang='lat' dir='ltr'><strong>cumae</strong></span> <span class='ocrx_word' id='word_1_16' title='bbox 373 621 508 694; x_wconf 79' lang='lat' dir='ltr'><strong>aeolias,</strong></span> <span class='ocrx_word' id='word_1_17' title='bbox 527 617 646 696; x_wconf 76' lang='lat' dir='ltr'><strong>offirmo</strong></span> <span class='ocrx_word' id='word_1_18' title='bbox 667 625 702 680; x_wconf 81' lang='lat' dir='ltr'><strong>nt</strong></span> <span class='ocrx_word' id='word_1_19' title='bbox 724 638 827 700; x_wconf 81' lang='lat' dir='ltr'><strong>supro.</strong></span> <span class='ocrx_word' id='word_1_20' title='bbox 842 655 888 670; x_wconf 89' lang='lat'><strong>-·-</strong></span> <span class='ocrx_word' id='word_1_21' title='bbox 902 622 967 700; x_wconf 73' lang='lat' dir='ltr'><strong>Epo</strong></span> <span class='ocrx_word' id='word_1_22' title='bbox 983 625 1012 684; x_wconf 87' lang='lat' dir='ltr'><strong><em>N</em></strong></span> <span class='ocrx_word' id='word_1_23' title='bbox 1016 668 1039 698; x_wconf 87' lang='lat'><strong>.,</strong></span> <span class='ocrx_word' id='word_1_24' title='bbox 1059 624 1195 696; x_wconf 76' lang='lat' dir='ltr'><strong>Vtenrins</strong></span> <span class='ocrx_word' id='word_1_25' title='bbox 1216 621 1367 706; x_wconf 63' lang='lat' dir='ltr'><strong>penato„</strong></span> 
     </span>
     <span class='ocr_line' id='line_1_4' title="bbox 267 732 1362 819; baseline 0.005 -25"><span class='ocrx_word' id='word_1_26' title='bbox 267 767 312 780; x_wconf 91' lang='lat'>-</span> <span class='ocrx_word' id='word_1_27' title='bbox 327 734 389 813; x_wconf 74' lang='lat' dir='ltr'><strong>Epo</strong></span> <span class='ocrx_word' id='word_1_28' title='bbox 404 736 460 811; x_wconf 70' lang='lat' dir='ltr'><strong>lv„</strong></span> <span class='ocrx_word' id='word_1_29' title='bbox 475 737 641 798; x_wconf 77' lang='lat' dir='ltr'><strong>actuarias.</strong></span> <span class='ocrx_word' id='word_1_30' title='bbox 658 753 675 794; x_wconf 76' lang='lat' dir='ltr'><strong>a</strong></span> <span class='ocrx_word' id='word_1_31' title='bbox 693 732 751 798; x_wconf 90' lang='lat' dir='ltr'><strong>Ille</strong></span> <span class='ocrx_word' id='word_1_32' title='bbox 765 741 876 800; x_wconf 88' lang='lat' dir='ltr'><strong>autem</strong></span> <span class='ocrx_word' id='word_1_33' title='bbox 891 752 1063 817; x_wconf 81' lang='lat' dir='ltr'><strong>processus</strong></span> <span class='ocrx_word' id='word_1_34' title='bbox 1073 735 1241 819; x_wconf 70' lang='lat' dir='ltr'><strong>sigillatur,</strong></span> <span class='ocrx_word' id='word_1_35' title='bbox 1256 743 1287 801; x_wconf 90' lang='lat' dir='ltr'><strong>et</strong></span> <span class='ocrx_word' id='word_1_36' title='bbox 1300 735 1362 810; x_wconf 85' lang='lat' dir='ltr'><strong>mit·</strong></span> 
     </span>
     <span class='ocr_line' id='line_1_5' title="bbox 265 844 1003 934; baseline 0 -22"><span class='ocrx_word' id='word_1_37' title='bbox 265 847 348 914; x_wconf 88' lang='lat' dir='ltr'><strong>titur</strong></span> <span class='ocrx_word' id='word_1_38' title='bbox 362 846 405 914; x_wconf 84' lang='lat' dir='ltr'><strong>nd</strong></span> <span class='ocrx_word' id='word_1_39' title='bbox 413 845 560 933; x_wconf 81' lang='lat' dir='ltr'><strong>judicem</strong></span> <span class='ocrx_word' id='word_1_40' title='bbox 577 848 633 934; x_wconf 90' lang='lat' dir='ltr'><strong>qni</strong></span> <span class='ocrx_word' id='word_1_41' title='bbox 652 848 883 918; x_wconf 85' lang='lat' dir='ltr'><strong>remissoriales</strong></span> <span class='ocrx_word' id='word_1_42' title='bbox 898 844 1003 914; x_wconf 87' lang='lat' dir='ltr'><strong>dedit.</strong></span> 
     </span>
    </p>
   </div>
   <div class='ocr_carea' id='block_1_3' title="bbox 813 1125 910 1203">
    <p class='ocr_par' dir='ltr' id='par_1_3' title="bbox 813 1125 910 1203">
     <span class='ocr_line' id='line_1_6' title="bbox 813 1125 910 1203; baseline 0 -14"><span class='ocrx_word' id='word_1_43' title='bbox 813 1131 828 1203; x_wconf 69' lang='lat'>5</span> <span class='ocrx_word' id='word_1_44' title='bbox 852 1125 910 1190; x_wconf 94' lang='grc' dir='ltr'><strong>ΙΙΙ.</strong></span> 
     </span>
    </p>
   </div>
   <div class='ocr_carea' id='block_1_4' title="bbox 333 1375 1302 1524">
    <p class='ocr_par' dir='ltr' id='par_1_4' title="bbox 333 1375 1302 1524">
     <span class='ocr_line' id='line_1_7' title="bbox 333 1375 1302 1440; baseline -0.001 -16"><span class='ocrx_word' id='word_1_45' title='bbox 333 1377 417 1426; x_wconf 76' lang='lat' dir='ltr'><strong>Forma</strong></span> <span class='ocrx_word' id='word_1_46' title='bbox 439 1376 555 1426; x_wconf 80' lang='lat' dir='ltr'><strong>referendi</strong></span> <span class='ocrx_word' id='word_1_47' title='bbox 577 1377 601 1424; x_wconf 95' lang='lat' dir='ltr'><strong>in</strong></span> <span class='ocrx_word' id='word_1_48' title='bbox 627 1375 695 1438; x_wconf 79' lang='lat' dir='ltr'><strong>aclis,</strong></span> <span class='ocrx_word' id='word_1_49' title='bbox 723 1375 816 1440; x_wconf 88' lang='lat' dir='ltr'><strong>quando</strong></span> <span class='ocrx_word' id='word_1_50' title='bbox 841 1376 912 1439; x_wconf 86' lang='lat' dir='ltr'><strong>judex</strong></span> <span class='ocrx_word' id='word_1_51' title='bbox 937 1379 1018 1430; x_wconf 76' lang='lat' dir='ltr'><strong>aliaue</strong></span> <span class='ocrx_word' id='word_1_52' title='bbox 1041 1377 1150 1428; x_wconf 73' lang='lat' dir='ltr'><strong>dioecesis</strong></span> <span class='ocrx_word' id='word_1_53' title='bbox 1177 1376 1302 1426; x_wconf 79' lang='lat' dir='ltr'><strong>relationem</strong></span> 
     </span>
     <span class='ocr_line' id='line_1_8' title="bbox 459 1469 1182 1524; baseline -0.001 -4"><span class='ocrx_word' id='word_1_54' title='bbox 459 1469 488 1522; x_wconf 89' lang='lat' dir='ltr'><strong>de</strong></span> <span class='ocrx_word' id='word_1_55' title='bbox 514 1471 649 1522; x_wconf 77' lang='lat' dir='ltr'><strong>executione</strong></span> <span class='ocrx_word' id='word_1_56' title='bbox 669 1472 800 1522; x_wconf 86' lang='lat' dir='ltr'><strong>litterarum</strong></span> <span class='ocrx_word' id='word_1_57' title='bbox 825 1472 1018 1523; x_wconf 86' lang='lat' dir='ltr'><strong>rernisaorialium</strong></span> <span class='ocrx_word' id='word_1_58' title='bbox 1042 1473 1182 1524; x_wconf 84' lang='lat' dir='ltr'><strong>transmisit.</strong></span> 
     </span>
    </p>
   </div>
   <div class='ocr_carea' id='block_1_5' title="bbox 261 1727 1363 2167">
    <p class='ocr_par' dir='ltr' id='par_1_5' title="bbox 261 1727 1363 2167">
     <span class='ocr_line' id='line_1_9' title="bbox 309 1727 1363 1815; baseline -0.002 -24"><span class='ocrx_word' id='word_1_59' title='bbox 309 1753 326 1792; x_wconf 88' lang='grc'><strong><em>«</em></strong></span> <span class='ocrx_word' id='word_1_60' title='bbox 342 1736 474 1796; x_wconf 76' lang='lat' dir='ltr'><strong>Fuerant</strong></span> <span class='ocrx_word' id='word_1_61' title='bbox 489 1739 588 1795; x_wconf 82' lang='lat' dir='ltr'><strong>entem</strong></span> <span class='ocrx_word' id='word_1_62' title='bbox 606 1738 771 1815; x_wconf 72' lang='lat' dir='ltr'><strong>premissae</strong></span> <span class='ocrx_word' id='word_1_63' title='bbox 790 1735 901 1796; x_wconf 76' lang='lat' dir='ltr'><strong>litterae</strong></span> <span class='ocrx_word' id='word_1_64' title='bbox 921 1733 1135 1796; x_wconf 82' lang='lat' dir='ltr'><strong>remissorioles</strong></span> <span class='ocrx_word' id='word_1_65' title='bbox 1151 1732 1309 1793; x_wconf 74' lang='lat' dir='ltr'><strong>executioni</strong></span> <span class='ocrx_word' id='word_1_66' title='bbox 1320 1727 1363 1789; x_wconf 84' lang='lat' dir='ltr'><strong>de·</strong></span> 
     </span>
     <span class='ocr_line' id='line_1_10' title="bbox 261 1845 1358 1932; baseline -0.003 -21"><span class='ocrx_word' id='word_1_67' title='bbox 261 1851 413 1913; x_wconf 71' lang='lat' dir='ltr'><strong>mndata</strong></span> <span class='ocrx_word' id='word_1_68' title='bbox 420 1873 435 1930; x_wconf 91' lang='lat'><strong>,·</strong></span> <span class='ocrx_word' id='word_1_69' title='bbox 449 1851 494 1914; x_wconf 75' lang='lat' dir='ltr'><strong>&#39;cle</strong></span> <span class='ocrx_word' id='word_1_70' title='bbox 508 1869 564 1932; x_wconf 74' lang='lat' dir='ltr'><strong>quo</strong></span> <span class='ocrx_word' id='word_1_71' title='bbox 577 1856 606 1917; x_wconf 81' lang='lat' dir='ltr'><strong>et</strong></span> <span class='ocrx_word' id='word_1_72' title='bbox 620 1849 795 1912; x_wconf 82' lang='lat' dir='ltr'><strong>relationem</strong></span> <span class='ocrx_word' id='word_1_73' title='bbox 806 1853 977 1932; x_wconf 81' lang='lat' dir='ltr'><strong>juridicam</strong></span> <span class='ocrx_word' id='word_1_74' title='bbox 1001 1853 1110 1930; x_wconf 82' lang='lat' dir='ltr'><strong>recepit</strong></span> <span class='ocrx_word' id='word_1_75' title='bbox 1126 1847 1299 1910; x_wconf 83' lang='lat' dir='ltr'><strong>reverendus</strong></span> <span class='ocrx_word' id='word_1_76' title='bbox 1311 1845 1336 1908; x_wconf 88' lang='lat' dir='ltr'><strong><em>N</em></strong></span> <span class='ocrx_word' id='word_1_77' title='bbox 1340 1891 1358 1919; x_wconf 89' lang='lat'><strong>.,</strong></span> 
     </span>
     <span class='ocr_line' id='line_1_11' title="bbox 264 1958 1361 2049; baseline -0.005 -21"><span class='ocrx_word' id='word_1_78' title='bbox 264 1967 401 2028; x_wconf 81' lang='lat' dir='ltr'><strong>Vieorios</strong></span> <span class='ocrx_word' id='word_1_79' title='bbox 420 1968 663 2047; x_wconf 58' lang='lat' dir='ltr'><strong>poscentisque</strong></span> <span class='ocrx_word' id='word_1_80' title='bbox 683 1972 727 2028; x_wconf 82' lang='lat' dir='ltr'><strong>est</strong></span> <span class='ocrx_word' id='word_1_81' title='bbox 751 1972 862 2029; x_wconf 83' lang='lat' dir='ltr'><strong>tenoris</strong></span> <span class='ocrx_word' id='word_1_82' title='bbox 883 1971 1031 2049; x_wconf 79' lang='lat' dir='ltr'><strong>sequentis</strong></span> <span class='ocrx_word' id='word_1_83' title='bbox 1054 1966 1194 2028; x_wconf 83' lang='lat' dir='ltr'><strong>videlicet</strong></span> <span class='ocrx_word' id='word_1_84' title='bbox 1210 1983 1220 2025; x_wconf 87' lang='lat'><em>:</em></span> <span class='ocrx_word' id='word_1_85' title='bbox 1237 1981 1254 2024; x_wconf 84' lang='lat' dir='ltr'><strong>n</strong></span> <span class='ocrx_word' id='word_1_86' title='bbox 1271 1959 1311 2046; x_wconf 84' lang='lat' dir='ltr'><strong>(et</strong></span> <span class='ocrx_word' id='word_1_87' title='bbox 1323 1958 1361 2023; x_wconf 88' lang='lat' dir='ltr'><strong>ibi</strong></span> 
     </span>
     <span class='ocr_line' id='line_1_12' title="bbox 262 2077 1137 2167; baseline 0.002 -23"><span class='ocrx_word' id='word_1_88' title='bbox 262 2080 424 2148; x_wconf 89' lang='lat' dir='ltr'><strong>inseratur</strong></span> <span class='ocrx_word' id='word_1_89' title='bbox 436 2079 668 2147; x_wconf 84' lang='lat' dir='ltr'><strong>documentum</strong></span> <span class='ocrx_word' id='word_1_90' title='bbox 685 2080 900 2166; x_wconf 80' lang='lat' dir='ltr'><strong>praecedentis</strong></span> <span class='ocrx_word' id='word_1_91' title='bbox 917 2077 1137 2167; x_wconf 80' lang='lat' dir='ltr'><strong>paragraphi).</strong></span> 
     </span>
    </p>
   </div>
   <div class='ocr_carea' id='block_1_6' title="bbox 688 2379 945 2461">
    <p class='ocr_par' dir='ltr' id='par_1_6' title="bbox 688 2379 945 2461">
     <span class='ocr_line' id='line_1_13' title="bbox 688 2379 945 2461; baseline -0.016 0"><span class='ocrx_word' id='word_1_92' title='bbox 688 2379 820 2461; x_wconf 74' lang='lat' dir='ltr'><strong>canor</strong></span> <span class='ocrx_word' id='word_1_93' title='bbox 846 2397 945 2460; x_wconf 85' lang='lat' dir='ltr'><strong>nnn.</strong></span> 
     </span>
    </p>
   </div>
   <div class='ocr_carea' id='block_1_7' title="bbox 268 2655 1442 2725">
    <p class='ocr_par' dir='ltr' id='par_1_7' title="bbox 268 2655 1442 2725">
     <span class='ocr_line' id='line_1_14' title="bbox 268 2655 1442 2725; baseline -0.006 -16"><span class='ocrx_word' id='word_1_94' title='bbox 268 2663 379 2711; x_wconf 74' lang='lat' dir='ltr'><strong>FORMA</strong></span> <span class='ocrx_word' id='word_1_95' title='bbox 405 2663 631 2725; x_wconf 76' lang='lat' dir='ltr'><strong>PROOEDENDI,</strong></span> <span class='ocrx_word' id='word_1_96' title='bbox 661 2667 690 2715; x_wconf 81' lang='lat' dir='ltr'><strong>sl</strong></span> <span class='ocrx_word' id='word_1_97' title='bbox 718 2666 801 2714; x_wconf 81' lang='lat' dir='ltr'>REUS</span> <span class='ocrx_word' id='word_1_98' title='bbox 832 2664 896 2713; x_wconf 82' lang='lat' dir='ltr'><strong>NON</strong></span> <span class='ocrx_word' id='word_1_99' title='bbox 928 2663 1124 2722; x_wconf 73' lang='grc' dir='ltr'><strong>ΟΟΜΡΑΒΕΤ,</strong></span> <span class='ocrx_word' id='word_1_100' title='bbox 1157 2662 1218 2711; x_wconf 79' lang='lat' dir='ltr'><strong>SED</strong></span> <span class='ocrx_word' id='word_1_101' title='bbox 1249 2655 1351 2706; x_wconf 79' lang='lat' dir='ltr'><strong>Ml&#39;l&#39;slT</strong></span> <span class='ocrx_word' id='word_1_102' title='bbox 1441 2695 1442 2722; x_wconf 56' lang='lat'><strong>,</strong></span> 
     </span>
    </p>
   </div>
   <div class='ocr_carea' id='block_1_8' title="bbox 379 2777 1258 2843">
    <p class='ocr_par' dir='ltr' id='par_1_8' title="bbox 379 2777 1258 2843">
     <span class='ocr_line' id='line_1_15' title="bbox 379 2777 1258 2843; baseline -0.006 -18"><span class='ocrx_word' id='word_1_103' title='bbox 379 2779 660 2843; x_wconf 73' lang='lat' dir='ltr'><strong>prosonomasia,</strong></span> <span class='ocrx_word' id='word_1_104' title='bbox 689 2783 748 2842; x_wconf 84' lang='lat' dir='ltr'><strong>Qun</strong></span> <span class='ocrx_word' id='word_1_105' title='bbox 771 2779 873 2829; x_wconf 79' lang='lat' dir='ltr'><strong>insius</strong></span> <span class='ocrx_word' id='word_1_106' title='bbox 896 2777 1079 2828; x_wconf 80' lang='lat' dir='ltr'><strong>aasmrrmu</strong></span> <span class='ocrx_word' id='word_1_107' title='bbox 1104 2777 1258 2826; x_wconf 73' lang='lat' dir='ltr'><strong>excuser.</strong></span> 
     </span>
    </p>
   </div>
   <div class='ocr_carea' id='block_1_9' title="bbox 254 3062 1357 3507">
    <p class='ocr_par' dir='ltr' id='par_1_9' title="bbox 254 3062 1357 3507">
     <span class='ocr_line' id='line_1_16' title="bbox 303 3062 1357 3134; baseline -0.006 0"><span class='ocrx_word' id='word_1_108' title='bbox 303 3068 404 3134; x_wconf 82' lang='lat' dir='ltr'><strong>nlltsi</strong></span> <span class='ocrx_word' id='word_1_109' title='bbox 420 3066 455 3132; x_wconf 90' lang='lat' dir='ltr'><strong>iu</strong></span> <span class='ocrx_word' id='word_1_110' title='bbox 469 3067 574 3134; x_wconf 86' lang='lat' dir='ltr'><strong>causis</strong></span> <span class='ocrx_word' id='word_1_111' title='bbox 589 3066 810 3134; x_wconf 83' lang='lat' dir='ltr'><strong>criminalibus</strong></span> <span class='ocrx_word' id='word_1_112' title='bbox 832 3066 876 3133; x_wconf 92' lang='lat' dir='ltr'><strong>ad</strong></span> <span class='ocrx_word' id='word_1_113' title='bbox 895 3065 1120 3134; x_wconf 86' lang='lat' dir='ltr'><strong>defensionem</strong></span> <span class='ocrx_word' id='word_1_114' title='bbox 1147 3066 1207 3132; x_wconf 86' lang='lat' dir='ltr'><strong>Rei</strong></span> <span class='ocrx_word' id='word_1_115' title='bbox 1232 3062 1357 3131; x_wconf 85' lang='lat' dir='ltr'><strong>absentia</strong></span> 
     </span>
     <span class='ocr_line' id='line_1_17' title="bbox 256 3182 1357 3272; baseline -0.008 -22"><span class='ocrx_word' id='word_1_116' title='bbox 256 3183 478 3252; x_wconf 89' lang='lat' dir='ltr'><strong>admittendus</strong></span> <span class='ocrx_word' id='word_1_117' title='bbox 492 3205 558 3252; x_wconf 91' lang='lat' dir='ltr'><strong>uon</strong></span> <span class='ocrx_word' id='word_1_118' title='bbox 572 3186 614 3252; x_wconf 90' lang='lat' dir='ltr'><strong>sit</strong></span> <span class='ocrx_word' id='word_1_119' title='bbox 630 3193 823 3270; x_wconf 85' lang='lat' dir='ltr'><strong>procurator</strong></span> <span class='ocrx_word' id='word_1_120' title='bbox 841 3184 890 3272; x_wconf 85' lang='lat' dir='ltr'><strong>(ut</strong></span> <span class='ocrx_word' id='word_1_121' title='bbox 904 3185 939 3250; x_wconf 93' lang='lat' dir='ltr'><strong>iu</strong></span> <span class='ocrx_word' id='word_1_122' title='bbox 952 3184 1025 3270; x_wconf 84' lang='lat' dir='ltr'><strong>lege</strong></span> <span class='ocrx_word' id='word_1_123' title='bbox 1041 3188 1262 3264; x_wconf 68' lang='lat' dir='ltr'><strong>Armeniorum,</strong></span> <span class='ocrx_word' id='word_1_124' title='bbox 1276 3182 1306 3250; x_wconf 85' lang='lat' dir='ltr'><strong>ll.</strong></span> <span class='ocrx_word' id='word_1_125' title='bbox 1327 3184 1357 3244; x_wconf 82' lang='lat' dir='ltr'><strong>de</strong></span> 
     </span>
     <span class='ocr_line' id='line_1_18' title="bbox 255 3296 1356 3386; baseline -0.011 -12"><span class='ocrx_word' id='word_1_126' title='bbox 255 3297 373 3374; x_wconf 72' lang='lat' dir='ltr'><strong>Polla.</strong></span> <span class='ocrx_word' id='word_1_127' title='bbox 391 3299 519 3386; x_wconf 70' lang='lat' dir='ltr'><strong>jadra),</strong></span> <span class='ocrx_word' id='word_1_128' title='bbox 538 3311 589 3370; x_wconf 90' lang='lat' dir='ltr'><strong>est</strong></span> <span class='ocrx_word' id='word_1_129' title='bbox 608 3311 718 3370; x_wconf 88' lang='lat' dir='ltr'><strong>tamen</strong></span> <span class='ocrx_word' id='word_1_130' title='bbox 745 3300 970 3370; x_wconf 81' lang='lat' dir='ltr'><strong>admittendos</strong></span> <span class='ocrx_word' id='word_1_131' title='bbox 991 3301 1034 3369; x_wconf 87' lang='lat' dir='ltr'><strong>ad</strong></span> <span class='ocrx_word' id='word_1_132' title='bbox 1056 3299 1274 3367; x_wconf 81' lang='lat' dir='ltr'><strong>excusandam</strong></span> <span class='ocrx_word' id='word_1_133' title='bbox 1298 3296 1356 3384; x_wconf 88' lang='lat' dir='ltr'><strong>ejus</strong></span> 
     </span>
     <span class='ocr_line' id='line_1_19' title="bbox 254 3415 1235 3507; baseline -0.001 -22"><span class='ocrx_word' id='word_1_134' title='bbox 254 3417 444 3485; x_wconf 81' lang='lat' dir='ltr'><strong>absentiam.</strong></span> <span class='ocrx_word' id='word_1_135' title='bbox 462 3443 479 3482; x_wconf 81' lang='lat' dir='ltr'><strong>o</strong></span> <span class='ocrx_word' id='word_1_136' title='bbox 499 3420 677 3507; x_wconf 79' lang='lat' dir='ltr'><strong>(Megalius,</strong></span> <span class='ocrx_word' id='word_1_137' title='bbox 694 3425 927 3501; x_wconf 65' lang='lat' dir='ltr'><strong>Praeconem„</strong></span> <span class='ocrx_word' id='word_1_138' title='bbox 947 3437 1018 3504; x_wconf 83' lang='lat' dir='ltr'><strong>cap.</strong></span> <span class='ocrx_word' id='word_1_139' title='bbox 1040 3421 1092 3498; x_wconf 82' lang='lat'><strong>15,</strong></span> <span class='ocrx_word' id='word_1_140' title='bbox 1112 3438 1146 3484; x_wconf 85' lang='lat' dir='ltr'><strong>u.</strong></span> <span class='ocrx_word' id='word_1_141' title='bbox 1164 3415 1235 3502; x_wconf 76' lang='lat'>36.)</span> 
     </span>
    </p>
   </div>
   <div class='ocr_carea' id='block_1_10' title="bbox 299 3517 1440 3621">
    <p class='ocr_par' dir='ltr' id='par_1_10' title="bbox 299 3517 1440 3621">
     <span class='ocr_line' id='line_1_20' title="bbox 299 3517 1440 3621; baseline -0.001 -20"><span class='ocrx_word' id='word_1_142' title='bbox 299 3535 361 3602; x_wconf 85' lang='lat' dir='ltr'><strong>Vel</strong></span> <span class='ocrx_word' id='word_1_143' title='bbox 372 3555 449 3604; x_wconf 87' lang='lat' dir='ltr'><strong>reus</strong></span> <span class='ocrx_word' id='word_1_144' title='bbox 470 3557 541 3604; x_wconf 85' lang='lat' dir='ltr'><strong>sese</strong></span> <span class='ocrx_word' id='word_1_145' title='bbox 556 3557 618 3621; x_wconf 88' lang='lat' dir='ltr'><strong>per</strong></span> <span class='ocrx_word' id='word_1_146' title='bbox 631 3545 879 3621; x_wconf 88' lang='lat' dir='ltr'><strong>procuratorem</strong></span> <span class='ocrx_word' id='word_1_147' title='bbox 891 3544 1025 3606; x_wconf 83' lang='lat' dir='ltr'><strong>excusat</strong></span> <span class='ocrx_word' id='word_1_148' title='bbox 1045 3545 1122 3604; x_wconf 84' lang='lat' dir='ltr'><strong>aute</strong></span> <span class='ocrx_word' id='word_1_149' title='bbox 1149 3537 1294 3620; x_wconf 83' lang='lat' dir='ltr'><strong>elapsum</strong></span> <span class='ocrx_word' id='word_1_150' title='bbox 1310 3552 1355 3618; x_wconf 81' lang='lat' dir='ltr'><strong>pe</strong></span> <span class='ocrx_word' id='word_1_151' title='bbox 1439 3517 1440 3532; x_wconf 45' lang='lat'>¹</span> 
     </span>
    </p>
   </div>
   <div class='ocr_carea' id='block_1_11' title="bbox 244 3653 1354 4328">
    <p class='ocr_par' dir='ltr' id='par_1_11' title="bbox 244 3653 1354 4328">
     <span class='ocr_line' id='line_1_21' title="bbox 253 3653 1354 3740; baseline -0.002 -22"><span class='ocrx_word' id='word_1_152' title='bbox 253 3655 466 3737; x_wconf 87' lang='lat' dir='ltr'><strong>romptorium</strong></span> <span class='ocrx_word' id='word_1_153' title='bbox 477 3655 665 3733; x_wconf 88' lang='lat' dir='ltr'><strong>terminum,</strong></span> <span class='ocrx_word' id='word_1_154' title='bbox 680 3653 825 3740; x_wconf 87' lang='lat' dir='ltr'><strong>judicem</strong></span> <span class='ocrx_word' id='word_1_155' title='bbox 841 3674 975 3723; x_wconf 89' lang='lat' dir='ltr'><strong>mouens</strong></span> <span class='ocrx_word' id='word_1_156' title='bbox 998 3654 1042 3722; x_wconf 90' lang='lat' dir='ltr'><strong>de</strong></span> <span class='ocrx_word' id='word_1_157' title='bbox 1057 3655 1171 3722; x_wconf 84' lang='lat' dir='ltr'><strong>lutura</strong></span> <span class='ocrx_word' id='word_1_158' title='bbox 1186 3673 1244 3720; x_wconf 86' lang='lat' dir='ltr'><strong>sua</strong></span> <span class='ocrx_word' id='word_1_159' title='bbox 1258 3653 1354 3720; x_wconf 84' lang='lat' dir='ltr'><strong>absea</strong></span> 
     </span>
     <span class='ocr_line' id='line_1_22' title="bbox 251 3769 1353 3858; baseline 0 -24"><span class='ocrx_word' id='word_1_160' title='bbox 251 3770 296 3834; x_wconf 86' lang='lat' dir='ltr'><strong>tin</strong></span> <span class='ocrx_word' id='word_1_161' title='bbox 310 3770 352 3836; x_wconf 93' lang='lat' dir='ltr'><strong>ob</strong></span> <span class='ocrx_word' id='word_1_162' title='bbox 374 3769 508 3856; x_wconf 86' lang='lat' dir='ltr'><strong>aliquod</strong></span> <span class='ocrx_word' id='word_1_163' title='bbox 526 3770 808 3855; x_wconf 84' lang='lat' dir='ltr'><strong>impedimentum,</strong></span> <span class='ocrx_word' id='word_1_164' title='bbox 829 3782 865 3840; x_wconf 87' lang='lat' dir='ltr'><strong>et</strong></span> <span class='ocrx_word' id='word_1_165' title='bbox 882 3773 1142 3858; x_wconf 81' lang='lat' dir='ltr'><strong>prorogationem</strong></span> <span class='ocrx_word' id='word_1_166' title='bbox 1164 3770 1293 3838; x_wconf 88' lang='lat' dir='ltr'><strong>termini</strong></span> <span class='ocrx_word' id='word_1_167' title='bbox 1306 3787 1353 3852; x_wconf 83' lang='lat' dir='ltr'><strong>po</strong></span> 
     </span>
     <span class='ocr_line' id='line_1_23' title="bbox 252 3887 1200 3975; baseline 0.008 -24"><span class='ocrx_word' id='word_1_168' title='bbox 252 3887 391 3972; x_wconf 78' lang='lat' dir='ltr'><strong>stidons3</strong></span> <span class='ocrx_word' id='word_1_169' title='bbox 414 3888 466 3954; x_wconf 90' lang='lat' dir='ltr'><strong>vel</strong></span> <span class='ocrx_word' id='word_1_170' title='bbox 479 3896 553 3972; x_wconf 90' lang='lat' dir='ltr'><strong>post</strong></span> <span class='ocrx_word' id='word_1_171' title='bbox 574 3888 718 3973; x_wconf 88' lang='lat' dir='ltr'><strong>elapsum</strong></span> <span class='ocrx_word' id='word_1_172' title='bbox 734 3892 992 3975; x_wconf 91' lang='lat' dir='ltr'><strong>peremptorium</strong></span> <span class='ocrx_word' id='word_1_173' title='bbox 1008 3891 1200 3958; x_wconf 84' lang='lat' dir='ltr'><strong>terminum.</strong></span> 
     </span>
     <span class='ocr_line' id='line_1_24' title="bbox 295 4004 1348 4095; baseline 0.013 -27"><span class='ocrx_word' id='word_1_174' title='bbox 295 4008 441 4088; x_wconf 71' lang='lat' dir='ltr'><strong>inpriore·</strong></span> <span class='ocrx_word' id='word_1_175' title='bbox 453 4026 535 4088; x_wconf 83' lang='lat' dir='ltr'><strong>cose,</strong></span> <span class='ocrx_word' id='word_1_176' title='bbox 550 4004 663 4091; x_wconf 88' lang='lat' dir='ltr'><strong>judex,</strong></span> <span class='ocrx_word' id='word_1_177' title='bbox 682 4009 814 4074; x_wconf 87' lang='lat' dir='ltr'><strong>attentis</strong></span> <span class='ocrx_word' id='word_1_178' title='bbox 822 4007 1061 4093; x_wconf 88' lang='lat' dir='ltr'><strong>impedimentis</strong></span> <span class='ocrx_word' id='word_1_179' title='bbox 1077 4027 1166 4076; x_wconf 88' lang='lat' dir='ltr'><strong>areo</strong></span> <span class='ocrx_word' id='word_1_180' title='bbox 1180 4007 1348 4095; x_wconf 73' lang='lat' dir='ltr'><strong>propositis,</strong></span> 
     </span>
     <span class='ocr_line' id='line_1_25' title="bbox 244 4113 1349 4210; baseline 0.004 -24"><span class='ocrx_word' id='word_1_181' title='bbox 244 4113 335 4187; x_wconf 79' lang='lat' dir='ltr'><strong>-si‘ea</strong></span> <span class='ocrx_word' id='word_1_182' title='bbox 350 4121 552 4188; x_wconf 85' lang='lat' dir='ltr'><strong>rationabilia</strong></span> <span class='ocrx_word' id='word_1_183' title='bbox 573 4122 746 4202; x_wconf 66' lang='lat' dir='ltr'><strong>misdmet,</strong></span> <span class='ocrx_word' id='word_1_184' title='bbox 768 4122 870 4190; x_wconf 89' lang='lat' dir='ltr'><strong>dehet</strong></span> <span class='ocrx_word' id='word_1_185' title='bbox 889 4126 1149 4210; x_wconf 84' lang='lat' dir='ltr'><strong>prorogationem</strong></span> <span class='ocrx_word' id='word_1_186' title='bbox 1171 4125 1349 4209; x_wconf 82' lang='lat' dir='ltr'><strong>postulatam</strong></span> 
     </span>
     <span class='ocr_line' id='line_1_26' title="bbox 250 4237 1345 4328; baseline 0.004 -27"><span class='ocrx_word' id='word_1_187' title='bbox 250 4237 455 4306; x_wconf 87' lang='lat' dir='ltr'><strong>concedere:</strong></span> <span class='ocrx_word' id='word_1_188' title='bbox 476 4259 587 4317; x_wconf 89' lang='lat' dir='ltr'><strong>secus,</strong></span> <span class='ocrx_word' id='word_1_189' title='bbox 605 4239 702 4306; x_wconf 87' lang='lat' dir='ltr'><strong>faeiat</strong></span> <span class='ocrx_word' id='word_1_190' title='bbox 721 4241 894 4308; x_wconf 86' lang='lat' dir='ltr'><strong>decretum</strong></span> <span class='ocrx_word' id='word_1_191' title='bbox 912 4242 954 4311; x_wconf 89' lang='lat' dir='ltr'><strong>de</strong></span> <span class='ocrx_word' id='word_1_192' title='bbox 979 4244 1115 4310; x_wconf 90' lang='lat' dir='ltr'><strong>ulterius</strong></span> <span class='ocrx_word' id='word_1_193' title='bbox 1136 4240 1345 4328; x_wconf 88' lang='lat' dir='ltr'><strong>procedendo.</strong></span> 
     </span>
    </p>
   </div>
   <div class='ocr_carea' id='block_1_12' title="bbox 250 4352 1438 4446">
    <p class='ocr_par' dir='ltr' id='par_1_12' title="bbox 250 4352 1438 4446">
     <span class='ocr_line' id='line_1_27' title="bbox 250 4352 1438 4446; baseline 0.006 -28"><span class='ocrx_word' id='word_1_194' title='bbox 250 4352 292 4418; x_wconf 83' lang='lat' dir='ltr'><strong>lit</strong></span> <span class='ocrx_word' id='word_1_195' title='bbox 308 4357 384 4420; x_wconf 89' lang='lat' dir='ltr'><strong>satis</strong></span> <span class='ocrx_word' id='word_1_196' title='bbox 403 4357 466 4422; x_wconf 85' lang='lat' dir='ltr'><strong>erit</strong></span> <span class='ocrx_word' id='word_1_197' title='bbox 484 4364 522 4424; x_wconf 92' lang='lat' dir='ltr'><strong>ut</strong></span> <span class='ocrx_word' id='word_1_198' title='bbox 536 4356 744 4442; x_wconf 80' lang='lat' dir='ltr'><strong>precipiente</strong></span> <span class='ocrx_word' id='word_1_199' title='bbox 765 4357 878 4443; x_wconf 86' lang='lat' dir='ltr'><strong>judice</strong></span> <span class='ocrx_word' id='word_1_200' title='bbox 902 4360 1065 4428; x_wconf 80' lang='lat' dir='ltr'><strong>actuarius</strong></span> <span class='ocrx_word' id='word_1_201' title='bbox 1080 4360 1205 4446; x_wconf 80' lang='lat' dir='ltr'><strong>scribat</strong></span> <span class='ocrx_word' id='word_1_202' title='bbox 1225 4363 1256 4428; x_wconf 91' lang='lat' dir='ltr'><strong>in</strong></span> <span class='ocrx_word' id='word_1_203' title='bbox 1276 4359 1346 4428; x_wconf 89' lang='lat' dir='ltr'><strong>hooc</strong></span> <span class='ocrx_word' id='word_1_204' title='bbox 1437 4395 1438 4406; x_wconf 28' lang='grc' dir='ltr'><strong>κ</strong></span> 
     </span>
    </p>
   </div>
   <div class='ocr_carea' id='block_1_13' title="bbox 250 4467 405 4539">
    <p class='ocr_par' dir='ltr' id='par_1_13' title="bbox 250 4467 405 4539">
     <span class='ocr_line' id='line_1_28' title="bbox 250 4467 405 4539; baseline 0.032 -5"><span class='ocrx_word' id='word_1_205' title='bbox 250 4467 383 4536; x_wconf 91' lang='lat' dir='ltr'><strong>modom</strong></span> <span class='ocrx_word' id='word_1_206' title='bbox 397 4493 405 4539; x_wconf 76' lang='grc' dir='ltr'><strong>ε</strong></span> 
     </span>
    </p>
   </div>
   <div class='ocr_carea' id='block_1_14' title="bbox 0 0 1470 5114">
    <p class='ocr_par' dir='ltr' id='par_1_14' title="bbox 0 0 1470 5114">
     <span class='ocr_line' id='line_1_29' title="bbox 0 0 1470 5114; baseline 0 6"><span class='ocrx_word' id='word_1_207' title='bbox 0 0 1470 5114; x_wconf 95' lang='lat' dir='ltr'><strong> </strong></span> 
     </span>
    </p>
   </div>
  </div>
 </body>
</html>
