2836 5118
520 345 599 394 rans
621 345 781 398 aroanna.
1140 330 1203 400 dit

103 481 186 538 ettam
198 474 384 538 obcoenituca
394 472 896 554 catmee,etquoceaclaiibet‚etiem
904 473 1201 554 extemporanee,

9 569 11 592 ²
37 640 42 650 .
102 597 166 656 tam
185 607 351 657 ascensum
370 587 538 654 adsacros
561 587 692 656 ordines
717 585 954 664 interdicendi,
975 591 1046 654 turn
1060 593 1083 654 ¹a
1102 607 1207 662 susce

9 737 11 744 ν
102 714 225 791 piorum
249 705 421 783 exercitio,
443 711 478 771 et
497 725 519 770 a
532 704 687 790 gradibus
703 711 739 772 et
753 703 968 788 dignitatibus
983 705 1207 774 ecclesiasticis

103 820 325 906 suspendendi.

9 971 12 986 ·
39 919 41 926 ⁵
138 939 177 1004 Et
195 938 263 1004 haee
275 947 325 1004 ost
339 958 435 1024 quam
455 945 575 1006 vocant
588 938 821 1024 Episcoporum
835 957 875 1002 ea
887 941 1208 1017 teseremtnooesciee·

90 1061 140 1146 tto
154 1053 353 1138 procedendi
369 1061 578 1139 potestatem.

9 1161 21 1222 ss
137 1171 209 1255 Ipsa
221 1172 320 1238 etiam
335 1191 400 1239 voa
414 1193 454 1236 ecc
467 1176 632 1254 inferorum
645 1177 835 1248 conscientie,
851 1169 1122 1255 jamaactaritate
1140 1189 1206 1238 non

9 1325 10 1328 =
98 1295 198 1366 caret,
212 1296 329 1373 utpote
346 1309 416 1374 qnae
430 1291 463 1358 iu
476 1290 580 1354 Saerae
595 1288 858 1372 congregationis
881 1287 1016 1354 Consilii
1031 1287 1201 1371 responsis,

21 1477 22 1484 χ
95 1404 221 1470 inballa
236 1410 395 1473 Auctorem
408 1408 492 1485 fidet,
510 1405 600 1490 apud
609 1403 823 1472 Benedietnm
834 1405 917 1481 XIV,
932 1404 1076 1489 aliosque
1089 1403 1205 1488 passim

97 1517 244 1588 docteres
258 1520 401 1588 adhibita
418 1522 594 1605 reperitur.

62 1715 65 1722 Ι
135 1638 177 1702 11.
204 1642 289 1718 Quid
297 1645 421 1721 proprie
433 1641 661 1720 intelligendum
673 1644 715 1702 ait
725 1659 843 1721 percus
855 1659 938 1704 voces
952 1657 995 1706 nx
1016 1655 1205 1706 latronum

96 1756 326 1822 censeremus?
346 1793 392 1804 -
418 1759 449 1820 1ο
468 1757 514 1822 Ea
536 1774 599 1820 vox
623 1774 688 1820 non
717 1757 883 1839 reperitur
908 1753 1052 1822 adhibita
1080 1754 1205 1844 inipso

95 1875 182 1936 tenta
203 1871 304 1965 legis3
329 1870 365 1937 id
378 1877 428 1938 est
446 1873 480 1938 in
495 1890 594 1956 supra
615 1872 714 1938 citato
733 1871 838 1955 capite
860 1876 935 1936 Cure
956 1873 1118 1951 honestius,
1136 1869 1206 1936 Tri-

96 1983 215 2062 dentini
231 1989 380 2073 concilii3
404 1987 464 2056 sed
487 1988 529 2054 ab
550 1988 738 2056 auctoribus
758 1988 950 2072 frequenter
971 1994 1146 2072 usurpata,
1172 1987 1206 2052 in

94 2105 277 2187 generalem
292 2103 425 2172 tandem
441 2124 545 2181 usum,
560 2113 657 2190 atque
671 2105 704 2170 in
717 2112 904 2170 consuetam
914 2104 1088 2172 formulam
1101 2112 1207 2170 trans·

94 2221 159 2286 ivit.
184 2223 265 2288 Eam
287 2230 396 2288 nutem
417 2221 582 2288 induxisse
610 2220 766 2287 videntur
790 2222 961 2288 canonista
984 2220 1207 2288 concinnitatis

94 2338 211 2421 gratia3
229 2345 269 2404 ut
282 2357 399 2422 nempe
415 2337 547 2404 brevius
562 2337 785 2420 exprimerent
802 2355 877 2402 eum
893 2335 1112 2402 sententiandi
1138 2353 1206 2402 mn·

94 2451 183 2531 dam,
206 2455 244 2520 in
261 2474 327 2540 qino
342 2455 537 2538 Episcopus,
556 2454 647 2520 anilo
658 2455 833 2539 ¹praemisso
850 2452 1013 2519 ordinario
1031 2470 1202 2535 processu,

92 2570 177 2636 nulia
191 2569 335 2656 juridica
347 2571 591 2650 informatione,
611 2569 804 2636 sententium
820 2569 1011 2653 pronuntiat
1038 2587 1079 2634 ex
1102 2566 1206 2632 cande

95 2685 261 2754 sibimetis.
279 2685 375 2754 Unde
389 2687 452 2752 illm
471 2705 581 2766 uoces,
597 2689 813 2768 emtafnrmctc
831 2691 1023 2763 conscientia,
1042 2683 1205 2767 precipue

93 2812 204 2872 sanant
227 2806 310 2872 ferri
324 2807 533 2883 sententiam,
560 2825 625 2872 non
647 2805 760 2870 ierim
773 2805 872 2870 ullius
884 2802 1033 2889 juridice
1054 2800 1203 2868 interma-

93 2922 204 3000 tionis,
229 2920 403 3007 juridicive
419 2939 608 3006 processus,
638 2919 698 2987 sed
713 2919 884 2986 dumtaxat
902 2941 944 2988 ex
959 2918 1063 2984 causis
1081 2917 1207 3000 abipsa

94 3037 242 3124 Episcopi
254 3039 448 3106 conscientia
464 3039 632 3122 perpensis
651 3044 685 3104 et
699 3039 845 3122 cognitio.
869 3039 954 3104 Nam
969 3044 1078 3102 autem
1090 3053 1136 3102 eae
1152 3051 1208 3100 vo·

95 3173 145 3221 ces
156 3163 344 3240 supponant
357 3157 500 3240 insuper,
514 3154 681 3234 delictum,
697 3155 730 3220 in
741 3154 831 3240 quod
840 3153 1122 3229 animadvertitur,
1135 3169 1206 3220 esse

94 3272 275 3349 aconitum,
297 3272 343 3340 ita
366 3279 403 3336 ut
428 3271 560 3355 proprie
584 3291 650 3338 non
669 3271 798 3338 dicatur
828 3269 964 3355 procedi
985 3290 1025 3334 ee
1043 3273 1207 3350 informate

92 3393 271 3452 commentia
285 3387 346 3452 nisi
361 3394 474 3454 contra
495 3387 622 3454 occulta
636 3387 790 3468 erimina,
812 3407 878 3454 non
893 3395 1003 3454 autem
1016 3393 1129 3452 enarra
1147 3401 1207 3468 pu·

94 3504 194 3584 blica,
215 3512 268 3570 est
285 3505 429 3591 questio,
448 3525 556 3592 quam,
574 3523 636 3589 pro
648 3507 698 3571 rei
711 3506 881 3589 gravitate,
899 3504 1033 3572 seorsim
1048 3503 1134 3569 inira
1155 3519 1209 3568 ex·

95 3621 300 3705 pendendam
317 3620 478 3688 duximus.

135 3740 170 3802 2⁰
193 3739 242 3804 Ex
257 3757 297 3803 eo
311 3737 491 3822 veroquod
507 3739 635 3804 valeant
658 3739 809 3823 Episcopi
830 3739 952 3822 absque
977 3735 1118 3823 juridico
1132 3753 1208 3820 pro·
1265 3718 1270 3729 ⁸

94 3872 183 3919 cessa
207 3873 443 3940 nonnunquam
458 3855 688 3938 pronuntiare,
717 3875 781 3922 nnn
805 3856 954 3940 sequitur
966 3853 1001 3920 id
1020 3873 1075 3920 ens
1088 3871 1203 3936 pesse,

94 3977 266 4054 antequam
289 3970 366 4053 ipsis
392 3979 485 4036 certo
513 3971 584 4058 (seu
613 3992 654 4038 en
688 3971 920 4038 sufficientibus
945 3967 1203 4056 probationibus)

94 4095 219 4154 constet
231 4086 272 4153 de
286 4086 408 4152 delieto
424 4088 537 4153 cleriei
555 4095 667 4154 eontra
682 4108 780 4174 quem
790 4089 958 4174 suspensio
977 4108 1017 4156 ex
1034 4087 1207 4156 informata

93 4204 285 4270 conscientia
308 4205 548 4288 pronuntiatur.
581 4205 735 4290 Sequitur
754 4212 901 4286 tantum,
933 4226 999 4273 nnn
1019 4203 1145 4290 requiri
1169 4210 1207 4268 ut

96 4320 300 4402 probationes
314 4321 356 4388 de
375 4321 497 4390 deiieto
511 4322 576 4389 sint
589 4322 757 4408 Juridicm,
776 4344 835 4392 sen
849 4325 884 4390 in
901 4323 1042 4410 juridico
1054 4339 1206 4407 processa

96 4433 248 4503 obtentis.
275 4436 369 4504 Unde
400 4445 507 4526 potest
537 4439 670 4526 quidem
698 4441 875 4528 Episcopus
901 4437 1207 4523 exprobationibus
