<?xml version="1.0" encoding="UTF-8"?>
<!DOCTYPE html PUBLIC "-//W3C//DTD XHTML 1.0 Transitional//EN"
    "http://www.w3.org/TR/xhtml1/DTD/xhtml1-transitional.dtd">
<html xmlns="http://www.w3.org/1999/xhtml" xml:lang="en" lang="en">
 <head>
  <title>
</title>
<meta http-equiv="Content-Type" content="text/html;charset=utf-8" />
  <meta name='ocr-system' content='tesseract 3.04.00' />
  <meta name='ocr-capabilities' content='ocr_page ocr_carea ocr_par ocr_line ocrx_word'/>
</head>
<body>
  <div class='ocr_page' id='page_1' title='image "./tractatusdejudi01bouigoog_0161.png"; bbox 0 0 2914 5122; ppageno 0'>
   <div class='ocr_carea' id='block_1_1' title="bbox 243 355 1003 421">
    <p class='ocr_par' dir='ltr' id='par_1_1' title="bbox 243 355 1003 421">
     <span class='ocr_line' id='line_1_1' title="bbox 243 355 1003 421; baseline -0.003 -5"><span class='ocrx_word' id='word_1_1' title='bbox 243 355 305 421; x_wconf 75' lang='lat'>150</span> <span class='ocrx_word' id='word_1_2' title='bbox 581 369 768 418; x_wconf 76' lang='lat' dir='ltr'>nuncnunus</span> <span class='ocrx_word' id='word_1_3' title='bbox 790 368 834 416; x_wconf 88' lang='lat' dir='ltr'>on</span> <span class='ocrx_word' id='word_1_4' title='bbox 855 369 1003 417; x_wconf 78' lang='lat' dir='ltr'>moruus.</span> 
     </span>
    </p>
   </div>
   <div class='ocr_carea' id='block_1_2' title="bbox 234 492 1352 934">
    <p class='ocr_par' dir='ltr' id='par_1_2' title="bbox 234 492 1352 934">
     <span class='ocr_line' id='line_1_2' title="bbox 238 492 1349 583; baseline -0.001 -20"><span class='ocrx_word' id='word_1_5' title='bbox 238 497 321 564; x_wconf 84' lang='lat' dir='ltr'>scire</span> <span class='ocrx_word' id='word_1_6' title='bbox 335 498 436 581; x_wconf 84' lang='lat' dir='ltr'>possit</span> <span class='ocrx_word' id='word_1_7' title='bbox 451 497 645 581; x_wconf 75' lang='lat' dir='ltr'>quicumque</span> <span class='ocrx_word' id='word_1_8' title='bbox 661 495 694 558; x_wconf 89' lang='lat' dir='ltr'>iu</span> <span class='ocrx_word' id='word_1_9' title='bbox 715 493 851 560; x_wconf 87' lang='lat' dir='ltr'>materia</span> <span class='ocrx_word' id='word_1_10' title='bbox 871 492 959 559; x_wconf 86' lang='lat' dir='ltr'>civili</span> <span class='ocrx_word' id='word_1_11' title='bbox 979 493 1012 560; x_wconf 92' lang='lat' dir='ltr'>iu</span> <span class='ocrx_word' id='word_1_12' title='bbox 1028 493 1081 579; x_wconf 83' lang='lat' dir='ltr'>jus</span> <span class='ocrx_word' id='word_1_13' title='bbox 1104 505 1252 562; x_wconf 80' lang='lat' dir='ltr'>roratur.</span> <span class='ocrx_word' id='word_1_14' title='bbox 1270 497 1349 583; x_wconf 74' lang='lat' dir='ltr'>iirgo‘</span> 
     </span>
     <span class='ocr_line' id='line_1_3' title="bbox 239 609 1351 700; baseline -0.002 -18"><span class='ocrx_word' id='word_1_15' title='bbox 239 623 330 682; x_wconf 84' lang='lat' dir='ltr'>actor</span> <span class='ocrx_word' id='word_1_16' title='bbox 343 615 378 678; x_wconf 86' lang='lat' dir='ltr'>in</span> <span class='ocrx_word' id='word_1_17' title='bbox 394 613 507 680; x_wconf 86' lang='lat' dir='ltr'>libello</span> <span class='ocrx_word' id='word_1_18' title='bbox 520 613 706 696; x_wconf 83' lang='lat' dir='ltr'><strong>exprimere</strong></span> <span class='ocrx_word' id='word_1_19' title='bbox 727 609 828 676; x_wconf 89' lang='lat' dir='ltr'>debet</span> <span class='ocrx_word' id='word_1_20' title='bbox 850 611 884 674; x_wconf 91' lang='lat' dir='ltr'>in</span> <span class='ocrx_word' id='word_1_21' title='bbox 897 609 1021 689; x_wconf 86' lang='lat' dir='ltr'>libello,</span> <span class='ocrx_word' id='word_1_22' title='bbox 1039 631 1105 679; x_wconf 87' lang='lat' dir='ltr'>uon</span> <span class='ocrx_word' id='word_1_23' title='bbox 1126 620 1258 680; x_wconf 83' lang='lat' dir='ltr'>tantum</span> <span class='ocrx_word' id='word_1_24' title='bbox 1275 613 1351 700; x_wconf 83' lang='lat' dir='ltr'>quid</span> 
     </span>
     <span class='ocr_line' id='line_1_4' title="bbox 234 727 1351 818; baseline -0.003 -18"><span class='ocrx_word' id='word_1_25' title='bbox 234 739 339 818; x_wconf 78' lang='lat' dir='ltr'>petat,</span> <span class='ocrx_word' id='word_1_26' title='bbox 357 729 417 801; x_wconf 86' lang='lat' dir='ltr'>sed</span> <span class='ocrx_word' id='word_1_27' title='bbox 424 733 557 816; x_wconf 83' lang='lat' dir='ltr'>insuper</span> <span class='ocrx_word' id='word_1_28' title='bbox 567 730 611 797; x_wconf 88' lang='lat' dir='ltr'>ob</span> <span class='ocrx_word' id='word_1_29' title='bbox 626 748 724 815; x_wconf 92' lang='lat' dir='ltr'>quam</span> <span class='ocrx_word' id='word_1_30' title='bbox 738 745 867 796; x_wconf 82' lang='lat' dir='ltr'>causam</span> <span class='ocrx_word' id='word_1_31' title='bbox 882 727 918 793; x_wconf 94' lang='lat' dir='ltr'>id</span> <span class='ocrx_word' id='word_1_32' title='bbox 931 735 1033 812; x_wconf 82' lang='lat' dir='ltr'>petat.</span> <span class='ocrx_word' id='word_1_33' title='bbox 1053 729 1149 797; x_wconf 86' lang='lat' dir='ltr'><strong>Unde</strong></span> <span class='ocrx_word' id='word_1_34' title='bbox 1163 729 1297 798; x_wconf 85' lang='lat' dir='ltr'>libellus</span> <span class='ocrx_word' id='word_1_35' title='bbox 1311 733 1351 798; x_wconf 83' lang='lat' dir='ltr'>ci·</span> 
     </span>
     <span class='ocr_line' id='line_1_5' title="bbox 237 845 1352 934; baseline -0.003 -17"><span class='ocrx_word' id='word_1_36' title='bbox 237 853 309 917; x_wconf 91' lang='lat' dir='ltr'>vilis</span> <span class='ocrx_word' id='word_1_37' title='bbox 323 851 356 915; x_wconf 89' lang='lat' dir='ltr'>in</span> <span class='ocrx_word' id='word_1_38' title='bbox 371 869 435 934; x_wconf 92' lang='lat' dir='ltr'>quo</span> <span class='ocrx_word' id='word_1_39' title='bbox 446 867 512 914; x_wconf 90' lang='lat' dir='ltr'>non</span> <span class='ocrx_word' id='word_1_40' title='bbox 526 847 766 931; x_wconf 80' lang='lat' dir='ltr'>exprimeretur</span> <span class='ocrx_word' id='word_1_41' title='bbox 786 865 882 912; x_wconf 82' lang='lat' dir='ltr'>cause</span> <span class='ocrx_word' id='word_1_42' title='bbox 900 845 1128 924; x_wconf 83' lang='lat' dir='ltr'>concludendi,</span> <span class='ocrx_word' id='word_1_43' title='bbox 1149 867 1167 912; x_wconf 82' lang='lat' dir='ltr'>a</span> <span class='ocrx_word' id='word_1_44' title='bbox 1180 845 1295 932; x_wconf 79' lang='lat' dir='ltr'>judico</span> <span class='ocrx_word' id='word_1_45' title='bbox 1306 867 1352 915; x_wconf 83' lang='lat' dir='ltr'>m·</span> 
     </span>
    </p>
   </div>
   <div class='ocr_carea' id='block_1_3' title="bbox 118 967 1441 1165">
    <p class='ocr_par' dir='ltr' id='par_1_3' title="bbox 118 967 1441 1165">
     <span class='ocr_line' id='line_1_6' title="bbox 118 967 506 1055; baseline -0.036 -11"><span class='ocrx_word' id='word_1_46' title='bbox 118 1041 120 1044; x_wconf 83' lang='lat'>.</span> <span class='ocrx_word' id='word_1_47' title='bbox 235 967 506 1055; x_wconf 84' lang='lat' dir='ltr'>jiciendnsesset.</span> 
     </span>
     <span class='ocr_line' id='line_1_7' title="bbox 281 1078 1441 1165; baseline -0.003 -13"><span class='ocrx_word' id='word_1_48' title='bbox 281 1085 481 1154; x_wconf 73' lang='lat' dir='ltr'>(tonsorem</span> <span class='ocrx_word' id='word_1_49' title='bbox 501 1079 718 1150; x_wconf 87' lang='lat' dir='ltr'>concludendi</span> <span class='ocrx_word' id='word_1_50' title='bbox 741 1078 863 1164; x_wconf 82' lang='lat' dir='ltr'>duplex</span> <span class='ocrx_word' id='word_1_51' title='bbox 879 1078 1036 1165; x_wconf 72' lang='lat' dir='ltr'>distingui</span> <span class='ocrx_word' id='word_1_52' title='bbox 1053 1083 1139 1148; x_wconf 83' lang='lat' dir='ltr'>solet</span> <span class='ocrx_word' id='word_1_53' title='bbox 1157 1104 1164 1148; x_wconf 91' lang='lat'>:</span> <span class='ocrx_word' id='word_1_54' title='bbox 1183 1091 1310 1150; x_wconf 80' lang='lat' dir='ltr'>remota</span> <span class='ocrx_word' id='word_1_55' title='bbox 1321 1091 1352 1151; x_wconf 87' lang='lat' dir='ltr'>et</span> <span class='ocrx_word' id='word_1_56' title='bbox 1440 1117 1441 1122; x_wconf 60' lang='lat'><em>=</em></span> 
     </span>
    </p>
   </div>
   <div class='ocr_carea' id='block_1_4' title="bbox 143 1195 1441 2567">
    <p class='ocr_par' dir='ltr' id='par_1_4' title="bbox 143 1195 1441 2567">
     <span class='ocr_line' id='line_1_8' title="bbox 235 1195 1352 1288; baseline -0.002 -19"><span class='ocrx_word' id='word_1_57' title='bbox 235 1201 393 1288; x_wconf 79' lang='lat' dir='ltr'>proxima.</span> <span class='ocrx_word' id='word_1_58' title='bbox 415 1201 482 1266; x_wconf 81' lang='lat' dir='ltr'>«In</span> <span class='ocrx_word' id='word_1_59' title='bbox 497 1205 612 1266; x_wconf 70' lang='lat' dir='ltr'>artiore</span> <span class='ocrx_word' id='word_1_60' title='bbox 622 1200 788 1280; x_wconf 82' lang='lat' dir='ltr'>personati,</span> <span class='ocrx_word' id='word_1_61' title='bbox 809 1215 904 1262; x_wconf 83' lang='lat' dir='ltr'>conso</span> <span class='ocrx_word' id='word_1_62' title='bbox 914 1195 1049 1280; x_wconf 88' lang='lat' dir='ltr'>petendi</span> <span class='ocrx_word' id='word_1_63' title='bbox 1060 1205 1202 1281; x_wconf 65' lang='lat' dir='ltr'>pamma</span> <span class='ocrx_word' id='word_1_64' title='bbox 1218 1206 1268 1266; x_wconf 82' lang='lat' dir='ltr'>cst</span> <span class='ocrx_word' id='word_1_65' title='bbox 1279 1200 1352 1268; x_wconf 90' lang='lat' dir='ltr'>obli·</span> 
     </span>
     <span class='ocr_line' id='line_1_9' title="bbox 242 1287 1441 1404; baseline -0.001 -21"><span class='ocrx_word' id='word_1_66' title='bbox 242 1319 359 1402; x_wconf 74' lang='lat' dir='ltr'>«gotio</span> <span class='ocrx_word' id='word_1_67' title='bbox 375 1316 446 1404; x_wconf 88' lang='lat' dir='ltr'>(Rei</span> <span class='ocrx_word' id='word_1_68' title='bbox 460 1333 537 1400; x_wconf 83' lang='lat' dir='ltr'>erga</span> <span class='ocrx_word' id='word_1_69' title='bbox 559 1310 715 1397; x_wconf 88' lang='lat' dir='ltr'>actorem)</span> <span class='ocrx_word' id='word_1_70' title='bbox 732 1335 738 1380; x_wconf 92' lang='lat'>:</span> <span class='ocrx_word' id='word_1_71' title='bbox 755 1321 869 1377; x_wconf 84' lang='lat' dir='ltr'>remoto</span> <span class='ocrx_word' id='word_1_72' title='bbox 889 1319 1074 1380; x_wconf 86' lang='lat' dir='ltr'>contractus</span> <span class='ocrx_word' id='word_1_73' title='bbox 1099 1315 1150 1379; x_wconf 81' lang='lat' dir='ltr'>rel</span> <span class='ocrx_word' id='word_1_74' title='bbox 1174 1316 1353 1400; x_wconf 88' lang='lat' dir='ltr'>quasi-con·</span> <span class='ocrx_word' id='word_1_75' title='bbox 1440 1287 1441 1320; x_wconf 17' lang='grc' dir='ltr'><strong>Τ</strong></span> 
     </span>
     <span class='ocr_line' id='line_1_10' title="bbox 239 1430 1441 1517; baseline 0 -17"><span class='ocrx_word' id='word_1_76' title='bbox 239 1465 255 1491; x_wconf 81' lang='grc' dir='ltr'>ι</span> <span class='ocrx_word' id='word_1_77' title='bbox 272 1439 406 1513; x_wconf 84' lang='lat' dir='ltr'>tractus,</span> <span class='ocrx_word' id='word_1_78' title='bbox 432 1431 592 1499; x_wconf 89' lang='lat' dir='ltr'>delictum</span> <span class='ocrx_word' id='word_1_79' title='bbox 609 1432 662 1498; x_wconf 91' lang='lat' dir='ltr'>vel</span> <span class='ocrx_word' id='word_1_80' title='bbox 680 1430 953 1516; x_wconf 82' lang='lat' dir='ltr'>qnasi-delictum,</span> <span class='ocrx_word' id='word_1_81' title='bbox 973 1451 1013 1497; x_wconf 78' lang='lat' dir='ltr'>ox</span> <span class='ocrx_word' id='word_1_82' title='bbox 1034 1450 1098 1517; x_wconf 91' lang='lat' dir='ltr'>quo</span> <span class='ocrx_word' id='word_1_83' title='bbox 1121 1432 1278 1516; x_wconf 78' lang='lat' dir='ltr'>obligatio</span> <span class='ocrx_word' id='word_1_84' title='bbox 1301 1434 1352 1500; x_wconf 89' lang='lat' dir='ltr'>illa</span> <span class='ocrx_word' id='word_1_85' title='bbox 1440 1447 1441 1486; x_wconf 58' lang='lat' dir='ltr'>t</span> 
     </span>
     <span class='ocr_line' id='line_1_11' title="bbox 143 1545 1353 1640; baseline -0.001 -24"><span class='ocrx_word' id='word_1_86' title='bbox 143 1630 150 1640; x_wconf 17' lang='grc' dir='ltr'>κ</span> <span class='ocrx_word' id='word_1_87' title='bbox 238 1580 255 1607; x_wconf 74' lang='grc' dir='ltr'>ιι</span> <span class='ocrx_word' id='word_1_88' title='bbox 272 1559 348 1617; x_wconf 85' lang='lat' dir='ltr'>natu</span> <span class='ocrx_word' id='word_1_89' title='bbox 364 1557 424 1616; x_wconf 90' lang='lat' dir='ltr'>est.</span> <span class='ocrx_word' id='word_1_90' title='bbox 443 1549 480 1614; x_wconf 88' lang='lat' dir='ltr'>In</span> <span class='ocrx_word' id='word_1_91' title='bbox 494 1554 610 1614; x_wconf 79' lang='lat' dir='ltr'>actione</span> <span class='ocrx_word' id='word_1_92' title='bbox 626 1550 713 1622; x_wconf 81' lang='lat' dir='ltr'>reoli,</span> <span class='ocrx_word' id='word_1_93' title='bbox 741 1565 837 1612; x_wconf 85' lang='lat' dir='ltr'>causa</span> <span class='ocrx_word' id='word_1_94' title='bbox 858 1545 995 1630; x_wconf 87' lang='lat' dir='ltr'>petendi</span> <span class='ocrx_word' id='word_1_95' title='bbox 1009 1549 1154 1632; x_wconf 81' lang='lat' dir='ltr'>proxima</span> <span class='ocrx_word' id='word_1_96' title='bbox 1179 1556 1229 1614; x_wconf 81' lang='lat' dir='ltr'>ost</span> <span class='ocrx_word' id='word_1_97' title='bbox 1250 1548 1353 1615; x_wconf 90' lang='lat' dir='ltr'>domi·</span> 
     </span>
     <span class='ocr_line' id='line_1_12' title="bbox 241 1655 1441 1750; baseline 0.001 -17"><span class='ocrx_word' id='word_1_98' title='bbox 241 1698 255 1724; x_wconf 78' lang='lat'><strong>«</strong></span> <span class='ocrx_word' id='word_1_99' title='bbox 272 1668 360 1734; x_wconf 91' lang='lat' dir='ltr'>nium</span> <span class='ocrx_word' id='word_1_100' title='bbox 380 1665 434 1732; x_wconf 86' lang='lat' dir='ltr'>vel</span> <span class='ocrx_word' id='word_1_101' title='bbox 456 1662 746 1750; x_wconf 87' lang='lat' dir='ltr'>quasi-dominium,</span> <span class='ocrx_word' id='word_1_102' title='bbox 769 1669 826 1728; x_wconf 83' lang='lat' dir='ltr'>aut</span> <span class='ocrx_word' id='word_1_103' title='bbox 844 1662 932 1730; x_wconf 86' lang='lat' dir='ltr'>uliud</span> <span class='ocrx_word' id='word_1_104' title='bbox 943 1663 997 1749; x_wconf 85' lang='lat' dir='ltr'>jus</span> <span class='ocrx_word' id='word_1_105' title='bbox 1015 1665 1048 1729; x_wconf 88' lang='lat' dir='ltr'>in</span> <span class='ocrx_word' id='word_1_106' title='bbox 1064 1685 1100 1730; x_wconf 86' lang='lat' dir='ltr'>re</span> <span class='ocrx_word' id='word_1_107' title='bbox 1120 1687 1127 1730; x_wconf 75' lang='grc' dir='ltr'><strong><em>ε</em></strong></span> <span class='ocrx_word' id='word_1_108' title='bbox 1145 1675 1260 1731; x_wconf 85' lang='lat' dir='ltr'>remoto</span> <span class='ocrx_word' id='word_1_109' title='bbox 1276 1685 1353 1734; x_wconf 81' lang='lat' dir='ltr'>reru</span> <span class='ocrx_word' id='word_1_110' title='bbox 1440 1655 1441 1672; x_wconf 48' lang='lat'><strong>³</strong></span> 
     </span>
     <span class='ocr_line' id='line_1_13' title="bbox 170 1777 1352 1870; baseline 0.008 -30"><span class='ocrx_word' id='word_1_111' title='bbox 170 1834 173 1840; x_wconf 90' lang='lat'>.</span> <span class='ocrx_word' id='word_1_112' title='bbox 242 1812 256 1838; x_wconf 70' lang='lat' dir='ltr'>a</span> <span class='ocrx_word' id='word_1_113' title='bbox 274 1791 324 1850; x_wconf 84' lang='lat' dir='ltr'>est</span> <span class='ocrx_word' id='word_1_114' title='bbox 338 1783 392 1849; x_wconf 86' lang='lat' dir='ltr'>ifle</span> <span class='ocrx_word' id='word_1_115' title='bbox 405 1781 520 1846; x_wconf 86' lang='lat' dir='ltr'>titulus</span> <span class='ocrx_word' id='word_1_116' title='bbox 533 1781 588 1845; x_wconf 79' lang='lat' dir='ltr'>val</span> <span class='ocrx_word' id='word_1_117' title='bbox 603 1777 729 1857; x_wconf 88' lang='lat' dir='ltr'>modus,</span> <span class='ocrx_word' id='word_1_118' title='bbox 747 1798 916 1864; x_wconf 86' lang='lat' dir='ltr'>perquem</span> <span class='ocrx_word' id='word_1_119' title='bbox 930 1779 1108 1847; x_wconf 87' lang='lat' dir='ltr'>dominium</span> <span class='ocrx_word' id='word_1_120' title='bbox 1120 1782 1174 1847; x_wconf 84' lang='lat' dir='ltr'>vel</span> <span class='ocrx_word' id='word_1_121' title='bbox 1185 1783 1290 1850; x_wconf 86' lang='lat' dir='ltr'>simile</span> <span class='ocrx_word' id='word_1_122' title='bbox 1302 1782 1352 1870; x_wconf 84' lang='lat' dir='ltr'>jus</span> 
     </span>
     <span class='ocr_line' id='line_1_14' title="bbox 242 1895 1353 1985; baseline 0.003 -21"><span class='ocrx_word' id='word_1_123' title='bbox 242 1929 256 1956; x_wconf 73' lang='grc' dir='ltr'><strong>α</strong></span> <span class='ocrx_word' id='word_1_124' title='bbox 274 1903 307 1966; x_wconf 90' lang='lat' dir='ltr'>in</span> <span class='ocrx_word' id='word_1_125' title='bbox 322 1919 370 1976; x_wconf 87' lang='lat' dir='ltr'>re,</span> <span class='ocrx_word' id='word_1_126' title='bbox 389 1898 580 1964; x_wconf 81' lang='lat' dir='ltr'>translatum</span> <span class='ocrx_word' id='word_1_127' title='bbox 602 1903 652 1962; x_wconf 86' lang='lat' dir='ltr'>est</span> <span class='ocrx_word' id='word_1_128' title='bbox 676 1895 919 1984; x_wconf 74' lang='lat' dir='ltr'>(eductorem).</span> <span class='ocrx_word' id='word_1_129' title='bbox 943 1921 960 1959; x_wconf 81' lang='lat' dir='ltr'>o</span> <span class='ocrx_word' id='word_1_130' title='bbox 985 1897 1298 1985; x_wconf 79' lang='lat' dir='ltr'>(schmalzgruebcr,</span> <span class='ocrx_word' id='word_1_131' title='bbox 1323 1903 1353 1967; x_wconf 88' lang='lat' dir='ltr'>iu</span> 
     </span>
     <span class='ocr_line' id='line_1_15' title="bbox 238 2003 1441 2096; baseline -0.006 -12"><span class='ocrx_word' id='word_1_132' title='bbox 238 2017 335 2092; x_wconf 62' lang='lat' dir='ltr'>uto,</span> <span class='ocrx_word' id='word_1_133' title='bbox 356 2013 432 2080; x_wconf 87' lang='lat' dir='ltr'>libri</span> <span class='ocrx_word' id='word_1_134' title='bbox 447 2016 466 2078; x_wconf 75' lang='lat' dir='ltr'>l</span> <span class='ocrx_word' id='word_1_135' title='bbox 480 2011 621 2090; x_wconf 80' lang='lat' dir='ltr'>decret,</span> <span class='ocrx_word' id='word_1_136' title='bbox 640 2017 655 2091; x_wconf 69' lang='lat'>5</span> <span class='ocrx_word' id='word_1_137' title='bbox 679 2015 707 2091; x_wconf 87' lang='lat' dir='ltr'>l,</span> <span class='ocrx_word' id='word_1_138' title='bbox 729 2033 763 2078; x_wconf 91' lang='lat' dir='ltr'>n.</span> <span class='ocrx_word' id='word_1_139' title='bbox 783 2011 829 2096; x_wconf 85' lang='lat'>3.)</span> <span class='ocrx_word' id='word_1_140' title='bbox 1440 2003 1441 2024; x_wconf 76' lang='lat'>,</span> 
     </span>
     <span class='ocr_line' id='line_1_16' title="bbox 285 2133 1354 2213; baseline 0.002 -15"><span class='ocrx_word' id='word_1_141' title='bbox 285 2133 436 2213; x_wconf 73' lang='lat' dir='ltr'>ansno</span> <span class='ocrx_word' id='word_1_142' title='bbox 457 2133 499 2196; x_wconf 50' lang='grc' dir='ltr'>δ’.</span> <span class='ocrx_word' id='word_1_143' title='bbox 522 2167 554 2178; x_wconf 88' lang='grc'>-</span> <span class='ocrx_word' id='word_1_144' title='bbox 573 2135 717 2210; x_wconf 75' lang='lat' dir='ltr'>Qudnam</span> <span class='ocrx_word' id='word_1_145' title='bbox 732 2136 794 2194; x_wconf 79' lang='lat' dir='ltr'>rint</span> <span class='ocrx_word' id='word_1_146' title='bbox 805 2135 960 2213; x_wconf 73' lang='lat' dir='ltr'>precipua</span> <span class='ocrx_word' id='word_1_147' title='bbox 985 2137 1062 2195; x_wconf 84' lang='lat' dir='ltr'>vitio</span> <span class='ocrx_word' id='word_1_148' title='bbox 1087 2137 1121 2196; x_wconf 80' lang='lat' dir='ltr'>io</span> <span class='ocrx_word' id='word_1_149' title='bbox 1147 2135 1251 2198; x_wconf 68' lang='lat' dir='ltr'>libello</span> <span class='ocrx_word' id='word_1_150' title='bbox 1275 2135 1354 2200; x_wconf 79' lang='lat' dir='ltr'>deui-</span> 
     </span>
     <span class='ocr_line' id='line_1_17' title="bbox 241 2247 1351 2332; baseline 0.003 -17"><span class='ocrx_word' id='word_1_151' title='bbox 241 2253 361 2316; x_wconf 78' lang='lat' dir='ltr'>tanda?</span> <span class='ocrx_word' id='word_1_152' title='bbox 379 2247 589 2332; x_wconf 85' lang='lat' dir='ltr'>-Quinquc</span> <span class='ocrx_word' id='word_1_153' title='bbox 614 2247 768 2330; x_wconf 81' lang='lat' dir='ltr'>assignari</span> <span class='ocrx_word' id='word_1_154' title='bbox 793 2247 914 2324; x_wconf 86' lang='lat' dir='ltr'>solent,</span> <span class='ocrx_word' id='word_1_155' title='bbox 947 2265 1065 2332; x_wconf 80' lang='lat' dir='ltr'>nempe</span> <span class='ocrx_word' id='word_1_156' title='bbox 1089 2249 1351 2330; x_wconf 62' lang='lat' dir='ltr'>:contraditum</span> 
     </span>
     <span class='ocr_line' id='line_1_18' title="bbox 239 2362 1354 2448; baseline 0.002 -16"><span class='ocrx_word' id='word_1_157' title='bbox 239 2365 430 2442; x_wconf 78' lang='lat' dir='ltr'>obscuritas,</span> <span class='ocrx_word' id='word_1_158' title='bbox 447 2362 657 2441; x_wconf 80' lang='lat' dir='ltr'>incertitudo,</span> <span class='ocrx_word' id='word_1_159' title='bbox 676 2363 882 2448; x_wconf 76' lang='lat' dir='ltr'>geuerditae,</span> <span class='ocrx_word' id='word_1_160' title='bbox 901 2371 935 2429; x_wconf 86' lang='lat' dir='ltr'>ct</span> <span class='ocrx_word' id='word_1_161' title='bbox 953 2364 1148 2432; x_wconf 80' lang='lat' dir='ltr'>alternatim</span> <span class='ocrx_word' id='word_1_162' title='bbox 1161 2366 1297 2436; x_wconf 86' lang='lat' dir='ltr'>locutio.</span> <span class='ocrx_word' id='word_1_163' title='bbox 1311 2369 1354 2436; x_wconf 77' lang='lat' dir='ltr'>Aa</span> 
     </span>
     <span class='ocr_line' id='line_1_19' title="bbox 242 2479 1355 2567; baseline 0.002 -18"><span class='ocrx_word' id='word_1_164' title='bbox 242 2488 277 2549; x_wconf 87' lang='lat' dir='ltr'>et</span> <span class='ocrx_word' id='word_1_165' title='bbox 286 2482 403 2567; x_wconf 91' lang='lat' dir='ltr'>quibus</span> <span class='ocrx_word' id='word_1_166' title='bbox 413 2481 447 2546; x_wconf 92' lang='lat' dir='ltr'>in</span> <span class='ocrx_word' id='word_1_167' title='bbox 462 2481 589 2547; x_wconf 87' lang='lat' dir='ltr'>casibus</span> <span class='ocrx_word' id='word_1_168' title='bbox 605 2481 684 2547; x_wconf 81' lang='lat' dir='ltr'>vilia</span> <span class='ocrx_word' id='word_1_169' title='bbox 698 2479 766 2546; x_wconf 81' lang='lat' dir='ltr'>hmo</span> <span class='ocrx_word' id='word_1_170' title='bbox 781 2480 882 2546; x_wconf 87' lang='lat' dir='ltr'>libelli</span> <span class='ocrx_word' id='word_1_171' title='bbox 896 2480 1079 2548; x_wconf 86' lang='lat' dir='ltr'>nullitatem</span> <span class='ocrx_word' id='word_1_172' title='bbox 1093 2480 1268 2563; x_wconf 83' lang='lat' dir='ltr'>inducant,</span> <span class='ocrx_word' id='word_1_173' title='bbox 1283 2484 1355 2552; x_wconf 78' lang='lat' dir='ltr'>vide</span> 
     </span>
    </p>
   </div>
   <div class='ocr_carea' id='block_1_5' title="bbox 238 2597 1441 2686">
    <p class='ocr_par' dir='ltr' id='par_1_5' title="bbox 238 2597 1441 2686">
     <span class='ocr_line' id='line_1_20' title="bbox 238 2597 1441 2686; baseline -0.002 -18"><span class='ocrx_word' id='word_1_174' title='bbox 238 2597 422 2670; x_wconf 65' lang='lat' dir='ltr'>diremtum</span> <span class='ocrx_word' id='word_1_175' title='bbox 439 2598 528 2683; x_wconf 86' lang='lat' dir='ltr'>apud</span> <span class='ocrx_word' id='word_1_176' title='bbox 539 2597 827 2682; x_wconf 74' lang='lat' dir='ltr'>Schmulagrueber</span> <span class='ocrx_word' id='word_1_177' title='bbox 844 2597 953 2684; x_wconf 84' lang='lat' dir='ltr'>(citato</span> <span class='ocrx_word' id='word_1_178' title='bbox 970 2597 1053 2676; x_wconf 86' lang='lat' dir='ltr'>loco,</span> <span class='ocrx_word' id='word_1_179' title='bbox 1071 2621 1104 2665; x_wconf 92' lang='lat' dir='ltr'>n.</span> <span class='ocrx_word' id='word_1_180' title='bbox 1127 2601 1147 2666; x_wconf 77' lang='lat' dir='ltr'>d</span> <span class='ocrx_word' id='word_1_181' title='bbox 1164 2598 1310 2686; x_wconf 69' lang='lat' dir='ltr'>etseq.)⁴</span> <span class='ocrx_word' id='word_1_182' title='bbox 1440 2623 1441 2626; x_wconf 44' lang='lat'>¹</span> 
     </span>
    </p>
   </div>
   <div class='ocr_carea' id='block_1_6' title="bbox 757 2849 841 2928">
    <p class='ocr_par' dir='ltr' id='par_1_6' title="bbox 757 2849 841 2928">
     <span class='ocr_line' id='line_1_21' title="bbox 757 2849 841 2928; baseline -0.012 -14"><span class='ocrx_word' id='word_1_183' title='bbox 757 2849 841 2928; x_wconf 66' lang='lat' dir='ltr'>MV.</span> 
     </span>
    </p>
   </div>
   <div class='ocr_carea' id='block_1_7' title="bbox 302 3073 1298 3138">
    <p class='ocr_par' dir='ltr' id='par_1_7' title="bbox 302 3073 1298 3138">
     <span class='ocr_line' id='line_1_22' title="bbox 302 3073 1298 3138; baseline -0.003 -10"><span class='ocrx_word' id='word_1_184' title='bbox 302 3077 337 3132; x_wconf 71' lang='lat' dir='ltr'>tn</span> <span class='ocrx_word' id='word_1_185' title='bbox 351 3076 445 3131; x_wconf 76' lang='lat' dir='ltr'>libellus</span> <span class='ocrx_word' id='word_1_186' title='bbox 454 3078 524 3126; x_wconf 80' lang='lat' dir='ltr'>semel</span> <span class='ocrx_word' id='word_1_187' title='bbox 538 3082 660 3138; x_wconf 81' lang='lat' dir='ltr'>porrectus</span> <span class='ocrx_word' id='word_1_188' title='bbox 671 3082 694 3126; x_wconf 87' lang='lat' dir='ltr'>et</span> <span class='ocrx_word' id='word_1_189' title='bbox 705 3074 807 3137; x_wconf 81' lang='lat' dir='ltr'>ajudice</span> <span class='ocrx_word' id='word_1_190' title='bbox 820 3081 928 3137; x_wconf 83' lang='lat' dir='ltr'>receptus</span> <span class='ocrx_word' id='word_1_191' title='bbox 937 3073 1024 3124; x_wconf 75' lang='lat' dir='ltr'>mutari</span> <span class='ocrx_word' id='word_1_192' title='bbox 1036 3074 1073 3122; x_wconf 86' lang='lat' dir='ltr'>rel</span> <span class='ocrx_word' id='word_1_193' title='bbox 1088 3074 1207 3124; x_wconf 73' lang='lat' dir='ltr'>emtori</span> <span class='ocrx_word' id='word_1_194' title='bbox 1213 3073 1298 3137; x_wconf 71' lang='lat' dir='ltr'>posue</span> 
     </span>
    </p>
   </div>
   <div class='ocr_carea' id='block_1_8' title="bbox 244 3301 1357 4443">
    <p class='ocr_par' dir='ltr' id='par_1_8' title="bbox 248 3301 1357 3976">
     <span class='ocr_line' id='line_1_23' title="bbox 293 3301 1357 3390; baseline -0.002 -20"><span class='ocrx_word' id='word_1_195' title='bbox 293 3311 435 3371; x_wconf 76' lang='lat' dir='ltr'>«notari</span> <span class='ocrx_word' id='word_1_196' title='bbox 452 3305 581 3374; x_wconf 83' lang='lat' dir='ltr'>libellus</span> <span class='ocrx_word' id='word_1_197' title='bbox 600 3305 721 3372; x_wconf 86' lang='lat' dir='ltr'>dicitnr</span> <span class='ocrx_word' id='word_1_198' title='bbox 741 3323 815 3370; x_wconf 86' lang='lat' dir='ltr'>cum</span> <span class='ocrx_word' id='word_1_199' title='bbox 838 3303 964 3390; x_wconf 84' lang='lat' dir='ltr'>aliquid</span> <span class='ocrx_word' id='word_1_200' title='bbox 987 3304 1025 3368; x_wconf 91' lang='lat' dir='ltr'>in</span> <span class='ocrx_word' id='word_1_201' title='bbox 1048 3321 1089 3370; x_wconf 83' lang='lat' dir='ltr'>eo</span> <span class='ocrx_word' id='word_1_202' title='bbox 1110 3310 1258 3370; x_wconf 84' lang='lat' dir='ltr'>mutatur</span> <span class='ocrx_word' id='word_1_203' title='bbox 1272 3301 1357 3390; x_wconf 86' lang='lat' dir='ltr'>quod</span> 
     </span>
     <span class='ocr_line' id='line_1_24' title="bbox 249 3418 1357 3510; baseline -0.006 -20"><span class='ocrx_word' id='word_1_204' title='bbox 249 3455 262 3482; x_wconf 70' lang='grc' dir='ltr'>ι</span> <span class='ocrx_word' id='word_1_205' title='bbox 279 3426 421 3510; x_wconf 83' lang='lat' dir='ltr'>pertinet</span> <span class='ocrx_word' id='word_1_206' title='bbox 435 3423 558 3510; x_wconf 84' lang='lat' dir='ltr'>adejus</span> <span class='ocrx_word' id='word_1_207' title='bbox 574 3423 789 3490; x_wconf 76' lang='lat' dir='ltr'>substantium</span> <span class='ocrx_word' id='word_1_208' title='bbox 803 3443 811 3506; x_wconf 80' lang='lat'><em>3</em></span> <span class='ocrx_word' id='word_1_209' title='bbox 826 3428 874 3500; x_wconf 92' lang='lat' dir='ltr'>ut,</span> <span class='ocrx_word' id='word_1_210' title='bbox 897 3422 1030 3488; x_wconf 80' lang='lat' dir='ltr'>siccior</span> <span class='ocrx_word' id='word_1_211' title='bbox 1049 3422 1083 3486; x_wconf 90' lang='lat' dir='ltr'>iu</span> <span class='ocrx_word' id='word_1_212' title='bbox 1097 3418 1210 3486; x_wconf 87' lang='lat' dir='ltr'>libello</span> <span class='ocrx_word' id='word_1_213' title='bbox 1227 3419 1357 3486; x_wconf 72' lang='lat' dir='ltr'>actionis</span> 
     </span>
     <span class='ocr_line' id='line_1_25' title="bbox 248 3531 1357 3622; baseline -0.006 -14"><span class='ocrx_word' id='word_1_214' title='bbox 248 3573 260 3598; x_wconf 70' lang='grc' dir='ltr'><strong><em>κ</em></strong></span> <span class='ocrx_word' id='word_1_215' title='bbox 278 3542 371 3608; x_wconf 84' lang='lat' dir='ltr'>realis</span> <span class='ocrx_word' id='word_1_216' title='bbox 385 3541 477 3616; x_wconf 83' lang='lat' dir='ltr'>dixit,</span> <span class='ocrx_word' id='word_1_217' title='bbox 495 3560 529 3606; x_wconf 89' lang='lat' dir='ltr'>sc</span> <span class='ocrx_word' id='word_1_218' title='bbox 544 3539 709 3607; x_wconf 89' lang='lat' dir='ltr'>dominum</span> <span class='ocrx_word' id='word_1_219' title='bbox 729 3557 799 3604; x_wconf 87' lang='lat' dir='ltr'>csse</span> <span class='ocrx_word' id='word_1_220' title='bbox 815 3539 863 3604; x_wconf 90' lang='lat' dir='ltr'>rei</span> <span class='ocrx_word' id='word_1_221' title='bbox 880 3539 1001 3622; x_wconf 76' lang='lat' dir='ltr'>petitu,</span> <span class='ocrx_word' id='word_1_222' title='bbox 1019 3545 1133 3622; x_wconf 89' lang='lat' dir='ltr'>postea</span> <span class='ocrx_word' id='word_1_223' title='bbox 1148 3555 1231 3604; x_wconf 83' lang='lat' dir='ltr'>vero</span> <span class='ocrx_word' id='word_1_224' title='bbox 1244 3531 1357 3603; x_wconf 75' lang='lat' dir='ltr'>videus</span> 
     </span>
     <span class='ocr_line' id='line_1_26' title="bbox 250 3651 1356 3740; baseline -0.005 -17"><span class='ocrx_word' id='word_1_225' title='bbox 250 3689 261 3712; x_wconf 71' lang='grc' dir='ltr'><strong><em>κ</em></strong></span> <span class='ocrx_word' id='word_1_226' title='bbox 279 3677 313 3724; x_wconf 88' lang='lat' dir='ltr'>se</span> <span class='ocrx_word' id='word_1_227' title='bbox 330 3656 506 3723; x_wconf 89' lang='lat' dir='ltr'>difficulter</span> <span class='ocrx_word' id='word_1_228' title='bbox 520 3657 697 3723; x_wconf 90' lang='lat' dir='ltr'>dominium</span> <span class='ocrx_word' id='word_1_229' title='bbox 713 3655 853 3740; x_wconf 84' lang='lat' dir='ltr'>probare</span> <span class='ocrx_word' id='word_1_230' title='bbox 872 3673 977 3739; x_wconf 87' lang='lat' dir='ltr'>posse,</span> <span class='ocrx_word' id='word_1_231' title='bbox 1000 3664 1129 3721; x_wconf 83' lang='lat' dir='ltr'>mutans</span> <span class='ocrx_word' id='word_1_232' title='bbox 1142 3655 1286 3721; x_wconf 83' lang='lat' dir='ltr'>libellum</span> <span class='ocrx_word' id='word_1_233' title='bbox 1307 3651 1356 3718; x_wconf 83' lang='lat' dir='ltr'>di·</span> 
     </span>
     <span class='ocr_line' id='line_1_27' title="bbox 249 3771 1355 3857; baseline -0.008 -16"><span class='ocrx_word' id='word_1_234' title='bbox 249 3805 262 3830; x_wconf 81' lang='lat'>«</span> <span class='ocrx_word' id='word_1_235' title='bbox 280 3782 344 3854; x_wconf 88' lang='lat' dir='ltr'>cot,</span> <span class='ocrx_word' id='word_1_236' title='bbox 361 3774 422 3841; x_wconf 84' lang='lat' dir='ltr'>sibi</span> <span class='ocrx_word' id='word_1_237' title='bbox 435 3779 600 3839; x_wconf 80' lang='lat' dir='ltr'>dominium</span> <span class='ocrx_word' id='word_1_238' title='bbox 610 3777 752 3856; x_wconf 75' lang='lat' dir='ltr'>oriquusi</span> <span class='ocrx_word' id='word_1_239' title='bbox 764 3781 970 3857; x_wconf 80' lang='lat' dir='ltr'>competere3</span> <span class='ocrx_word' id='word_1_240' title='bbox 988 3773 1045 3838; x_wconf 89' lang='lat' dir='ltr'>ubi</span> <span class='ocrx_word' id='word_1_241' title='bbox 1061 3779 1208 3838; x_wconf 83' lang='lat' dir='ltr'>mutatur</span> <span class='ocrx_word' id='word_1_242' title='bbox 1223 3771 1305 3838; x_wconf 89' lang='lat' dir='ltr'>aetio</span> <span class='ocrx_word' id='word_1_243' title='bbox 1319 3775 1355 3836; x_wconf 86' lang='lat' dir='ltr'>et</span> 
     </span>
     <span class='ocr_line' id='line_1_28' title="bbox 248 3891 531 3976; baseline -0.014 -16"><span class='ocrx_word' id='word_1_244' title='bbox 248 3923 261 3948; x_wconf 66' lang='grc' dir='ltr'><strong>α</strong></span> <span class='ocrx_word' id='word_1_245' title='bbox 276 3911 371 3960; x_wconf 81' lang='lat' dir='ltr'>causa</span> <span class='ocrx_word' id='word_1_246' title='bbox 386 3891 531 3976; x_wconf 87' lang='lat' dir='ltr'>petendi.</span> 
     </span>
    </p>

    <p class='ocr_par' dir='ltr' id='par_1_9' title="bbox 244 4007 1355 4443">
     <span class='ocr_line' id='line_1_29' title="bbox 287 4007 1355 4094; baseline 0.002 -24"><span class='ocrx_word' id='word_1_247' title='bbox 287 4033 305 4070; x_wconf 78' lang='lat' dir='ltr'>a</span> <span class='ocrx_word' id='word_1_248' title='bbox 320 4013 484 4076; x_wconf 69' lang='lat' dir='ltr'>Emodon·</span> <span class='ocrx_word' id='word_1_249' title='bbox 498 4029 577 4076; x_wconf 85' lang='lat' dir='ltr'>vero</span> <span class='ocrx_word' id='word_1_250' title='bbox 597 4009 727 4088; x_wconf 87' lang='lat' dir='ltr'>dicitur,</span> <span class='ocrx_word' id='word_1_251' title='bbox 745 4007 874 4094; x_wconf 90' lang='lat' dir='ltr'>quando</span> <span class='ocrx_word' id='word_1_252' title='bbox 888 4008 1002 4075; x_wconf 80' lang='lat' dir='ltr'>vitium</span> <span class='ocrx_word' id='word_1_253' title='bbox 1022 4007 1154 4094; x_wconf 85' lang='lat' dir='ltr'>aliquod</span> <span class='ocrx_word' id='word_1_254' title='bbox 1169 4010 1222 4076; x_wconf 79' lang='lat' dir='ltr'>vel</span> <span class='ocrx_word' id='word_1_255' title='bbox 1241 4009 1355 4076; x_wconf 78' lang='lat' dir='ltr'>abscu-</span> 
     </span>
     <span class='ocr_line' id='line_1_30' title="bbox 244 4125 1353 4213; baseline -0.005 -18"><span class='ocrx_word' id='word_1_256' title='bbox 244 4129 354 4195; x_wconf 77' lang='lat' dir='ltr'>«ritas</span> <span class='ocrx_word' id='word_1_257' title='bbox 369 4129 508 4206; x_wconf 84' lang='lat' dir='ltr'>tollitur,</span> <span class='ocrx_word' id='word_1_258' title='bbox 523 4127 578 4192; x_wconf 85' lang='lat' dir='ltr'>vel</span> <span class='ocrx_word' id='word_1_259' title='bbox 597 4125 720 4213; x_wconf 85' lang='lat' dir='ltr'>aliquid</span> <span class='ocrx_word' id='word_1_260' title='bbox 734 4125 869 4193; x_wconf 85' lang='lat' dir='ltr'>additur</span> <span class='ocrx_word' id='word_1_261' title='bbox 889 4135 946 4193; x_wconf 86' lang='lat' dir='ltr'>aut</span> <span class='ocrx_word' id='word_1_262' title='bbox 966 4125 1161 4204; x_wconf 85' lang='lat' dir='ltr'>detrahitur,</span> <span class='ocrx_word' id='word_1_263' title='bbox 1179 4127 1268 4192; x_wconf 80' lang='lat' dir='ltr'>salva</span> <span class='ocrx_word' id='word_1_264' title='bbox 1286 4141 1353 4190; x_wconf 89' lang='lat' dir='ltr'>ma·</span> 
     </span>
     <span class='ocr_line' id='line_1_31' title="bbox 247 4243 1351 4329; baseline -0.006 -17"><span class='ocrx_word' id='word_1_265' title='bbox 247 4253 373 4313; x_wconf 81' lang='lat' dir='ltr'>«cente</span> <span class='ocrx_word' id='word_1_266' title='bbox 398 4245 500 4329; x_wconf 85' lang='lat' dir='ltr'>ipsius</span> <span class='ocrx_word' id='word_1_267' title='bbox 521 4243 625 4310; x_wconf 86' lang='lat' dir='ltr'>libelli</span> <span class='ocrx_word' id='word_1_268' title='bbox 647 4245 843 4329; x_wconf 82' lang='lat' dir='ltr'>substantia3</span> <span class='ocrx_word' id='word_1_269' title='bbox 868 4245 913 4311; x_wconf 81' lang='lat' dir='ltr'>ita</span> <span class='ocrx_word' id='word_1_270' title='bbox 931 4253 968 4310; x_wconf 91' lang='lat' dir='ltr'>ut</span> <span class='ocrx_word' id='word_1_271' title='bbox 990 4263 1050 4310; x_wconf 87' lang='lat' dir='ltr'>nee</span> <span class='ocrx_word' id='word_1_272' title='bbox 1076 4263 1129 4310; x_wconf 84' lang='lat' dir='ltr'>res</span> <span class='ocrx_word' id='word_1_273' title='bbox 1151 4246 1263 4328; x_wconf 87' lang='lat' dir='ltr'>petita,</span> <span class='ocrx_word' id='word_1_274' title='bbox 1290 4256 1351 4306; x_wconf 84' lang='lat' dir='ltr'>nee</span> 
     </span>
     <span class='ocr_line' id='line_1_32' title="bbox 246 4348 1103 4443; baseline -0.006 -17"><span class='ocrx_word' id='word_1_275' title='bbox 246 4391 260 4416; x_wconf 71' lang='lat' dir='ltr'><em>n</em></span> <span class='ocrx_word' id='word_1_276' title='bbox 276 4379 372 4426; x_wconf 86' lang='lat' dir='ltr'>causa</span> <span class='ocrx_word' id='word_1_277' title='bbox 391 4358 524 4443; x_wconf 83' lang='lat' dir='ltr'>petendi</span> <span class='ocrx_word' id='word_1_278' title='bbox 536 4367 705 4426; x_wconf 87' lang='lat' dir='ltr'>mutetur:</span> <span class='ocrx_word' id='word_1_279' title='bbox 725 4360 774 4426; x_wconf 83' lang='lat' dir='ltr'>his</span> <span class='ocrx_word' id='word_1_280' title='bbox 786 4361 914 4436; x_wconf 85' lang='lat' dir='ltr'>notatis,</span> <span class='ocrx_word' id='word_1_281' title='bbox 1099 4348 1103 4352; x_wconf 73' lang='grc'><strong>’</strong></span> 
     </span>
    </p>
   </div>
   <div class='ocr_carea' id='block_1_9' title="bbox 0 0 1473 5122">
    <p class='ocr_par' dir='ltr' id='par_1_10' title="bbox 0 0 1473 5122">
     <span class='ocr_line' id='line_1_33' title="bbox 0 0 1473 5122; baseline 0 0"><span class='ocrx_word' id='word_1_282' title='bbox 0 0 1473 5122; x_wconf 95' lang='lat' dir='ltr'> </span> 
     </span>
    </p>
   </div>
  </div>
 </body>
</html>
