2836 5118
251 294 314 357 338
601 306 788 354 nnncrsrns
811 307 855 352 na·
877 304 1027 357 inurens.

296 428 392 494 «Die
415 429 452 492 tt
467 427 538 512 julii
563 430 657 507 1583,
675 429 890 514 congregotio
907 429 1079 495 Consilii...
1100 430 1227 494 censuit
1242 428 1344 495 habere

252 570 267 606 α
285 547 393 612 locum
406 552 473 610 tam
487 546 521 609 in
538 546 802 628 suspensionibus
817 522 1342 630 etprohibitionibustemporariis,

252 686 268 724 a
285 680 384 748 quam
397 661 576 745 perpetuis.
595 663 791 746 Temporalis
803 659 888 728 onim
901 661 943 748 (t)
956 662 1129 748 probibitio
1146 669 1181 728 ct
1196 662 1346 746 suspensio

253 775 423 856 «dicetur,
452 775 509 842 ubi
534 795 575 840 ex
598 773 719 841 delicto
743 777 876 843 occulto
892 776 1193 862 extro-judicialiter
1215 774 1348 860 procedit

253 893 477 976 «Episcopus,
496 890 537 956 ad
553 911 647 958 suurn
664 892 906 978 beneplacitum
925 891 1129 978 prohibendo
1156 893 1211 956 vol
1230 911 1348 975 suspen·

253 1035 268 1072 a
286 1007 413 1085 dendo,
428 1027 499 1094 quae
510 1007 641 1075 demum
656 1016 786 1092 tempus
798 1029 864 1076 suto
883 1010 1170 1110 administrationis
1191 1028 1256 1074 non
1268 1028 1349 1076 exce-

171 1191 176 1198 ,
252 1124 374 1191 «dunt.
395 1149 411 1184 a
431 1123 536 1211 (Apud
559 1124 704 1201 Giroldi,
724 1129 977 1209 Expositiojarts
992 1129 1124 1206 Pontis,
1144 1133 1240 1209 porte
1257 1128 1286 1201 2,
1309 1144 1348 1189 se

250 1244 356 1308 ctione
369 1239 437 1324 43.)

293 1359 340 1424 Ex
365 1358 425 1423 hoc
445 1355 542 1422 valde
566 1356 709 1423 notando
741 1356 977 1424 deliberatione
1001 1357 1070 1423 haec
1099 1356 1282 1442 colligendo
1304 1377 1348 1422 rc·

250 1476 366 1539 niunt:

292 1594 412 1670 Primo,
443 1589 570 1656 censuit
599 1606 714 1654 revera
736 1589 831 1654 Sacro
862 1564 1090 1674 congregatio,
1122 1611 1140 1656 o
1176 1589 1349 1655 Tridentino

248 1713 341 1774 testu
359 1706 526 1790 Episcopis
537 1705 681 1770 conferri
699 1709 894 1788 potestatem
910 1707 1135 1790 suspensiones
1153 1715 1245 1770 otiam
1259 1725 1348 1789 perpe·

248 1832 316 1888 tuas
330 1842 371 1888 ex
384 1823 552 1888 informata
565 1823 760 1888 conscientia
772 1820 983 1906 decernendi.
997 1827 1146 1900 Secundo,
1162 1823 1286 1888 censuit
1299 1840 1348 1906 pro

246 1939 443 2023 temporario
471 1937 653 2002 habendam
676 1955 746 2003 esse
778 1940 1037 2021 suspensionem,
1063 1957 1161 2023 qnam
1188 1939 1349 2022 Episcopus
1410 2015 1411 2032 χ

248 2055 437 2138 pronuntiat
452 2052 706 2120 indeterminate
722 2052 832 2119 scuad
848 2053 1087 2138 beneplacitam
1113 2074 1228 2134 suurn,
1248 2060 1348 2137 utpote

248 2189 319 2256 quae
334 2172 446 2236 saltem
462 2189 535 2236 curn
545 2172 612 2254 ipso
622 2170 773 2253 Episcopi
788 2168 1064 2236 administratione
1079 2172 1219 2254 expiret.

294 2291 406 2366 Tertio,
428 2285 537 2350 timuit
550 2304 591 2349 ne
608 2285 705 2348 nimio
721 2285 810 2349 foret
820 2290 963 2368 potestas
975 2285 1058 2362 haeo,
1076 2306 1094 2351 o
1109 2286 1294 2351 Tridentino
1305 2303 1348 2368 sy·

249 2401 337 2468 nodo
352 2401 515 2485 Episcopis
534 2400 665 2477 collata,
684 2420 725 2465 ex
745 2400 916 2466 informato
932 2403 1128 2468 conscientie
1147 2400 1345 2486 procedendi.

250 2520 291 2584 Et
305 2516 525 2584 deliberatum
549 2523 599 2582 est
628 2533 707 2580 num
734 2516 936 2601 aliquatenus
960 2518 1114 2601 restringi
1138 2516 1282 2585 deberet.
1307 2515 1346 2579 Dc

249 2633 336 2698 iacto
354 2640 464 2699 tamon
479 2639 558 2696 tunc
571 2632 720 2696 restricto
732 2649 797 2696 non
813 2630 891 2707 fnit,
910 2633 1007 2697 etiam
1023 2632 1132 2718 quoad
1146 2635 1347 2716 prohibitiones

249 2759 279 2814 ct
306 2756 509 2832 suspensiones
530 2756 713 2830 perpetuas,
735 2748 855 2832 inquo
880 2755 1025 2831 potestas
1048 2748 1116 2814 ltaec
1132 2751 1347 2833 Episcoporum

249 2865 423 2932 videbatur
437 2864 538 2949 magis
549 2863 736 2928 exorbitare
761 2871 797 2930 et
818 2839 970 2930 abusibus
982 2864 1113 2949 januam
1127 2865 1281 2950 pondere.
1294 2860 1346 2928 Sed

248 2999 354 3064 neque
372 2987 486 3064 postea
498 2979 601 3044 ullum
616 2980 830 3044 intervenisse
847 2979 1007 3065 ejusmodi
1022 2983 1235 3048 restrictionis
1249 2981 1346 3048 decre·

200 3145 206 3156 .
248 3102 319 3162 tum
337 3096 507 3181 probatur.

294 3210 378 3292 Ergo
398 3209 575 3273 etiamnum
599 3208 763 3291 Episcopis
788 3210 945 3292 competit
970 3218 1115 3294 potestas
1140 3212 1344 3296 suspensiones

249 3321 493 3409 pronuntiandi,
514 3343 580 3391 non
596 3331 723 3388 tontum
737 3321 779 3388 od
801 3323 1041 3408 beneplacitum
1060 3345 1119 3392 seu
1141 3327 1262 3412 absque
1282 3332 1344 3388 ten·

252 3443 339 3524 poris
356 3439 639 3516 determinatione,
657 3437 716 3504 sed
732 3441 829 3504 etiam
839 3450 1011 3524 perpetuas.

295 3560 420 3640 objicies
435 3577 446 3618 :
464 3556 532 3620 Etsi
546 3554 621 3620 olim
638 3556 733 3619 Socra
749 3556 961 3640 Congregatio
973 3558 1107 3623 Concilii
1120 3560 1254 3650 prefato
1266 3552 1342 3624 modo
1408 3593 1409 3628 ,

250 3671 480 3754 declaraverim
494 3668 685 3754 jamdudum
702 3673 859 3736 tamenin
876 3677 1055 3757 oppositam
1066 3676 1260 3742 sententiam
1270 3670 1339 3750 abiit,

250 3796 348 3872 prout
367 3791 400 3852 in
422 3805 519 3851 causa
542 3786 737 3852 Lucionensi
759 3788 791 3872 (8
810 3789 920 3872 aprilis
951 3789 1060 3874 1848),
1079 3793 1281 3874 expositionis
1300 3805 1340 3870 pa·

238 3902 408 3988 ‘ragrapho
437 3902 636 3986 penultimo,
668 3910 842 3969 annotatur
865 3904 913 3969 his
945 3904 1079 3971 verbis:
1103 3907 1232 3972 «Sacra
1253 3911 1339 3969 auten

242 4044 267 4081 a
287 4019 517 4104 congregatio,
539 4019 600 4083 etsi
621 4020 699 4085 olim
714 4021 879 4086 censuerit
895 4029 993 4106 caput
1009 4024 1147 4106 primum
1160 4017 1338 4091 eonciliiiri·

251 4161 266 4198 a
285 4135 410 4203 dentini
424 4134 573 4201 sessionis
588 4137 624 4200 tt
645 4136 693 4222 (cte
706 4136 951 4222 Refer-motione),
978 4139 1086 4204 babere
1100 4143 1197 4204 locam
1211 4145 1242 4204 to
1253 4134 1336 4222 proti·-

281 4398 318 4458 (1)
336 4396 397 4446 Loco
411 4395 489 4454 oraim,
505 4391 597 4440 ridetur
610 4392 733 4454 legandum
747 4402 842 4446 autem.
