2948 5126
523 383 602 446 cais
625 395 783 446 secunus.
851 401 855 408 ·
1161 384 1203 448 tt

102 534 143 590 tna
153 528 192 590 ad
201 527 366 607 dignitates
384 527 611 602 mosanas,
630 543 682 586 nec
703 527 745 588 od
759 544 858 588 sacros
882 527 1002 591 ordines
1018 516 1201 610 promoveri.

100 643 276 710 -Goustat
291 659 334 706 er
346 640 724 727 epicoenomena,
744 642 796 708 tit.
818 645 848 720 l,
865 642 923 708 lib.
953 646 972 707 5
995 636 1149 730 decret),
1171 648 1205 712 in

100 777 157 844 quo
178 759 222 824 sic
237 741 414 840 Gregorius
433 758 568 840 Magnus
588 777 596 822 :
618 779 634 818 a
653 753 757 821 Valde
776 775 876 840 grase
890 766 942 823 cst
958 766 997 824 ut
1016 759 1068 824 vir
1083 759 1205 846 dequo

103 881 214 940 «tanta
227 881 265 938 et
280 873 359 942 talia
383 873 576 940 nuntiantur
602 872 690 957 (oum
703 880 780 939 aute
806 875 929 958 requiri
953 882 988 940 et
1006 874 1124 941 discuti
1147 876 1205 944 de-

102 1013 116 1050 «
132 987 237 1072 mant)
253 989 445 1058 honoretur.
465 1013 480 1050 a
500 989 561 1056 Cui
578 986 738 1054 decretali
761 989 831 1054 hec
849 989 981 1056 rubrica
993 991 1174 1076 prefigitur
1194 1013 1202 1060 t

101 1107 187 1188 «Qui
210 1105 255 1174 de
277 1106 385 1191 aliquo
399 1106 533 1172 ommino
562 1110 737 1170 accusatur
752 1104 806 1170 vel
828 1103 1053 1186 denuntiatur,
1075 1107 1205 1174 iuterim

101 1223 388 1308 «promoventium
405 1229 526 1305 potest.
544 1221 668 1287 aldem
688 1228 847 1304 praterea
861 1224 980 1290 mento
998 1225 1206 1292 concluditur

99 1361 134 1406 er
144 1347 231 1406 certa
241 1339 324 1424 juris
342 1340 426 1406 sacri
441 1337 649 1421 dispositione
665 1337 751 1402 circe
767 1346 945 1406 accumtos.
960 1341 1138 1424 Hiuempe‚
1155 1356 1206 1407 aas

100 1457 252 1525 sumbone
261 1452 438 1538 pendente,
452 1452 796 1538 ordinariusqueumt3
814 1462 853 1519 ut
866 1455 943 1520 satis
957 1457 1072 1542 liquet,
1084 1447 1204 1524 tumen

101 1569 245 1636 decretali
260 1574 329 1635 Non
344 1572 439 1647 debet,
456 1568 518 1634 sub
533 1569 684 1653 sequenti
699 1569 813 1652 regula
830 1569 970 1646 citanda,
989 1577 1061 1637 tutu
1081 1589 1124 1640 ax
1147 1572 1206 1638 de-

102 1687 203 1762 cretali
217 1691 325 1750 Tanna
345 1685 389 1772 (3,
408 1684 551 1752 dbtmct.
571 1681 639 1768 81),
665 1684 699 1748 in
714 1696 788 1769 qua,
810 1691 980 1769 postquam
997 1687 1205 1754 scelestino

103 1802 284 1887 (epistolii,
310 1801 353 1868 ad
380 1801 491 1868 Galliae
510 1801 696 1884 Episcopus,
716 1819 788 1884 cap.
815 1798 847 1884 3)
869 1809 1038 1868 narratum
1052 1803 1208 1890 luit—qao

101 1917 186 1984 modo
208 1916 350 2002 quidam,
377 1919 580 1983 accusatione
598 1925 713 1988 contra
733 1935 808 1982 eum
833 1916 1011 2001 pendente,
1039 1918 1207 1986 ordinatus

102 2033 198 2101 iuerat
219 2033 408 2118 Episcopus,
426 2033 461 2101 iu
478 2031 688 2100 ordinantem
709 2040 743 2100 et
763 2031 952 2099 ordinatum
976 2031 1207 2117 pronuntiatur

102 2147 259 2232 depositio.
279 2149 545 2234 recoquamus
567 2147 613 2215 ibi
623 2155 743 2230 agutur
760 2147 932 2214 dumtaxat
947 2149 991 2216 de
1006 2133 1204 2230 mamonae*

101 2273 185 2349 urget
193 2265 277 2333 ratio
290 2265 371 2348 legis
385 2273 424 2330 ut
434 2271 469 2332 et
479 2268 703 2332 annuntiant
712 2265 914 2348 applicetur:
928 2267 1107 2333 conminus
1121 2270 1206 2334 emm

101 2401 136 2448 er
150 2381 392 2450 denuntiatione
416 2399 512 2474 quam
527 2382 792 2448 mensuratione
807 2383 932 2465 patitur
946 2381 1007 2448 Rei
1020 2383 1121 2449 muta.
1143 2385 1207 2450 vn

101 2497 180 2562 cillat
192 2515 312 2580 nempe
330 2503 365 2562 et
380 2497 414 2562 in
430 2494 531 2565 dubio
546 2504 596 2562 est
611 2497 712 2579 ipsius
726 2497 922 2575 innocentia,
941 2495 1046 2563 doue'c
1061 2516 1124 2582 per
1133 2517 1207 2566 seu-

17 2683 18 2688 *
100 2612 224 2691 tentiam
244 2613 454 2679 absolutionis
475 2612 509 2679 in
529 2619 599 2678 tota
614 2628 677 2678 sua
699 2613 885 2696 integritate
904 2615 1109 2681 restituatur.
1135 2617 1206 2682 aaa

17 2779 18 2782 ,
101 2731 241 2797 convenit
259 2736 371 2796 autem
392 2727 440 2795 ,ad
464 2727 638 2812 dignitates
656 2728 709 2794 vel
729 2747 837 2794 saeros
866 2728 998 2795 ordines
1020 2733 1206 2813 promereri

101 2861 175 2926 eum,
198 2845 257 2931 qui
269 2844 377 2924 duhioe
394 2844 592 2928 integritatis
609 2851 671 2910 est.
687 2843 874 2912 concordat
888 2846 1120 2932 proterantur
1138 2845 1207 2914 Ro&

100 2979 240 3028 manum:
259 2961 373 3031 ‹aneus
383 2960 522 3038 delatus,
538 2960 635 3026 etiam
646 2968 722 3026 ante
734 2963 928 3028 tentandam
938 2961 1210 3047 bonorespatere·

102 3077 355 3162 «principalibus
370 3076 653 3147 concitationibus
665 3076 897 3162 prohibetur.»
916 3079 1012 3166 (Lege
1025 3083 1112 3156 ibon,
1124 3086 1155 3160 7,
1167 3080 1209 3147 ll:

101 3195 259 3261 dannan.
281 3201 312 3258 et
329 3190 514 3276 banael-lit
528 3191 664 3258 taudem
681 3192 892 3260 confirmatur
910 3196 1015 3277 posita
1034 3197 1149 3279 regula
1161 3215 1210 3264 ex·
1456 3183 1457 3194 ¹

101 3311 233 3376 unanimi
248 3309 421 3378 doctorum
437 3311 615 3388 sententia,
632 3311 688 3395 qui
704 3329 775 3402 eam
794 3330 854 3394 pro
873 3311 1050 3390 certissima
1068 3311 1205 3380 babent.-

138 3426 274 3496 nocam
288 3429 334 3492 2³.
351 3463 397 3474 —-
410 3430 598 3493 tornatae
607 3433 767 3510 nonina
784 3432 901 3510 reputa,
927 3433 973 3492 ita
987 3437 1023 3493 nt
1040 3427 1119 3507 rens,
1129 3430 1206 3512 pan-

101 3545 178 3606 dente
191 3547 430 3623 denuntiatione,
442 3564 534 3625 nequo
549 3547 591 3608 acl
600 3545 710 3624 officio,
728 3563 821 3626 neque
834 3549 876 3610 ad
885 3547 1025 3625 maenia
1034 3553 1211 3628 mmnooert

101 3661 189 3726 mtnc
206 3681 216 3722 .·
234 3649 533 3741 itemvntnonpoasit
547 3681 609 3726 essa
619 3669 800 3741 preconator
818 3664 956 3742 alterins,
972 3682 1024 3726 nec
1036 3661 1201 3743 mactator,

102 3793 145 3838 neo
168 3782 250 3844 testis
274 3782 309 3840 a'n
323 3795 414 3843 oanan
440 3779 604 3842 criminali.
624 3813 669 3826 --
686 3775 859 3859 Quodnam
877 3777 1038 3862 possitae
1056 3777 1158 3845 officia
1169 3787 1212 3845 ’ct

103 3891 247 3964 mnefieia
258 3896 458 3980 promoveri,
469 3896 618 3981 sequitur
631 3902 745 3980 aperte
755 3913 796 3964 ex
815 3897 913 3964 citata
928 3897 1088 3964 decretafi
1102 3901 1212 3964 onon·

17 4061 18 4074 .
63 4089 66 4098 ,
100 4020 208 4093 potam
224 4033 299 4080 cum
316 4014 363 4079 ibi
380 4013 510 4088 dicatur
528 4014 627 4082 talem
644 4016 851 4080 honorandam
878 4035 938 4080 non
956 4037 1017 4079 esse
1033 4036 1043 4078 :
1068 4009 1211 4087 bouara-'

104 4135 186 4194 retur
200 4138 309 4198 autem
323 4130 350 4196 si
364 4129 407 4196 ad
416 4129 554 4196 officium
567 4130 619 4196 vel
632 4130 808 4198 benficium
819 4137 1083 4214 promoveretur.
1099 4131 1204 4217 Atque

103 4241 133 4310 id
144 4245 272 4330 insuper
281 4245 451 4314 confirmat
464 4245 634 4315 doctorum
649 4247 695 4312 ita
708 4245 908 4314 decretalem
919 4247 1205 4331 mterpreteutium

105 4363 270 4428 communis
286 4363 458 4432 antenna
475 4361 571 4445 Quod
589 4383 655 4429 noa
667 4365 768 4448 possit
780 4381 852 4429 esse
869 4371 1047 4441 accusator,
1066 4379 1126 4428 nee
1153 4368 1214 4427 te-'

17 4483 18 4556 l
104 4474 163 4555 stis,
176 4475 350 4552 deducitur
366 4495 408 4546 ex
418 4477 579 4546 decretali
593 4479 742 4562 Gregorii
761 4481 809 4544 lll·
820 4484 888 4544 lton
895 4483 981 4543 anet
995 4478 1063 4564 (56,
1080 4477 1134 4544 tit.
1146 4481 1199 4555 ιο,
