2914 5122
254 341 315 414 tir
374 337 384 344 ’
572 320 784 416 ΙτιιΑῢτΔτυε
805 369 849 415 nn
871 367 1018 417 runicus.

249 499 323 582 quia
338 517 378 564 ex
392 481 502 562 verbis¹
519 495 619 562 semel
633 496 770 580 prolatis·
785 497 910 562 nullum
937 498 1110 564 materiale¹
1122 491 1294 582 vestigium
1308 493 1361 564 ‘re-

248 622 369 680 manet.
391 613 515 696 Quibus
529 613 727 696 praenotutis,
746 611 903 678 dicimus:

293 733 319 796 Ι.
338 709 387 796 De
402 729 475 815 jure
493 731 655 796 communi
665 737 799 794 tenetur
811 728 912 815 judex
929 731 1167 797 ecclesiasticus
1180 731 1290 818 quoad
1306 731 1360 800 de-

245 850 323 916 licta
334 847 411 914 facti
425 848 646 931 permanentis
657 846 874 912 visitationem
891 848 1038 931 corporis
1052 846 1163 914 delicti
1175 867 1237 934 per
1250 869 1296 927 se,
1312 851 1361 916 vel

246 983 307 1049 per
325 963 500 1047 deputatos
517 961 652 1028 idoncos
671 961 792 1026 faeere.
807 997 853 1010 -·
864 964 943 1028 llam
959 961 994 1026 id
1011 963 1235 1046 praescribitur
1254 983 1297 1029 ex
1311 966 1362 1030 Ju-

245 1082 402 1146 stinianeo
411 1078 485 1164 jure
503 1079 586 1165 (lege
599 1083 675 1142 Cum
689 1082 802 1159 attter,·
811 1097 870 1144 nec
883 1099 947 1144 non
958 1079 1031 1164 lege
1041 1084 1212 1144 nmessarto
1223 1084 1254 1160 5,
1272 1080 1306 1146 ff.
1321 1079 1360 1146 de

246 1199 277 1264 S.
293 1199 328 1262 C.
347 1194 464 1280 Silano)
482 1217 489 1259 :
508 1194 637 1262 aliunde
656 1195 690 1258 in
705 1195 766 1261 hoc
782 1197 879 1260 sacris
900 1196 1076 1261 canonibus
1091 1215 1155 1262 non
1170 1196 1362 1263 adversetur

244 1315 441 1381 iustinianea
458 1287 649 1395 dispositio:
669 1331 747 1395 ergo
762 1312 870 1396 quoad
887 1313 947 1378 hoc
969 1313 1095 1378 censeri
1116 1312 1217 1380 debet
1239 1313 1362 1380 infore

245 1431 462 1498 ecclesiastico
481 1430 602 1512 vigere.
625 1427 722 1511 Quod
736 1429 870 1512 insuper
887 1429 1093 1496 demonstrat
1104 1430 1296 1495 universalis
1310 1432 1364 1495 tri·

244 1548 411 1615 buualium
429 1546 720 1611 ecclesiasticorum
738 1545 858 1628 praxis,
878 1565 938 1611 nec
955 1557 1020 1612 non
1036 1545 1276 1611 canonistarum
1291 1566 1363 1612 con·

246 1682 369 1730 sensus.
385 1658 791 1750 (VidefSehmnlzgruober,
804 1661 837 1724 in
844 1663 896 1727 tit.
912 1661 1027 1739 l,lihri
1039 1665 1057 1726 5
1070 1661 1211 1738 decret,
1224 1681 1258 1726 u.
1273 1664 1309 1728 21
1319 1659 1362 1746 Ζ)

244 1783 286 1848 Et
296 1781 461 1863 sapienter
475 1778 644 1861 utriusque
662 1777 726 1854 fori
737 1775 902 1861 judicibus
919 1776 988 1842 haec
1001 1796 1114 1842 norma
1124 1775 1270 1861 injuncta
1285 1777 1337 1842 est
1354 1800 1359 1842 :
1446 1835 1447 1840 ,

246 1897 273 1960 si
286 1897 383 1973 euim,
404 1894 497 1960 verbi
510 1893 625 1978 gratia,
643 1893 755 1988 Titius,
772 1893 827 1976 qui
843 1891 962 1957 dicitur
972 1912 990 1956 a
1000 1893 1079 1957 Caio
1094 1893 1229 1970 occisus,
1245 1912 1307 1976 per
1325 1891 1364 1956 vi

244 2013 428 2078 s'itationem
453 2010 597 2094 corporis
615 2007 726 2076 delicti
748 2009 934 2092 reperiatur
955 2009 989 2072 in
1013 2007 1110 2074 domo
1128 2027 1186 2073 sua
1203 2010 1320 2074 vivens
1334 2017 1364 2074 'et
1446 2045 1447 2094 3

246 2147 351 2205 sanus,
367 2127 467 2192 stulte
480 2124 582 2210 judex
597 2133 711 2191 contra
728 2130 914 2190 accusatum
930 2125 1040 2189 Caium
1053 2125 1137 2190 ultra
1154 2125 1361 2208 procederet.
1446 2155 1447 2164 κ

290 2246 333 2309 ΙΙ.
355 2273 367 2298 «
388 2241 543 2308 Procedit
557 2242 619 2307 hoc
639 2243 737 2307 etiam
755 2260 832 2306 casu
850 2260 915 2326 quo
939 2260 1015 2305 reus
1033 2238 1193 2326 ejusmodi
1209 2240 1365 2308 delictum

253 2381 346 2427 «ase
360 2361 564 2428 commissum
590 2360 736 2440 fatetur:
751 2358 954 2424 nihilominus
977 2358 1062 2426 enirn
1086 2357 1295 2424 condemnari
1313 2341 1365 2424 ne-¹

253 2509 264 2532 a
283 2478 353 2564 quit
368 2485 540 2561 antequam
554 2475 657 2562 judex
674 2475 797 2540 miserit
809 2475 842 2539 in
853 2475 1018 2558 locum...;
1033 2475 1107 2561 quia
1125 2482 1256 2540 nonest
1275 2475 1311 2538 iu
1322 2479 1365 2540 a'r·

253 2625 265 2648 «
287 2593 385 2659 bitrio
400 2590 597 2686 hominisde
613 2611 672 2660 sua
691 2592 759 2656 vita
779 2589 965 2674 disponere,
985 2592 1068 2657 sicut
1093 2591 1127 2656 in
1153 2609 1249 2656 causa
1268 2592 1361 2667 civili,

253 2742 264 2763 «
283 2710 339 2775 ubi
352 2708 461 2797 quoad
477 2687 668 2792 temporalia
688 2708 772 2774 bona
787 2708 927 2792 seipsum
943 2691 1015 2792 quis
1027 2715 1136 2792 potest
1156 2726 1198 2772 ex
1218 2727 1278 2772 sua
1295 2727 1366 2774 cou-

253 2827 420 2894 ·iessione
437 2824 697 2890 condemnare.»
721 2824 1033 2910 (Schmalzgrueber,
1051 2824 1123 2889 loco
1143 2821 1272 2907 citato.)

257 2993 261 3001 .
293 2945 351 3009 111.
365 2944 396 3008 Si
414 2961 494 3008 vcro
510 2942 667 3008 delictum
684 2943 817 3026 vestigia
829 2961 895 3007 non
909 2943 1093 3026 reliquerit,
1111 2943 1167 3007 vel
1181 2961 1219 3006 ca
1233 2941 1366 3026 vestigia

250 3061 410 3144 inspicere
427 3058 578 3142 possibile
598 3060 732 3136 nonsit,
752 3077 817 3123 uon
832 3058 1022 3142 requiritur,
1046 3065 1083 3124 ut
1103 3063 1206 3142 patet,
1224 3057 1366 3142 corporis

251 3173 363 3240 delicti
376 3174 529 3241 visitatio.

295 3289 350 3355 1v.
367 3293 515 3356 Formam
528 3293 726 3378 exequendae
742 3292 900 3378 ejusmodi
914 3292 1113 3369 visitationis,
1132 3292 1236 3357 etalia
1251 3290 1294 3358 de
1309 3291 1366 3356 hoc

252 3407 294 3472 ad
322 3409 447 3492 praxim
471 3410 552 3474 scitu
579 3411 769 3486 necessaria,
793 3408 891 3474 habes
915 3409 947 3470 in
970 3407 1160 3473 formulario
1186 3408 1292 3494 (iufra,
1320 3427 1367 3472 se·

253 3525 360 3590 ctione
376 3521 422 3607 6).

707 3727 840 3845 cnrur
856 3777 911 3841 rv.

256 4042 300 4107 nu
332 4059 577 4110 mronusrvorvu
607 4055 798 4115 suunmnm,
828 4058 861 4106 m
885 4055 1047 4105 rnocnssu
1078 4053 1249 4103 crimmum
1272 4051 1368 4102 rusm-

263 4159 265 4164 '
344 4174 488 4234 nunnus,
510 4174 692 4234 auruounu
711 4173 851 4222 ciruruu
868 4174 909 4220 ur
924 4171 1171 4221 eonsrmunrun
1186 4169 1279 4218 urus.

301 4461 489 4528 Informntio
504 4462 675 4527 summaria
695 4468 744 4527 est
758 4460 813 4524 ille
830 4477 1003 4542 processus
1019 4425 1168 4542 previus,
1186 4459 1240 4544 qui
1254 4456 1294 4522 lit
1313 4472 1368 4540 per
