2838 5114
211 297 275 364 398
341 361 342 365 ,
554 310 741 356 salmurus
765 312 807 358 on
830 310 977 356 inurens.

212 453 304 500 suum
320 435 461 499 civilium
475 451 602 515 norma3
618 435 652 496 2⁰
664 441 702 498 ut
709 440 836 516 propria
849 433 1011 498 nonnullis
1023 433 1186 518 ejusmodi
1200 453 1312 516 proces

211 570 304 616 suum
319 549 488 632 speciebus
502 549 606 613 forma
622 549 884 615 subnecteretur.

255 667 415 732 Neutrum
430 673 540 730 tamen
555 665 736 729 membrum
750 665 857 749 quoad
871 673 973 730 totam
989 666 1089 748 ipsius
1106 667 1312 732 extensionem

210 781 437 863 lustrabimus3
470 779 530 845 sed
555 781 660 846 minus
686 782 776 846 utilia
804 789 1004 858 resecantes,
1036 781 1121 844 circa
1147 801 1313 846 commanem

212 897 360 963 omrribus
383 898 561 980 generatim
584 897 732 961 civilibus
753 896 885 980 judiciis
910 917 1074 974 normam,
1107 895 1314 963 describemus

213 1015 381 1081 dumtaxat
396 1015 558 1099 synopsim
575 1014 746 1098 quamdam
762 1017 861 1080 totius
876 1016 948 1080 telae
962 1015 1153 1099 judiciarie,
1170 1017 1202 1079 in
1218 1014 1314 1098 hujus

212 1133 301 1200 modi
321 1131 525 1215 processibus
544 1133 667 1194 servari
686 1131 799 1208 solitae,
820 1150 857 1194 ea
874 1130 1056 1214 supplendo
1080 1150 1151 1214 quas
1168 1131 1209 1195 ad
1224 1130 1315 1195 dictos

213 1267 384 1335 processus
403 1248 569 1330 pertinent
584 1253 617 1310 et
632 1246 775 1310 nondum
792 1246 927 1310 fuerunt
940 1247 1096 1328 exposita.
1117 1247 1232 1311 Postea
1245 1265 1315 1312 vero

211 1385 275 1428 non
291 1383 402 1428 ornnes
418 1363 657 1427 recensebimus
674 1362 814 1425 civilium
832 1356 1000 1426 causarum
1014 1363 1151 1446 speeies
1165 1363 1198 1426 in
1214 1361 1316 1445 quibus

213 1478 426 1562 expediendis
455 1477 574 1562 aliquid
607 1481 795 1558 particulare
825 1478 972 1560 reperire
1007 1485 1056 1544 est
1082 1465 1118 1540 in
1144 1477 1218 1561 jure
1248 1496 1316 1560 pra-

212 1595 389 1677 scriptum;
414 1592 449 1656 id
465 1593 549 1656 euim
571 1599 605 1656 et
621 1593 713 1655 nimis
728 1593 876 1674 longum,
897 1599 929 1656 et
945 1590 1053 1675 quoad
1075 1594 1201 1674 praxim
1215 1611 1316 1676 parum

211 1710 292 1774 utile
315 1709 402 1772 foret
432 1729 439 1772 :
469 1705 528 1772 sed
552 1710 709 1788 specialem
740 1706 909 1772 dumtaxat
940 1727 1085 1772 normam
1109 1707 1319 1790 expendemus

212 1827 481 1890 matrimonialium
503 1843 673 1885 cuasarum.
693 1823 730 1886 In
749 1821 798 1886 his
814 1821 899 1886 enim
922 1830 1012 1886 reoie
1035 1821 1248 1904 expediendis
1262 1840 1319 1886 om-

212 1943 287 2006 niuo
313 1941 466 2006 solertem
493 1957 562 2002 esse
586 1936 732 2020 judicem
760 1937 1031 2012 ecclesiasticum,
1061 1946 1096 2004 et
1117 1940 1167 2002 rei
1192 1939 1319 2021 gravitm

211 2054 365 2140 postulat,
386 2063 419 2120 et
435 2052 595 2138 ejusmodi
618 2054 724 2116 litium
744 2056 777 2116 lu
797 2053 870 2118 foro
893 2054 1114 2120 ecclesiastico
1132 2055 1314 2139 frequentia.

213 2173 295 2236 Item
316 2171 469 2236 nonnulla
483 2168 693 2254 subjiciemus
709 2168 750 2233 de
772 2171 876 2234 causis
898 2171 983 2234 eirea
999 2171 1184 2236 nullitatem
1206 2171 1317 2253 profes

212 2288 308 2351 sionis
330 2287 496 2370 religiosae.
515 2284 630 2366 Quoad
650 2292 784 2350 caeteras
808 2305 887 2350 vero
904 2286 1045 2350 civilium
1070 2306 1241 2352 causarum
1256 2306 1316 2369 spe·

214 2403 292 2479 cies,
309 2402 387 2486 quid
401 2401 598 2485 particulare
612 2402 647 2464 iu
660 2401 758 2466 modo
774 2399 974 2483 procedendi
988 2403 1136 2486 exigant,
1156 2402 1315 2468 dicendum

213 2518 408 2582 remittimus
431 2517 549 2597 passim
572 2517 605 2579 in
630 2516 754 2600 ceteris
774 2516 976 2593 tractatibus,
996 2516 1053 2581 ubi
1076 2516 1118 2580 de
1143 2517 1315 2601 hujusmodi

214 2651 381 2698 causarum
402 2632 534 2695 materia
552 2632 686 2715 quaestio
706 2631 907 2695 instituetur.

257 2746 338 2808 Hinc
356 2750 551 2824 presentem
577 2743 752 2806 sectionem
772 2743 803 2805 in
822 2743 939 2824 triplex
959 2752 1058 2826 caput
1082 2744 1312 2824 distribuimus3

213 2879 351 2944 quorum
363 2865 498 2940 prienam
513 2876 715 2922 communem
730 2858 831 2922 civilis
845 2877 1016 2940 processus
1030 2860 1130 2924 telam
1145 2857 1313 2924 summatim

215 2975 399 3057 exhibebit;
415 2977 574 3038 secandam
599 2993 677 3038 vero
701 2975 873 3057 specialem
897 2975 1081 3058 indigitabit
1096 2978 1130 3040 in
1144 2979 1244 3042 causis
1257 2975 1321 3040 ma·'

214 3092 450 3158 trimonialibus
468 3089 668 3173 procedendi
687 3110 852 3174 normam;
880 3099 1000 3156 tertiam
1022 3092 1163 3177 denique
1179 3093 1312 3177 subjiciet

215 3203 500 3291 quidservandum
512 3205 594 3268 sitin
609 3205 711 3270 causis
721 3203 762 3269 de
775 3205 982 3288 professionis
997 3208 1152 3295 religiosae
1165 3209 1307 3272 nullitate.

680 3459 813 3526 CAPUT
832 3459 857 3524 Ι.

214 3692 384 3740 commodis
401 3689 612 3740 PROCESSUUM
631 3689 780 3740 CIVlLlUM
799 3693 883 3738 TELA
901 3694 1072 3744 SUMMARIE
1095 3695 1300 3746 nnscmatutln.

260 3907 286 3970 1.
300 3910 344 3968 Dc
355 3909 465 3968 libello.
480 3942 525 3952 --
538 3928 553 3965 a
568 3905 729 3970 ludicium
744 3907 837 3971 civile
854 3908 1044 3993 principium
1059 3916 1157 3980 sumit
1168 3933 1184 3978 a
1196 3911 1301 3983 libello,

218 4041 304 4085 aseu
319 4022 548 4104 comparitione
572 4024 698 4086 actoris.
718 4024 790 4105 Ipse
814 4023 915 4100 enim,
933 4026 1001 4090 sive
1027 4047 1087 4109 per
1110 4049 1161 4104 se,
1180 4031 1242 4096 siue
1255 4043 1304 4110 per

218 4145 491 4220 «procuratorem
507 4147 675 4222 comparet
689 4157 796 4202 corum
810 4138 930 4223 judice,
948 4144 1001 4206 oui
1016 4147 1151 4228 porrigit
1163 4147 1301 4218 libellum,

218 4255 281 4319 «in
295 4273 359 4338 quo
379 4254 460 4338 petit
474 4272 507 4318 se
523 4252 644 4319 debere
663 4255 815 4338 consequi
832 4257 953 4340 aliquid
967 4258 1008 4326 ab
1024 4261 1141 4345 aliquo,
1160 4264 1211 4328 vel
1223 4263 1303 4326 instat

218 4393 235 4430 a
249 4367 371 4456 aliquid
387 4365 474 4435 uiuo
490 4368 551 4435 sibi
565 4368 648 4432 lieri.
