2878 5114
490 347 570 398 seos
593 349 752 398 secusne.
812 344 814 348 ·
1131 288 1195 402 t85

106 476 225 553 upioset
244 479 341 555 protis
353 475 508 555 defendas,
529 495 548 536 o
572 477 630 538 Deo
656 493 811 538 mmmmm
835 478 939 540 dotore
948 498 1007 561 pro
1030 497 1116 560 opere
1139 464 1202 542 tum

104 595 179 670 proto
198 593 353 656 mercedem
375 592 498 673 pierium
513 599 710 674 recepturus:
729 612 795 655 cum
813 597 948 656 omuibus
972 597 1144 677 prioitepiis
1169 602 1199 658 et

104 710 330 788 exemptionibus,
350 714 412 771 tom
429 711 466 772 de
476 713 549 791 juce
562 728 652 790 quum
666 712 703 774 de
718 713 928 775 cousuetudine
943 713 1064 774 debitis.
1079 715 1120 794 lu
1130 731 1202 792 quo·

103 839 170 900 rum,
189 827 383 903 cimbatum,
408 832 462 888 etc.
496 860 540 872 --
563 829 618 904 N.,
640 828 802 908 Episcopus
824 831 865 892 N.
897 860 936 872 -
956 831 1012 906 N.‚
1047 829 1195 891 couceda-

102 940 166 1000 rius.
187 961 199 994 o
218 975 258 986 -
274 939 315 1003 Ei
325 945 468 1021 ponatur
477 939 616 1024 sigillum
632 947 787 1006 consueto
806 941 891 1006 loco.

601 1139 686 1256 XIN.

219 1425 375 1477 sonuum
397 1425 635 1476 osousmoms
658 1426 866 1478 neoossuems
889 1429 1073 1478 ominum.

136 1644 220 1722 oN.,
247 1644 411 1724 Episcopum
432 1643 473 1704 N.
489 1677 535 1688 -·-
549 1643 666 1706 Dilecto
694 1646 735 1706 Ν.
754 1679 800 1690 -·-
819 1645 907 1708 Sacri
927 1645 1049 1706 comitii
1077 1645 1203 1708 Triden-

95 1757 147 1817 tiri
155 1759 184 1816 ct
194 1757 294 1820 socru
308 1757 554 1836 Compreputmuis
566 1757 693 1818 decretis
706 1755 894 1834 iubureutes,
909 1762 938 1818 et
952 1763 987 1818 ut
996 1775 1058 1838 pur
1072 1761 1116 1818 est
1131 1758 1198 1820 obe·
1320 1835 1324 1848 1

94 1869 152 1932 dire
170 1873 310 1947 colentes,
335 1878 371 1935 ut
391 1872 509 1934 muictor
519 1889 671 1952 pmucepue
685 1877 879 1953 pccumiurioe,
903 1892 968 1952 quoe
996 1878 1029 1934 iu
1054 1875 1204 1936 tribuuuii

92 1993 194 2067 rostro,
210 2008 269 2070 pro
283 1989 402 2052 delictis
416 1989 594 2069 illorumque
618 1989 802 2052 obsotutioue
819 1993 932 2070 impoui
955 1990 1058 2070 iustipi
1072 1997 1102 2052 et
1117 1995 1203 2071 eripi

91 2109 275 2185 cmtiperiut,
294 2106 399 2168 usibus
419 2112 449 2167 ct
464 2107 544 2190 iocis
550 2111 616 2187 piis
633 2109 769 2168 ciuitatis
786 2108 832 2168 oct
847 2108 981 2168 dioecesis
996 2108 1126 2168 arbitrio
1148 2126 1202 2169 uo-

90 2225 146 2282 stro
161 2227 276 2304 iutepre
289 2224 498 2304 uppticeutur;
514 2225 564 2300 Te,
584 2225 621 2286 de
637 2227 720 2305 cujus
734 2222 884 2299 fidelitate
896 2231 925 2286 et
939 2224 1091 2304 probitate
1102 2225 1204 2304 piuri-

89 2354 162 2398 mum
176 2343 210 2401 im
224 2341 353 2402 Domiuo
371 2337 562 2417 confidimus,
578 2340 795 2420 depositorium
815 2341 967 2403 dicturum
980 2341 1161 2414 mutctorum
1174 2346 1203 2401 ct

83 2470 233 2532 poemorum
247 2458 457 2516 coustituimus
468 2460 498 2516 ct
512 2457 689 2536 deputamus
698 2479 712 2534 ,·
724 2456 798 2517 dato
813 2460 949 2518 cuutiomc
963 2460 995 2518 iu
1007 2460 1084 2518 actis
1093 2463 1203 2518 mostrce

87 2571 269 2634 camellariae
289 2572 326 2634 de
349 2572 418 2634 boue
432 2573 686 2649 udmiuistroudo,
707 2579 735 2634 ct
750 2573 787 2635 de
806 2573 883 2634 libro
899 2573 968 2634 boue
987 2579 1148 2654 compecto,
1169 2577 1204 2635 iu

88 2705 139 2766 quo
153 2689 301 2751 admoturi
317 2694 346 2750 et
364 2689 492 2750 describi
505 2689 661 2767 debebunt,
676 2691 842 2767 retinendo,
857 2695 886 2750 et
897 2693 1044 2750 rotiomcm
1053 2689 1203 2751 reddendo

85 2806 115 2864 im
126 2804 186 2882 fimo
203 2809 281 2868 omui
295 2823 394 2868 corum
409 2807 502 2868 Nobis
516 2811 546 2868 ct
554 2807 669 2868 duobus
686 2807 724 2868 de
734 2808 879 2887 capituto,
892 2824 927 2868 ac
939 2807 975 2868 de
988 2806 1061 2868 illos
1072 2824 1131 2868 mom
1142 2807 1204 2867 soi-

24 2915 26 2930 '
84 2923 171 2984 oeudo
186 2925 252 2984 uisi
262 2922 299 2984 de
313 2940 452 3001 cupresso
467 2928 568 2983 uostro
581 2927 613 2984 iu
627 2927 749 3004 scm'ptis
761 2924 915 3001 muudum,
929 2923 987 3000 oei,
1003 2924 1087 2984 mobis
1102 2923 1204 2984 obseu-

84 3037 168 3118 tibus,
189 3042 308 3104 Vicorii
333 3040 495 3119 pomerolis,
516 3046 633 3120 receptu
658 3045 690 3102 iu
710 3041 788 3102 coloe
816 3041 946 3122 ejusdem
973 3041 1112 3102 mumduti
1134 3059 1205 3102 com-

83 3155 204 3230 tessioue
233 3159 298 3237 ejus
320 3160 370 3218 cui
395 3155 531 3218 solveris.
559 3157 794 3236 Mumdcmusque
821 3157 1001 3220 comctterio
1026 3163 1141 3236 uestro,
1165 3163 1200 3218 ut

81 3273 253 3336 uuiicteuus
264 3276 298 3335 iu
310 3277 466 3336 euoctioue
484 3273 636 3336 diciorum
656 3275 836 3336 muletarum
851 3279 880 3336 et
891 3291 1047 3355 poemorum
1056 3277 1200 3354 pecunio-

83 3398 195 3458 ricrum
211 3415 244 3458 se
263 3401 402 3477 impero&
413 3398 466 3458 sed
476 3400 591 3476 imtepre
599 3415 689 3478 peues
707 3400 746 3461 Te
759 3399 867 3478 deponi
883 3405 966 3460 curet
973 3420 988 3476 ,·
1002 3397 1202 3486 presentibus

81 3515 112 3572 iu
134 3513 320 3576 eumceiloriu
333 3515 544 3594 repistromdis,
573 3516 615 3576 ud
632 3521 767 3576 uestrum
785 3515 1001 3596 beneplacitum
1022 3514 1191 3576 duraturis.

80 3627 204 3708 Datum,
223 3635 281 3692 etc.
291 3631 397 3709 -N.,
414 3632 577 3712 Episcopus
597 3635 637 3694 N.
655 3666 701 3678 -
716 3635 745 3695 N
748 3678 754 3693 .
759 3679 770 3710 ,
785 3631 1017 3694 vomiturus.»
1033 3628 1133 3693 -Et
1147 3646 1203 3710 po·

84 3749 178 3810 notus
198 3743 342 3828 sigillum
356 3750 513 3812 consueto
527 3745 612 3812 loco.
684 3737 689 3744 ’

600 3995 668 4059 XV.

121 4217 287 4268 muttum
312 4216 552 4268 nseuse'noms
574 4217 780 4268 neroslsenn
803 4219 916 4270 MENSAE
939 4217 1154 4270 selscoesms.

134 4465 148 4498 o
168 4444 226 4518 N.‚
258 4443 420 4541 Episcopus
438 4445 475 4506 N.
492 4477 536 4489 —-
551 4445 666 4508 Diiecto
682 4447 721 4509 N.
743 4479 788 4492 --
800 4448 951 4511 Bonorum
966 4451 995 4507 et
1014 4449 1125 4524 jurium
1147 4463 1200 4506 mo-
