2836 5118
484 317 563 370 enm
584 319 742 370 securus.
1108 301 1170 366 287

116 455 146 517 2⁰
167 451 313 516 Discussa
335 448 396 514 ltoc
421 447 579 526 articulo,
610 443 712 510 debet
738 445 949 528 pronuntiare
972 441 1072 509 luisse
1104 443 1177 504 bena

73 571 225 650 jednamm
248 574 278 630 et
300 568 378 628 mole
399 566 600 648 appellatum,
625 560 680 629 vel
703 569 835 638 contra,
861 563 939 626 mule
956 563 1128 643 judicatum
1144 565 1177 620 et
1231 557 1249 594 0

80 687 138 747 nm
159 685 351 765 appellatum.
468 654 472 660 ’

114 803 144 865 3⁰
165 799 196 864 Si
208 797 470 881 pronuntiaverit
484 798 555 858 tene
577 797 777 879 appellatam,
801 795 880 855 naute
894 794 1083 875 judicatum,
1105 797 1175 855 totu

78 933 159 980 musa
178 913 238 979 hoc
259 913 330 996 ipso
352 911 415 994 ipsi
431 908 608 995 judicanda
625 907 825 974 devolvitur.
850 909 891 972 llt
909 906 971 972 hoc
991 923 1106 970 verum
1125 913 1176 971 ost

76 1029 185 1096 etiamsi
198 1027 239 1094 ab
260 1025 506 1092 interlocutoria
526 1023 695 1088 dumtaxat
723 1021 825 1088 luerit
853 1022 1053 1105 appellatum
1072 1041 1079 1086 ι
1100 1039 1176 1084 nam

74 1145 245 1210 etiamtunc
260 1141 303 1206 ab
314 1143 384 1226 ipso
396 1138 608 1224 judicandum
619 1144 669 1204 est
691 1135 733 1202 de
751 1156 846 1202 causa
862 1135 1047 1220 principali,
1061 1141 1096 1200 et
1111 1137 1175 1199 non

72 1268 184 1326 tantum
199 1260 242 1325 de
256 1257 442 1342 gravamine
456 1255 620 1320 incidente
635 1251 874 1338 propterquod
888 1252 951 1318 fuit
961 1252 1170 1336 appellatum.

74 1366 212 1433 Instituet
225 1385 306 1450 ergo
326 1383 515 1450 processum
533 1363 574 1430 de
593 1371 665 1429 tota
678 1383 785 1442 causa,
803 1383 938 1449 eamque
965 1384 1025 1449 per
1047 1372 1176 1430 senten-

74 1482 139 1547 tiam
150 1482 355 1548 definitivam
368 1481 566 1557 terminabit,
575 1488 672 1565 atque
681 1481 780 1546 etiam
791 1481 975 1546 executioni
991 1477 1172 1556 mandabit,

73 1597 124 1662 nisi
137 1605 168 1663 et
178 1597 219 1663 ab
234 1598 305 1681 ipsa
316 1597 511 1680 appelletur.

109 1715 140 1778 4⁰
162 1715 194 1779 Si
207 1713 470 1796 pronuntiaverit
494 1715 564 1778 berte
577 1714 752 1796 judicatum
770 1719 799 1774 et
814 1715 892 1775 mate
911 1715 1115 1794 appellatum,
1143 1719 1177 1776 et

72 1835 174 1912 agatur
192 1829 236 1895 de
257 1826 695 1912 appellationeadefinitiva,
715 1825 863 1892 eamdem
886 1828 1080 1893 sententiam
1097 1825 1177 1892 defi·

71 1945 191 2010 uibrcm
204 1966 224 2011 a
239 1943 349 2030 jndice
364 1949 451 2026 optio
465 1943 625 2026 prolatam
638 1943 707 2025 ipse
723 1942 941 2021 confirmabit,
963 1950 1060 2028 atque
1077 1942 1184 2008 etiem·

72 2068 259 2145 exequetur.

108 2180 140 2241 5⁰
161 2177 192 2242 Si
208 2175 473 2261 pronuntiaverit
488 2177 558 2240 tene
575 2177 749 2257 judicatum
768 2181 798 2239 et
810 2177 893 2238 anule
912 2178 1116 2258 appellatam,
1143 2182 1180 2242 et

71 2300 176 2376 agatur
204 2291 249 2358 de
273 2289 491 2375 appellatione
513 2289 556 2354 ab
575 2289 834 2368 interlocutoria,
863 2288 965 2356 debet
979 2308 1107 2359 caluam
1137 2289 1183 2356 ad

71 2408 204 2489 priorem
217 2405 364 2498 judicem
386 2405 568 2480 remittere,
587 2402 805 2469 condemnato
829 2403 871 2470 ad
886 2425 1044 2490 expensus
1058 2403 1182 2490 appel?

67 2521 157 2590 lante.
178 2525 241 2611 (De
260 2521 309 2587 his
324 2520 471 2606 omnibus
492 2520 552 2585 sub
574 2521 727 2603 praesenti
741 2521 918 2604 quaestione
934 2525 953 2586 2
973 2519 1081 2597 dictis,
1103 2519 1181 2586 vide

70 2638 364 2724 Schmalzgrueber‚
383 2637 417 2701 in
428 2637 480 2702 tit,
503 2637 556 2710 28,
573 2635 650 2700 libri
664 2638 684 2699 2
697 2632 804 2713 decr,
823 2655 856 2700 n.
876 2641 916 2703 97
933 2637 1068 2722 etseq.)

106 2757 258 2837 Qumsmo
272 2757 317 2820 3⁰,
329 2789 375 2802 --·
398 2755 597 2833 mundonem
604 2754 707 2832 judex
720 2755 764 2814 ad
776 2772 860 2834 quem
871 2759 969 2835 possit
982 2755 1114 2817 inhibere
1125 2762 1184 2838 jo-

69 2872 123 2936 dici
137 2892 157 2936 a
171 2892 244 2954 quo,
267 2890 306 2934 ue
317 2871 463 2950 procedat
478 2873 511 2932 in
535 2870 649 2930 causo?
662 2903 709 2918 --
731 2870 762 2930 1⁰
789 2867 862 2932 Non
887 2875 996 2950 potest
1021 2868 1182 2953 ejusmodi

69 2986 286 3054 inhibitionem
308 2985 418 3050 lacere
440 2991 614 3067 antequam
632 2983 695 3065 ipsi
711 2987 838 3048 constet
853 3002 968 3052 revera
982 2987 1181 3069 appellatum

69 3099 175 3178 luisse,
194 3109 231 3168 et
245 3097 595 3186 quidemeumdebitis
609 3097 871 3178 formalitatibus,
889 3099 986 3180 idest,
1004 3104 1090 3168 intra
1101 3109 1181 3168 tem·

69 3234 123 3300 pus
145 3217 313 3294 debitum,
333 3223 398 3282 etc.
419 3215 469 3280 lta
488 3232 641 3298 expresse
663 3213 853 3280 decernitur
873 3213 1032 3285 decretali
1047 3222 1183 3284 aarum

71 3331 108 3415 (3,
126 3336 162 3398 dc
179 3334 313 3416 Appell,
332 3331 365 3395 in
378 3328 422 3415 6).

108 3450 140 3514 2⁰
163 3450 197 3515 Si
222 3445 424 3530 appellatum
444 3445 488 3511 sit
509 3444 706 3510 asenteutia
730 3441 915 3524 definitiva,
940 3446 1039 3514 modo
1054 3455 1181 3515 constet

70 3582 180 3633 revera
197 3583 275 3632 cum
295 3561 417 3630 debitis
438 3559 693 3628 formalitatibus
715 3560 913 3643 appellatum
933 3562 1051 3642 luisse,
1072 3573 1185 3648 potext

70 3682 172 3750 statim
186 3678 293 3766 judex
306 3681 444 3760 admunt
457 3675 605 3742 inhibere
617 3673 719 3758 judici
732 3695 752 3738 a
766 3695 823 3756 qao
837 3676 939 3744 need
956 3681 1185 3746 executionem

71 3798 234 3862 sententie
253 3813 320 3863 suae
332 3791 501 3878 procedat.
519 3790 665 3862 Dicimus
678 3796 801 3872 noum,
821 3790 931 3873 idest,
948 3797 1057 3860 statim
1073 3815 1111 3862 ao
1125 3815 1184 3862 om«

72 3914 153 3994 perit
170 3929 371 3999 cognoscere
389 3917 501 3978 utrum
527 3906 701 3994 appellatio
715 3907 904 3991 recipienda
918 3912 959 3977 sit
974 3931 1092 3978 necue.

110 4033 144 4096 3⁰
162 4054 178 4092 «
196 4030 239 4095 At
252 4030 280 4092 si
294 4027 491 4111 appellatum
506 4024 547 4090 sit
566 4023 607 4089 ab
626 4023 890 4105 interlocutoria,
911 4035 1086 4114 autemnam
1099 4031 1185 4096 ioht«

74 4143 174 4214 abeat
189 4143 297 4229 judici
312 4140 461 4214 inferiori
480 4141 514 4206 iu
533 4158 631 4207 cerusa
649 4137 852 4222 procedere,
881 4159 977 4208 causa
995 4144 1182 4230 appellandi

75 4258 206 4337 «debet
219 4259 312 4344 priua
327 4273 397 4326 esse
413 4255 552 4340 probata
571 4261 607 4322 et
626 4253 820 4340 justificata,
838 4258 1025 4344 etquidem
1048 4262 1085 4326 in
1103 4263 1186 4344 pram

75 4376 208 4442 «mutia
223 4375 376 4459 perfixum
394 4396 410 4436 r
431 4370 753 4458 (Sehmtlltsstuehoe,
770 4372 804 4440 'tu
819 4374 870 4439 tit.
889 4376 943 4454 28,
960 4375 982 4441 l.
1004 4375 1182 4458 idemne,
