2948 5126
538 369 618 420 rans
640 357 798 421 sncuaon.
1177 358 1219 423 35

106 499 261 562 iudicialis
273 518 308 563 ea
319 504 380 577 est,
393 515 464 583 quae
476 496 516 562 fit
529 499 689 583 superiori
703 505 740 563 ut
747 503 860 582 judici,
874 497 916 566 ad
930 498 1221 586 vindictampubli·

106 634 182 678 eam.
194 617 243 680 De
256 613 316 680 hac
328 615 529 699 potissimum
542 615 575 680 in
586 618 741 700 praesenti
752 617 858 700 capite
870 617 962 682 venit
973 615 1213 684 disserendum.

146 733 178 796 2⁰
190 729 355 796 iudicialis
366 730 568 796 denuntiatio
585 730 749 797 subdividi
764 738 883 816 potest,
894 733 928 796 in
940 731 1218 800 denuntiationem

101 849 198 910 delicti
204 849 364 928 patrandi,
378 853 410 910 et
421 847 454 910 in
462 844 741 912 denuntiationem
750 850 854 911 delicti
857 854 990 930 patrati.
1003 849 1096 915 Prior
1106 850 1216 916 locum

103 960 204 1040 habet,
219 961 351 1047 quando
370 960 516 1044 alicujus,
531 961 585 1027 vel
600 961 841 1029 matrimonium
852 963 975 1042 inituri,
988 967 1041 1031 vel
1052 964 1093 1030 ad
1110 985 1218 1034 saeros

104 1076 228 1144 ordines
240 1083 298 1143 aut
316 1075 509 1162 dignitatem
527 1079 754 1161 promovendi,
772 1079 988 1146 denuntiatur
1005 1081 1220 1166 impedimen-

102 1201 180 1279 tnm;
193 1215 236 1260 ne
251 1196 376 1262 seilicet
392 1194 617 1280 irregulariter
632 1197 667 1262 et
686 1205 801 1262 eontra
820 1203 959 1264 canones
977 1199 1220 1265 matrimonium
1256 1223 1262 1233 ¹

102 1311 299 1389 celebretur,
320 1319 379 1376 aut
401 1310 458 1376 fiat
478 1313 651 1394 promotio.
671 1307 846 1390 Posterior,
866 1311 996 1398 quando
1018 1315 1220 1381 commissum

100 1425 167 1509 jam·
177 1427 218 1492 ab
234 1428 344 1511 alique
360 1425 519 1491 defletum
536 1425 639 1511 judici
654 1427 852 1494 declaratur.
875 1429 970 1494 Prior
988 1428 1066 1494 olim
1079 1428 1218 1496 vocaba-

102 1551 152 1608 tur
162 1549 319 1621 cononica,
338 1541 478 1627 eoquod
493 1562 512 1608 a
530 1545 630 1608 saeris
649 1543 826 1609 canonibus
837 1552 948 1610 ortum
961 1542 1079 1623 ducat,
1097 1552 1132 1610 et
1144 1562 1221 1626 pro-

102 1661 166 1743 pria
183 1662 224 1725 sit
243 1661 319 1726 loro
342 1658 559 1724 eeclesiastico
575 1679 582 1724 :
598 1660 760 1741 posterior
778 1675 859 1726 vero
878 1663 990 1738 etoile,
1016 1681 1056 1727 eo
1077 1660 1166 1746 quod
1187 1663 1220 1726 in

102 1776 289 1843 forestium
314 1774 460 1841 saeculari
486 1775 595 1840 locum
617 1774 748 1840 habeat.
776 1777 898 1842 Verum
921 1776 1140 1845 denominatio
1164 1779 1218 1844 illn

102 1893 201 1957 minus
223 1899 379 1957 securata
405 1889 644 1956 recentioribus
667 1889 857 1958 doctoribus
878 1893 947 1958 visa
967 1898 1032 1975 est3
1052 1900 1123 1958 tum
1145 1895 1219 1978 quia

102 2014 234 2094 utraque
248 2011 331 2074 vero
342 2015 376 2074 et
387 2008 519 2092 proprio
535 2026 633 2072 sensu
644 2013 787 2072 cocenim
803 2014 863 2085 est,
878 2015 912 2074 et
928 2007 995 2074 diei
1009 2016 1134 2093 potest;
1147 2015 1218 2076 tum

94 2127 169 2208 quia
182 2145 247 2191 vox
261 2128 374 2202 civilis,
390 2124 452 2190 hoo
467 2141 563 2189 seusu
574 2122 729 2201 adhibita,
745 2123 955 2208 ambignitate
971 2125 1110 2192 laborat.
1123 2125 1217 2212 (Vide
1266 2205 1272 2216 ⁸

99 2240 398 2326 tchmmrgrueben
412 2241 446 2304 in
459 2240 511 2304 tit.
531 2243 561 2317 l,
574 2239 650 2306 libri
666 2243 676 2304 1
698 2239 839 2318 decret,
857 2260 891 2304 n.
911 2238 1000 2324 167.)

136 2362 170 2424 3⁰
183 2361 314 2425 lterum
327 2356 490 2443 judicialis
504 2355 709 2422 denuntiatio
722 2355 887 2422 subdividi
897 2364 1017 2440 potest,
1034 2358 1069 2424 in
1090 2357 1217 2426 denun-

93 2474 257 2540 tiationem
268 2479 411 2538 interesse
414 2477 543 2554 prtcctt,
559 2472 636 2536 etin
649 2470 929 2538 denuntiationem
940 2477 1212 2556 interessepabltcc‘.

96 2590 194 2668 Prior,
213 2605 288 2675 quae
310 2590 474 2686 etquorelc
492 2588 625 2670 proprio
643 2588 773 2652 nomine
793 2587 858 2652 diei
872 2595 993 2671 potest,
1012 2589 1213 2656 tunctorum

95 2693 197 2775 babet,
214 2696 350 2783 quando
377 2695 571 2760 denuntians
591 2694 677 2776 petit
695 2693 757 2788 sibi
777 2695 926 2760 resarciri
944 2694 1100 2762 damnum
1122 2697 1211 2786 quod

94 2817 197 2894 passus
229 2819 282 2879 est
310 2829 372 2896 per
403 2809 516 2876 delicti
549 2807 732 2876 denuntiati
759 2811 1004 2893 patrationem:
1034 2814 1208 2895 posterior,

94 2929 217 3012 quando
241 2929 440 2996 denuntians
462 2925 505 2991 de
529 2925 650 2991 damno
674 2925 735 2992 sibi
757 2945 777 2990 a
800 2925 1014 3011 delinquente
1035 2928 1125 2994 illato
1145 2946 1210 2996 non

94 3043 249 3128 queritur,
268 3043 331 3109 sad
344 3059 386 3108 ex
408 3043 477 3108 solo
497 3041 574 3108 boni
595 3039 721 3124 publici
735 3042 859 3106 motivo
880 3041 1022 3106 criminis
1039 3045 1209 3110 coercitio-

93 3171 160 3225 nem
175 3160 400 3246 persequitur.
418 3156 575 3223 Eamd'em
600 3153 856 3222 subdivisionem
876 3163 1010 3238 priuatae
1028 3165 1064 3224 et
1081 3162 1208 3240 puellm

94 3274 345 3342 denuntiationis
361 3273 523 3340 vocabulo
548 3273 696 3337 nonnulli
718 3273 917 3354 exprimunt,
949 3291 1023 3340 cum
1044 3273 1205 3342 8111111111-

93 3392 231 3474 grueber
259 3391 304 3479 (in
321 3391 373 3454 tit.
397 3393 426 3467 1,
447 3389 470 3455 l.
489 3392 508 3452 5
528 3387 668 3465 deeret„
698 3408 733 3454 n.
760 3389 822 3454 168
840 3395 876 3454 et
908 3387 996 3473 169);
1023 3388 1205 3458 obscuriori

93 3513 204 3587 umen,
223 3517 264 3574 ut
280 3505 357 3572 mibi
378 3504 521 3583 videtur,
541 3505 692 3570 formula.

130 3625 209 3704 Alia,
228 3615 333 3710 eaque
346 3631 396 3689 sat
408 3623 583 3708 frequenti,
598 3619 869 3698 denominatione,
888 3619 1090 3690 denuntiatio
1107 3627 1204 3688 ecto·-

91 3753 148 3803 cssc
156 3737 291 3824 plicuit,
309 3738 447 3806 vocatur
466 3741 582 3817 alcide·
597 3755 638 3802 eo
659 3736 749 3823 quod
768 3755 884 3822 nempe
909 3733 989 3801 tune
1005 3735 1203 3808 emanans

87 3855 225 3922 affectas
246 3854 406 3942 quosdam
432 3855 558 3932 civiles,
583 3856 809 3939 potiusquam
832 3853 975 3920 criminis
998 3855 1200 3936 punitionem

90 3980 324 4058 persequatur:
341 3970 544 4036 denuntiatio
563 3977 673 4036 autem
694 3977 836 4036 interesse
855 3973 980 4052 publici,
996 3969 1087 4054 quod
1100 3970 1134 4036 in
1150 3991 1201 4038 so·
1297 4042 1301 4052 ,
1385 4046 1387 4054 s

91 4083 150 4152 lam
167 4088 310 4154 numinis
328 4085 503 4152 vindictam
517 4084 644 4165 tendat,
660 4089 830 4152 amicalis
852 4085 986 4152 dieitur.
1008 4085 1092 4152 Hinc
1112 4087 1199 4171 apud

92 4206 312 4288 pragmaticos,-
328 4221 387 4270 sen
405 4203 471 4270 ieri
484 4202 655 4287 practices,
674 4203 829 4289 frequens
853 4203 991 4282 mentio,
1015 4201 1058 4270 de
1076 4210 1199 4270 concine

88 4327 201 4384 tantm
216 4319 306 4404 quod
321 4319 428 4402 agibu
442 4321 585 4398 ciuiliter,
602 4327 635 4384 et
654 4318 697 4385 de
713 4324 838 4383 crimine
857 4324 971 4384 contra
990 4316 1081 4402 quod
1093 4318 1199 4400 agitur

92 4438 298 4502 cuneatim.
