2914 5122
251 329 314 430 ‚¹5⁶
592 346 779 397 scissurus
802 305 846 396 os
867 347 1014 408 supinus.

247 473 346 534 medio
359 441 510 554 protunda·
523 472 556 536 in
569 472 640 555 ipso
658 470 822 556 descripta
837 470 997 558 ejusmodi
1010 473 1084 550 sint,
1104 489 1175 557 quae
1191 471 1350 538 videantur

189 567 191 571 ⁵
247 586 290 666 ad
304 585 519 670 detegendam
535 591 705 654 veritatem
725 608 818 674 posse
835 588 969 676 ducere,
984 595 1171 654 nontamen
1184 587 1266 654 hanc
1279 587 1350 653 ueri·

247 710 348 768 tatem
365 705 526 787 aperiunt.
542 707 589 770 Ex
604 724 645 770 eo
660 705 747 790 quod
757 697 768 783 ,’
780 705 874 774 verbi
890 706 1008 789 gratia,
1027 706 1061 770 in
1078 705 1190 772 libello
1204 704 1348 771 dicatur:

248 822 379 908 Probent
399 827 514 906 poterit
534 825 675 886 delictum
692 825 815 886 testibus
829 827 870 890 Ν.
893 831 921 886 et
940 827 971 888 N
973 870 995 900 .,
1021 843 1133 888 maana
1156 828 1352 898 instrumentis

249 937 290 998 N.
304 941 333 996 et
348 937 387 998 N.
392 981 403 1013 ,
430 933 578 1018 probatio
596 934 665 998 haec
690 942 764 1000 ante
784 953 918 1001 examen
934 933 1097 1000 dictorum
1108 936 1244 999 testium
1264 940 1296 1000 et
1313 934 1352 998 in-

249 1055 507 1115 strumentorum
527 1070 590 1114 non
611 1050 769 1134 habetur;
787 1050 847 1117 sed
861 1051 1003 1118 habetur
1020 1050 1190 1116 dumtaxat
1213 1051 1354 1118 merani-

249 1153 390 1230 immatio
414 1164 456 1231 de
490 1166 701 1250 possibilitate
730 1166 904 1233 veritatem
936 1166 1024 1232 dicto
1056 1165 1154 1232 modo
1184 1145 1351 1233 obtinendi.

250 1268 336 1364 Ergo
360 1278 474 1365 juder,
506 1290 679 1366 antequam
700 1302 792 1348 reum
813 1283 903 1361 citet,
929 1282 990 1349 sibi
1012 1281 1151 1369 juridice
1178 1251 1354 1366 comparare

251 1394 353 1463 debet
367 1399 536 1481 praefatam
551 1399 770 1483 semi-plenam
785 1400 1009 1486 probationem
1030 1407 1087 1465 aut
1098 1401 1207 1484 gravia
1227 1399 1353 1464 indicia:

251 1531 331 1597 ergo
348 1513 449 1581 debet
465 1533 652 1600 processum
662 1517 905 1582 informativnm
920 1519 1135 1602 praemittere.
1246 1585 1250 1594 ,

299 1635 376 1695 Noto
394 1635 423 1697 1.
439 1631 523 1697 Nihil
543 1632 679 1699 dicimus
694 1632 735 1698 de
756 1653 832 1698 casu
851 1652 916 1718 quo
930 1653 991 1718 per
1006 1641 1087 1698 eatam
1104 1639 1285 1716 exceptionis
1294 1612 1357 1718 pro

251 1744 394 1825 ceditur,
414 1747 489 1832 quia
507 1747 628 1813 recidit
648 1750 680 1812 in
696 1769 805 1814 casum
832 1750 1043 1815 accusationis
1067 1749 1202 1836 ejusque
1225 1767 1356 1828 normam

253 1863 418 1947 'sequitur3
437 1863 593 1950 siquidem
609 1866 772 1949 excipiens
786 1865 997 1931 criminaliter
1012 1884 1126 1931 verum
1147 1874 1357 1931 accusatorem
1428 1903 1429 1910 a

253 1980 329 2062 agit.

266 2113 269 2120 ’
300 2101 378 2162 Nota
393 2101 424 2163 2.
441 2099 488 2164 Ex
503 2097 599 2165 dictis
621 2101 768 2186 sequitur
789 2101 982 2186 plerumque
1000 2100 1034 2164 in
1057 2100 1149 2184 praxi
1172 2097 1244 2164 dari
1261 2099 1358 2164 locum

254 2213 462 2279 informativo
489 2217 678 2300 processui:
705 2225 738 2282 et
759 2215 891 2302 quidem
911 2215 1081 2302 utriusque
1101 2216 1237 2302 speciei;
1253 2232 1358 2298 nempe
1431 2233 1432 2238 ¹

250 2316 364 2412 primo,
386 2331 607 2398 informationi
618 2331 660 2398 de
675 2332 805 2397 infamia
820 2331 965 2416 publica;
982 2335 1120 2411 seeundo,
1150 2327 1358 2396 informationi
1432 2361 1433 2364 ¹

254 2444 297 2512 ad
318 2445 483 2513 habendas
493 2447 689 2514 sufficientes
708 2447 917 2534 probationes
932 2445 1103 2524 iudiciove,
1125 2467 1166 2512 ex
1187 2446 1302 2531 quibus
1323 2442 1357 2508 ad

255 2563 440 2630 citationem
453 2565 511 2631 Rei
527 2565 675 2652 devestiri
691 2567 801 2650 possit.

774 2873 861 2950 tlt.

257 3131 291 3178 its
302 3132 393 3179 usuum
409 3133 516 3182 citatione
529 3141 552 3184 et
557 3136 699 3197 juramento,
714 3133 789 3196 deque
803 3133 906 3181 examine
921 3131 1118 3190 e01·umdem,nee
1135 3143 1180 3177 non
1194 3129 1357 3190 seripturarum,

567 3230 592 3278 in
611 3241 726 3292 processu
744 3228 890 3277 informante
906 3225 1054 3288 (retnissive).

301 3530 336 3604 t.
357 3524 406 3592 Ab
423 3526 492 3609 ipso
509 3542 677 3609 processus
697 3522 898 3589 informativi
917 3519 1051 3586 exordio
1067 3516 1216 3598 iacienda
1232 3513 1359 3582 occurri

259 3625 389 3726 testium
409 3641 520 3708 citatio
542 3640 649 3707 :circa
665 3658 761 3724 quam
776 3639 879 3734 multa
896 3637 1028 3704 evenire
1044 3641 1189 3720 possunt,
1207 3633 1240 3698 in
1257 3629 1359 3716 quibua

260 3757 410 3826 omnibus
427 3737 571 3824 tenenda
589 3763 640 3822 est
658 3755 698 3822 ab
715 3754 930 3822 ecclesiastico
948 3751 1057 3838 judice
1079 3751 1232 3818 canonica
1248 3763 1357 3814 norma.

260 3859 338 3945 Eam
357 3881 466 3940 autem
481 3873 626 3960 reperies
636 3873 671 3938 in
682 3874 872 3938 Forrnutarto
882 3869 1083 3960 (collectione
1099 3869 1131 3943 2,
1149 3869 1225 3934 alt
1243 3855 1359 3946 etseq.)

260 3972 333 4056 iusc
367 3990 575 4075 descriptam.
600 3988 649 4056 lbi
679 4006 797 4070 nempe
828 3985 992 4051 indicatur
1020 3983 1138 4071 quibas
1168 3981 1272 4048 modis
1301 3977 1361 4044 fieri

261 4097 363 4181 possit
394 4098 526 4162 testium
553 4097 679 4178 citati03
701 4093 864 4180 quomodo
884 4094 994 4159 citatio
1017 4092 1085 4157 haec
1103 4091 1146 4158 sit
1163 4086 1358 4176 exequenda;

262 4211 424 4298 quomodo
435 4212 537 4300 judex
551 4211 612 4278 sibi
627 4229 817 4295 comparare
832 4209 953 4276 debeat
962 4207 1198 4293 depositionem
1217 4205 1305 4273 testis
1317 4220 1361 4267 er·

262 4337 314 4396 tra
336 4329 501 4396 dioecesim
516 4327 699 4411 existentis;
713 4326 792 4411 quid
806 4324 993 4391 faciendum
1013 4325 1046 4388 in
1069 4343 1145 4388 casu
1168 4315 1359 4388 contumacia

263 4447 364 4524 testis,
380 4445 414 4510 e't
425 4447 457 4510 in
473 4449 549 4509 casu
568 4442 716 4530 ejusdem
731 4464 749 4508 a
763 4443 964 4511 contumacia
981 4441 1193 4507 revertentis.
1296 4518 1302 4532 Ι
1358 4489 1365 4522 ,
