2848 5118
495 378 573 424 raas
595 377 753 426 saeuum.
1124 375 1182 436 193

92 501 283 586 procedatur,
306 509 492 566 accusatum
512 501 599 565 inter
613 509 646 566 et
665 511 884 566 accusatorem
902 503 1008 570 adhuc
1025 504 1124 572 hodie
1140 507 1183 574 de

89 617 148 701 jure
177 617 338 683 communi
366 617 431 680 litis
454 617 647 682 contestatio
672 619 852 682 necessaria
873 618 1037 686 censenda
1061 629 1136 689 est:
1158 625 1185 690 si

91 753 156 799 vcro
176 753 236 818 per
254 733 468 817 inquisitionis
483 733 579 810 viam,
601 731 717 798 sufficit
740 751 834 798 reum
861 735 1024 813 constitui,
1045 735 1081 802 id
1101 743 1185 804 esta

88 849 182 934 judice
196 850 404 932 interrogari.

125 968 270 1048 Qumsmo
295 967 340 1031 4¹.
362 1003 407 1013 —
422 970 553 1046 Quinam
575 987 613 1027 coc
641 969 706 1028 litis
719 943 931 1030 contestatione
944 975 1106 1049 sequantur
1120 974 1188 1052 effc-

89 1089 162 1148 ctos?
182 1122 228 1132 -
254 1114 268 1138 «
289 1087 321 1146 10
337 1084 402 1146 Per
418 1082 687 1146 contestationem
711 1082 777 1147 litis
789 1082 901 1166 incipit
912 1081 1082 1166 judicium,
1098 1085 1188 1170 quod

94 1207 278 1275 «anteeam,
301 1199 432 1281 proprie
449 1205 484 1262 ct
511 1197 699 1280 simpliciter
725 1195 901 1282 loquendo,
919 1199 1105 1265 inchoatum
1124 1200 1190 1267 dici

94 1317 263 1400 crepuit...
293 1318 328 1378 2⁰
355 1335 373 1379 a
399 1320 547 1398 tempore
572 1315 637 1379 litis
651 1321 838 1380 contestatae
854 1315 966 1398 incipit
989 1336 1122 1382 currere
1145 1319 1190 1382 in·

94 1433 271 1502 «stantia...
303 1435 338 1496 30
365 1432 449 1495 actio
472 1431 649 1514 personalis
666 1434 736 1514 ‘pcr
764 1431 1032 1496 contestationem
1060 1433 1125 1497 litis
1152 1432 1193 1496 fic

94 1547 288 1631 «litigiosa...
317 1547 353 1610 4⁰
366 1546 424 1609 lite
440 1564 504 1609 non
523 1552 715 1623 contestata,
738 1547 898 1611 sententia
919 1545 1086 1612 definitiva
1109 1546 1191 1614 ferri

94 1682 174 1728 «nun
190 1667 341 1746 potest...
359 1665 393 1726 50
404 1662 461 1726 lite
479 1668 670 1739 contestata,
689 1660 793 1746 judex
805 1660 941 1744 amplius
957 1663 1101 1728 recusari
1126 1683 1191 1730 non

95 1787 228 1861 =p0test‚
252 1778 312 1842 uisi
338 1779 565 1860 supervenerit
590 1797 674 1843 nova
706 1778 894 1860 suspicionis
910 1796 1045 1844 causa...
1072 1781 1108 1844 6⁰
1125 1779 1192 1844 litis

94 1925 103 1945 ι
119 1887 305 1960 contestatio
312 1892 488 1976 praecludit
499 1893 581 1956 viam
594 1891 781 1975 opponendi
790 1892 999 1976 exceptiones
1012 1893 1189 1972 dilatorias,

94 2009 172 2074 «nisi
186 2007 227 2074 de
246 2010 286 2072 iis
301 2016 397 2073 antea
422 2007 525 2072 fuerit
553 2006 726 2091 interjecta
754 2009 958 2088 protestatio,
977 2015 1033 2072 ant
1047 2028 1088 2072 ex
1105 2029 1189 2074 nova

93 2152 103 2174 κ
119 2141 208 2186 causa
222 2121 427 2195 emerserint,
444 2119 498 2184 vel
514 2120 684 2184 novissime
697 2120 929 2184 emerserint...
952 2125 985 2186 7⁰
998 2119 1062 2185 litis
1080 2129 1191 2186 conte-

92 2265 102 2288 «
117 2238 206 2300 statio
219 2234 431 2315 interrumpit
447 2234 722 2315 praescriptionem
738 2235 820 2314 toopt
833 2235 989 2315 temporis
1005 2233 1139 2319 (scilicet
1153 2237 1193 2298 10

93 2382 102 2404 ι
118 2352 214 2417 vello
222 2346 405 2432 annorum),
415 2367 512 2434 quam
519 2349 683 2414 inchoavit
694 2353 851 2414 reus..8⁰
860 2367 919 2432 per
926 2351 1194 2416 contestationem

92 2467 182 2546 ditis,
198 2467 390 2550 temporalis
405 2465 489 2532 actio
515 2474 734 2550 perpetuatur
750 2463 793 2530 ad
818 2467 861 2530 40
880 2485 1024 2543 annosa
1043 2473 1193 2550 tempore

91 2589 303 2650 «contestatae
313 2583 381 2647 litis
400 2582 678 2666 computandos...
706 2585 741 2647 90
765 2582 822 2646 lite
840 2589 1031 2659 contestata,
1053 2583 1195 2649 actiones

90 2730 100 2752 «
119 2700 273 2783 poeuales,
293 2717 365 2784 quae
385 2717 425 2761 ex
439 2697 567 2763 delictis
584 2697 639 2763 vel
653 2698 743 2782 quasi
768 2696 895 2762 delictis
918 2696 1135 2776 descendunt,
1153 2698 1196 2765 ad

90 2815 262 2881 «haeredes
274 2823 310 2879 et
323 2815 354 2878 in
374 2812 520 2878 haeredes
532 2815 565 2877 in
587 2813 724 2877 solidum
736 2819 949 2877 transeunt...
978 2816 1032 2877 10⁰
1056 2834 1117 2898 per
1130 2815 1195 2883 litis

89 2961 100 2983 «
116 2931 384 2996 contestationem
399 2928 489 3013 quasi
504 2927 707 2994 contrahitur
725 2928 812 2992 inter
824 2927 997 3010 litigantes,
1011 2935 1048 2992 ut
1062 2938 1192 3011 neuter,

89 3047 299 3113 «coronario
314 3064 373 3109 suu
385 3045 498 3120 invito,
517 3044 617 3126 possit
631 3041 813 3121 discedere,
830 3043 891 3107 nisi
913 3049 1067 3128 tunquam
1094 3049 1196 3112 teme-

89 3164 217 3229 «rarius
229 3137 377 3244 litigator
391 3157 434 3225 ad
451 3158 568 3224 domna
579 3166 614 3224 et
637 3177 795 3241 expensas
813 3156 1001 3224 adversario
1017 3179 1075 3226 suo
1090 3179 1196 3226 resar-

89 3279 243 3345 «cicndas
253 3275 464 3343 condemnari
480 3277 602 3341 velit...
619 3279 673 3340 110
685 3283 759 3359 post
774 3276 866 3340 litem
892 3283 1105 3340 contestatam
1121 3295 1194 3360 pos·

88 3425 100 3449 ι
116 3413 219 3460 sessor
234 3394 329 3459 bone
347 3391 425 3456 fidei
444 3392 655 3457 constituitur
674 3392 707 3454 in
724 3391 808 3455 mala
821 3389 888 3454 iide
901 3388 1008 3475 quoad
1025 3390 1194 3457 fructuum

88 3540 100 3564 «
118 3511 377 3594 perceptionem3
392 3508 438 3572 ita
451 3514 489 3572 ut
504 3507 604 3574 illosa
621 3506 675 3571 die
694 3514 882 3571 contestatae
895 3505 961 3570 litis
978 3525 1044 3571 non
1059 3507 1196 3591 amplius

90 3626 275 3704 «lucretur,
292 3624 351 3690 sed
366 3642 561 3688 conservare
585 3623 656 3687 illos
682 3630 717 3687 et
740 3623 861 3698 actori,
881 3623 907 3685 si
919 3620 1012 3686 litem
1028 3617 1192 3702 obtineat,

90 3771 102 3794 ι
120 3744 298 3808 restituere
317 3746 510 3804 teneatur...
535 3741 588 3801 12⁰
601 3739 659 3802 lite
675 3743 855 3802 contestata
868 3755 932 3800 non
944 3737 1081 3820 amplius
1092 3739 1196 3803 currit

90 3857 326 3940 «prescriptio,
338 3852 399 3919 sed
415 3853 676 3935 interrumpitur,
696 3853 758 3917 etsi
779 3859 910 3934 tempus
921 3851 1099 3934 legitimum
1120 3860 1196 3919 ante

91 4001 103 4025 ι
120 3975 311 4038 seutentiam
326 3971 426 4035 latam
440 3969 644 4051 absolvatur;
662 3971 716 4033 130
730 3968 847 4031 missus
864 3968 896 4030 in
910 3968 1144 4049 possessionem
1161 3969 1195 4033 in

92 4115 104 4139 ι
124 4089 202 4152 reoli
216 4088 355 4162 actione,
375 4093 449 4168 post
471 4085 561 4148 litem
578 4090 790 4148 contestatam
806 4081 844 4146 srt
860 4099 959 4145 verus
981 4099 1157 4163 possessor.
1177 4113 1191 4140 ι

86 4197 150 4264 llos
177 4201 312 4267 effectus
339 4208 527 4276 enumerat,
563 4207 597 4264 et
623 4198 705 4282 juris
734 4197 879 4263 textibus
904 4197 1012 4262 firmat
1037 4197 1196 4265 Schmalz-

87 4317 225 4398 grueber
242 4318 286 4404 (in
301 4318 353 4382 tit.
367 4319 398 4392 5,
419 4315 495 4380 libri
506 4317 525 4378 2
538 4313 678 4389 decret,
696 4333 729 4378 ιι.
743 4313 788 4398 8).

134 4436 218 4498 Noto.
231 4433 356 4516 Quibus
373 4430 477 4498 modis
491 4430 550 4494 fiat
564 4431 757 4496 contestatio
775 4430 857 4514 litis;
875 4437 911 4495 et
925 4447 995 4494 eam
1009 4447 1074 4494 non
1088 4432 1202 4499 induci

225 4551 256 4607 ll.
326 4577 330 4586 ι
1024 4545 1058 4601 13
