2838 5114
244 345 309 410 358
593 363 781 414 rnncrsrns
806 367 848 414 nu
870 369 1018 414 runicus.

240 488 486 572 suspensionem
507 505 526 552 a
547 471 718 566 beneficio,
734 491 878 576 legitime
900 492 1029 562 admitti
1053 491 1180 577 nequit.
1196 493 1263 564 Boo
1277 511 1339 564 ruo
1412 494 1413 556 Ξ

242 612 470 688 argumentum
493 604 570 670 mihi
595 605 726 674 videtur
750 608 894 690 rigorose
916 607 1069 691 probare.
1092 609 1131 677 In
1150 608 1235 678 thesi
1248 614 1340 678 musa
1412 625 1413 628 ’

175 718 178 723 ’
242 721 405 804 posuimus
421 718 590 786 dumtaxat
602 740 718 788 vocem
731 725 928 805 probabilius,
945 743 986 794 ue
997 723 1140 809 etoquia
1150 725 1185 793 in
1196 743 1232 792 re
1244 743 1342 807 parum

242 835 348 902 edhno
379 857 398 902 a
429 834 620 904 doctoribus
655 838 845 917 enucleato,
877 839 1043 910 oouciusio
1069 839 1193 925 aliquid
1219 839 1342 912 audacie

237 951 424 1018 redoleret.

288 1071 342 1134 lv.
361 1068 499 1152 Quando
517 1089 597 1136 vero
616 1071 755 1138 olerious
780 1070 823 1138 ad
847 1071 979 1140 titulum
1001 1061 1162 1149 tensum,
1183 1070 1271 1156 qnod
1285 1089 1345 1154 poe

243 1188 347 1267 sidet,
374 1189 544 1256 ordinatus
568 1191 649 1269 fnit,
676 1211 695 1255 a
717 1191 847 1258 fortiori
871 1191 1098 1261 sustinendum
1125 1191 1270 1269 videtur,
1294 1211 1345 1257 non

244 1325 338 1390 posse
362 1327 438 1373 eum
462 1328 501 1370 eu
525 1312 690 1390 iufouuatu
707 1315 885 1374 canonisatio
902 1329 994 1376 asuo
1009 1308 1172 1378 bonefisio
1193 1309 1341 1392 suspendi,

243 1421 356 1508 ejusve
371 1423 532 1489 fructibus
550 1423 684 1508 privari.
702 1427 743 1490 Et
757 1425 838 1490 hono
859 1425 958 1490 fuisse
978 1425 1081 1490 Seore
1098 1425 1344 1508 Congregetunis
1412 1421 1413 1480 ἐ

245 1539 377 1604 Consilii
404 1541 645 1622 persuasionem
667 1541 745 1606 satis
769 1517 968 1606 innuiturin
991 1559 1088 1606 oense
1112 1539 1344 1626 quadamque

245 1657 350 1722 reluta
374 1658 517 1721 ooourrit
533 1658 568 1722 in
593 1659 742 1722 Thesauro
761 1660 975 1722 resolutiouauu
996 1657 1093 1743 (tum.
1115 1660 1170 1736 69,
1200 1677 1272 1742 pag.
1290 1654 1342 1739 79).

245 1773 295 1837 lbi
316 1791 456 1858 numque
475 1774 583 1856 egitur
597 1772 802 1858 dequodom
818 1774 975 1851 Balteus,
995 1775 1050 1858 qni
1071 1772 1240 1838 ordinatus
1255 1773 1345 1841 iuerat

246 1887 287 1953 od
307 1889 439 1954 titulum
460 1887 628 1973 eujusdam
644 1890 760 1956 ruralis
776 1889 946 1973 parochie,
963 1877 1063 1973 idque
1083 1907 1125 1954 ex
1138 1886 1265 1954 indulto
1278 1889 1344 1970 Apo

247 2005 372 2082 stolido,
390 2005 464 2089 quia
482 2005 634 2088 parochie
653 2005 709 2070 ille
723 2013 795 2070 erat
810 2006 852 2074 ad
868 2012 985 2070 nutum
997 2005 1189 2070 amovibttts.
1207 2004 1256 2070 oh
1271 2003 1344 2069 vario
1412 2079 1413 2082 Ἴ

247 2119 367 2186 delicte
390 2139 464 2186 eum
488 2139 530 2185 ex
553 2121 725 2186 informata
749 2120 943 2186 oonsaientio
964 2121 1141 2203 Episcopus
1161 2118 1344 2204 suspendite
1412 2141 1413 2209 3

247 2240 361 2301 divinis
378 2245 407 2300 at
425 2241 463 2301 ab
485 2239 592 2318 officio.
620 2237 802 2304 Recursum
825 2255 886 2321 pro
909 2237 1162 2320 reintegratione
1186 2233 1345 2304 obtinenda
1414 2243 1415 2268 ³

248 2354 328 2420 feeit
346 2337 504 2438 Bolletta3
530 2362 565 2420 et
586 2353 654 2420 duo
681 2355 846 2438 proposita
870 2361 946 2418 sunt
970 2352 1072 2418 dubia
1090 2375 1097 2418 ε
1118 2357 1153 2416 1⁰
1167 2352 1345 2418 auderetur

248 2471 494 2555 reintegrationi
517 2473 627 2555 loeus3
644 2474 678 2534 2⁰
692 2490 733 2536 an
754 2477 789 2536 et
803 2469 967 2554 quomodo
992 2469 1255 2554 prospieiendnm
1274 2473 1345 2533 esset

248 2587 443 2672 patrimonio
454 2596 488 2652 et
500 2588 661 2652 alimentis
671 2586 831 2653 Bollottae.
847 2585 938 2652 Circa
951 2585 1040 2670 quod
1056 2585 1218 2669 posterius
1229 2571 1344 2650 dubium
1412 2605 1413 2608 ¹

247 2700 295 2769 'sio
312 2702 489 2769 adnotabat
500 2704 602 2769 Saorae
627 2702 889 2786 Congregationis
902 2702 1100 2768 secretarius
1117 2723 1125 2766 :
1144 2723 1162 2763 a
1179 2697 1344 2767 Secundum

253 2844 269 2882 a
282 2820 418 2887 dubium
430 2822 562 2904 respioit
577 2819 710 2885 modum
726 2838 790 2904 quo
804 2818 1003 2902 patrimonio
1014 2826 1048 2883 et
1062 2818 1223 2884 eiimentis
1234 2813 1346 2900 poroohi

253 2961 269 2996 a
285 2937 408 3001 consuli
434 2935 574 3014 debeat,
606 2943 767 3020 quatenus
798 2934 987 3000 Eminentius
1015 2933 1138 2998 visera
1171 2931 1347 2998 eumdeme

253 3075 269 3113 a
283 3053 535 3136 reintegratione
547 3051 590 3117 ad
604 3052 779 3133 paroeaiam
793 3050 966 3132 repellant.
984 3051 1065 3114 Nam
1079 3033 1249 3115 ordinatus
1260 3054 1305 3114 est
1314 3043 1346 3113 at

254 3193 270 3230 a
283 3169 415 3234 titulum
428 3169 577 3252 paroeoie
588 3187 679 3252 equa
689 3184 864 3250 suspensus
874 3172 935 3232 est.
949 3166 1056 3231 Gratis
1066 3165 1181 3232 asserit
1192 3163 1344 3248 parocho,

244 3308 271 3360 ,a
285 3283 373 3370 quod
387 3305 427 3350 ex
442 3285 603 3351 fructibus
617 3284 767 3368 paroeoie
779 3281 917 3348 redeant
930 3299 1036 3346 annua
1050 3289 1143 3346 sautu
1154 3287 1344 3354 teroeutum:

255 3425 271 3463 a
284 3403 461 3486 Episcopus
486 3401 547 3467 hoc
572 3408 686 3485 negat,
709 3407 742 3464 et
757 3401 812 3464 vix
836 3398 964 3464 fruetus
990 3397 1175 3483 hujusmodi
1203 3398 1277 3468 satis
1292 3409 1346 3459 esse

255 3543 271 3580 u
286 3518 424 3584 affirmet
437 3518 478 3583 ad
490 3517 686 3601 stipendium
703 3515 901 3582 oeoonomi.»
922 3516 1016 3580 Sacra
1031 3519 1139 3580 autem
1156 3509 1347 3598 Gongrogatio

253 3634 376 3720 rejeote
397 3613 664 3718 reintegratione
683 3631 724 3698 ad
744 3634 907 3715 posterius
927 3631 989 3697 hoo
1013 3630 1150 3696 dubium
1172 3625 1345 3714 respondit:

254 3753 443 3832 Affiruratiue
456 3771 495 3814 ea
506 3753 674 3816 redditibus
680 3757 819 3833 porscia
832 3769 842 3812 .·
854 3755 903 3814 siu
913 3755 1023 3827 uuuus,
1038 3719 1132 3830 prout
1145 3750 1270 3830 dejure.
1284 3743 1345 3822 Quo

255 3868 332 3932 satis
353 3851 495 3932 innuunt
514 3887 578 3933 non
598 3867 741 3948 potuisse
768 3864 890 3930 dietum
916 3865 1070 3930 alericum
1096 3882 1158 3946 per
1178 3863 1273 3928 talem
1289 3873 1346 3922 sen·

254 3987 389 4052 tentiam
418 3986 541 4068 privari
566 4003 624 4050 suo
649 3983 829 4059 beneflcio,
858 3984 972 4049 saltem
999 4001 1041 4047 en
1068 4001 1107 4047 oa
1131 3981 1255 4046 ratione
1276 3969 1344 4062 quod

255 4099 446 4169 beneficium
472 4101 555 4167 illud
580 4109 668 4166 esset
690 4101 808 4166 titulus
833 4101 934 4184 ipsius
958 4098 1169 4165 ordinationis
1188 4119 1195 4163 :
1211 4099 1284 4162 item
1297 4105 1345 4156 non

255 4222 397 4304 potuisse
417 4219 538 4302 privari
559 4216 705 4302 ejusdem
724 4216 873 4282 beneficii
896 4216 1073 4290 fructibus,
1098 4215 1176 4279 lioet
1200 4204 1346 4296 pralevari

254 4335 393 4404 deberet
405 4335 583 4400 necessaria
599 4335 790 4401 sustentatio
806 4340 954 4412 oeconomi,
970 4333 1030 4417 ipsi
1045 4331 1223 4398 substituti.
1238 4331 1275 4396 iit
1286 4324 1345 4390 ideo
