2948 5126
238 373 258 460 c
388 484 390 488 .
547 377 776 460 'raimerus
798 413 843 459 ou
864 411 1012 460 uunrcns.

282 539 432 604 succum
457 554 622 603 counrrro.
644 573 690 585 -
712 537 844 601 Libellus
869 539 1071 599 mutuatarius
1095 539 1179 600 debet
1204 550 1266 600 esse
1292 517 1349 600 rrte

236 660 395 737 formatus.
411 691 457 704 -
471 653 579 720 Debet
587 673 706 738 nempe
720 653 901 738 exprimere
912 639 1018 717 uomeu
1024 655 1141 734 judicis
1152 652 1241 736 apud
1250 665 1349 738 quem

238 770 275 837 iit
290 771 450 837 accusatio
462 792 470 854 ;
484 777 643 855 quatenus
665 770 815 855 cognosci
832 769 941 837 vulcat
952 789 993 834 an
1007 759 1048 834 sit
1060 753 1268 853 competens:
1297 788 1350 836 uo-

236 893 492 952 meuuuusutoru’s
509 895 538 951 et
551 893 682 952 emacuit
689 909 704 968 ;
725 894 764 952 ut
774 891 929 970 appareat
956 899 997 950 en
1013 886 1077 950 sint
1091 875 1173 950 tales
1187 881 1243 970 qui
1256 898 1351 951 aecu-

237 1024 308 1070 sare
320 1003 375 1068 uel
385 1003 527 1068 accusari
541 1002 686 1069 ualeant:
705 983 829 1085 speciem
840 1004 960 1081 delictu-
978 999 1053 1086 quia
1068 1001 1228 1066 accusatio
1239 999 1350 1070 delicti

235 1121 269 1184 in
283 1135 414 1204 genere,
432 1101 515 1183 sicut
524 1117 658 1202 probari
669 1118 793 1202 nequit,
809 1118 854 1182 ita
868 1117 998 1183 omnino
1011 1114 1188 1201 rejicienda
1197 1123 1266 1199 est3
1284 1125 1349 1182 neo

236 1243 346 1320 posset
363 1233 483 1319 judex,
512 1234 573 1298 nisi
588 1231 743 1299 delictum
757 1227 1043 1310 determinaretur,
1061 1226 1208 1297 debitam
1219 1238 1349 1315 penam

235 1352 413 1416 estimare:
429 1353 540 1430 lucum·
551 1350 625 1435 quia
640 1349 782 1434 alioquin
793 1347 922 1415 deesset
933 1366 991 1414 reo
1006 1347 1143 1413 iacintus
1152 1365 1221 1413 sese
1234 1346 1350 1414 defen·

214 1443 216 1446 ·
236 1465 348 1546 dendi,
365 1465 535 1550 probando
556 1467 738 1550 negativam
762 1463 870 1550 quoad
885 1464 985 1530 talem
1002 1465 1122 1543 locum,
1139 1471 1174 1530 et
1187 1464 1233 1530 sie
1245 1471 1350 1531 testes

236 1583 383 1651 faleratis
398 1581 636 1650 convincendo:
658 1603 770 1647 uuuum
791 1590 820 1646 ul
839 1601 982 1662 mensem·
998 1582 1040 1647 ob
1059 1582 1237 1665 expositam
1251 1582 1351 1648 retio-

237 1721 312 1767 nem
325 1699 432 1786 quoad
442 1700 562 1766 locum.
575 1699 778 1781 Quaeomnia,
795 1703 1012 1783 praeterquam
1027 1695 1114 1784 quod
1124 1697 1198 1781 lege
1210 1698 1354 1764 naturali

236 1816 426 1896 suadentur,
447 1821 595 1882 constant
609 1834 760 1899 expresse
777 1835 819 1881 ex
832 1815 930 1880 citata
948 1815 1021 1899 lege
1044 1816 1225 1878 libellorum
1239 1813 1282 1900 (3,
1312 1813 1348 1880 it.

236 1939 273 2001 de
283 1931 447 2018 Aruerat),
465 1934 499 1997 in
512 1933 586 1998 foro
611 1933 826 1999 eeclesiastico
848 1939 1028 2016 receptam.
1056 1932 1094 1997 In
1109 1931 1249 1996 formula
1263 1933 1352 1998 enim

237 2051 357 2135 ibipro
383 2047 554 2114 formando
568 2048 678 2115 libello
698 2048 903 2132 prescripto,
933 2045 1179 2130 exprimendum
1196 2045 1354 2114 indicitur

236 2185 356 2232 nomen
367 2163 496 2250 judicis,
517 2165 711 2230 accusatoris
725 2172 760 2231 et
772 2163 926 2242 accusati,
948 2181 1022 2228 cum
1039 2162 1277 2248 specificatione
1290 2164 1354 2230 erl·

236 2283 340 2362 minis,
353 2301 491 2348 necnon
501 2289 627 2352 onnoet
637 2301 759 2349 mense.
776 2283 817 2348 Et
825 2279 933 2369 quoad
945 2281 1054 2347 locum
1068 2281 1115 2347 sie
1125 2279 1350 2367 subjungitur:

238 2403 345 2482 Utique
358 2405 437 2464 euim
446 2407 476 2464 et
492 2403 572 2464 loeus
586 2402 789 2482 desipuuudus
802 2406 872 2464 est..
881 2422 909 2479 .,·
926 2399 978 2462 boc
992 2404 1072 2462 euim
1084 2401 1146 2482 lupe
1157 2401 1243 2464 lulio
1250 2401 1356 2483 publi·
1390 2461 1399 2470 ,

234 2535 335 2580 corum
353 2523 485 2580 cauetur.
597 2581 600 2591 ,

282 2657 299 2696 «
313 2631 407 2716 Quod
425 2633 453 2698 si
466 2652 531 2698 ona
547 2653 588 2698 ex
598 2615 787 2698 memoratis
800 2631 1049 2697 circumstantiis
1062 2631 1244 2711 omittatur,
1258 2629 1356 2698 libel-

237 2752 322 2818 «lus
342 2757 497 2835 tanquam
513 2749 648 2816 vitiosos
659 2768 700 2816 ex
717 2748 819 2815 officio
839 2747 931 2834 rejici
946 2747 1058 2815 debet.
1078 2771 1095 2810 u
1113 2747 1350 2835 (Reiffenstuel,

234 2869 268 2933 in
284 2865 336 2932 tit.
356 2869 385 2944 i,
398 2866 475 2931 libri
493 2864 668 2944 adseret,
686 2885 720 2930 n.
741 2862 787 2950 8.)
802 2863 897 2948 Quod
910 2872 1037 2931 constat
1053 2855 1179 2948 pariter
1197 2865 1355 2933 excitata

234 2981 306 3066 lege
320 2983 513 3060 libellorum,
529 2981 563 3045 in
580 2981 699 3065 quasic
712 2979 920 3046 decernitur:
933 2984 1020 3062 mod
1037 2986 1065 3044 se·
1074 2983 1170 3045 libelle·
1182 2971 1357 3064 irrumptio-

234 3117 306 3163 uum
318 3101 448 3179 lepiiime
463 3099 597 3161 ordiuuti
610 3117 670 3161 uou
683 3101 809 3178 fueriui,
827 3101 882 3162 Rei
892 3117 997 3162 uorum
1011 3100 1167 3162 aboletur:
1192 3105 1223 3162 et
1239 3115 1280 3161 ete
1300 3103 1358 3162 irt-

235 3221 317 3296 tepro
333 3217 486 3295 repetendi
510 3218 602 3279 Reum
619 3221 754 3296 potestus
778 3215 843 3293 fiet.
862 3215 943 3280 Hinc
964 3221 1078 3280 tenent
1096 3209 1247 3281 doctores
1261 3230 1356 3281 com-

232 3330 386 3407 muniter,
412 3337 606 3397 memoratas
630 3331 884 3397 circumstantius
910 3335 946 3396 de
973 3334 1355 3396 substauttuuecusutr'um's

233 3464 305 3509 esse.
320 3443 553 3531 (Reiffenstuel,
569 3445 643 3512 loco
658 3445 756 3513 modo
772 3443 842 3530 cit.)
1396 3522 1404 3530 ¹

278 3559 428 3626 Occurrit
438 3559 490 3626 bic
501 3560 649 3641 dubium,
659 3581 700 3627 an
710 3561 942 3645 proeterdietas
955 3563 1221 3642 circumstantias,
1230 3567 1354 3649 epponi

233 3678 331 3742 ctiam
354 3677 388 3740 in
402 3677 513 3744 libello
529 3685 681 3761 oporteat
702 3677 791 3744 diem
815 3680 936 3762 patrati
963 3677 1083 3758 delicti,
1106 3697 1233 3746 necnon
1260 3678 1353 3748 diem

124 3857 135 3886 .-
231 3791 324 3884 lacte
338 3793 560 3892 accusationis,
576 3802 611 3861 et
626 3793 851 3861 determinate
860 3813 964 3880 poenae
979 3796 1192 3879 petitionem?
1205 3797 1352 3882 Respon-

230 3908 293 3976 deo
304 3908 346 3976 ad
356 3917 491 3993 primum
505 3931 515 3975 :
528 3928 634 3996 neque
654 3910 740 3977 diem
752 3929 857 3997 neque
877 3911 991 3978 horam
1006 3913 1127 3997 patrati
1149 3911 1262 3980 delieti
1274 3925 1350 3984 esse

232 4029 415 4118 necessario
427 4027 684 4112 exprimendam,
706 4026 766 4095 sed
777 4029 973 4095 accusatorie
988 4029 1123 4096 arbitrio
1138 4027 1174 4095 id
1192 4029 1347 4117 relinqui.

229 4135 280 4210 Ita
297 4161 448 4228 expresse
464 4144 613 4212 decrevit
634 4145 690 4212 lex
715 4147 813 4211 citata
827 4148 1011 4212 libellorum
1028 4146 1071 4235 (3,
1100 4147 1134 4213 if.
1152 4143 1318 4232 usurum.)
1339 4169 1348 4216 :

228 4263 329 4342 Neque
336 4268 436 4325 cutem
446 4263 536 4343 diem,
555 4281 647 4348 uepue
661 4263 767 4326 borum
790 4265 905 4327 turtius
929 4264 1164 4346 comprehendet.
1182 4259 1279 4344 Quod
1296 4278 1351 4330 ae-

228 4376 357 4459 pienter
370 4353 518 4460 prolecto
528 4382 686 4444 statutum
701 4383 751 4446 est
766 4399 773 4444 :
788 4376 883 4445 locsse
895 4379 982 4445 enim
993 4385 1102 4464 potest
1117 4379 1188 4466 qrris
1199 4377 1348 4446 obliuisci

228 4491 294 4559 diei
307 4493 361 4559 vel
372 4495 470 4560 ctiam
478 4493 691 4564 hebdomade
706 4496 825 4580 patrati
841 4497 982 4576 sceleris,
1001 4514 1099 4582 quem
1109 4495 1276 4564 tamenab
1290 4509 1348 4564 ao·
