2878 5114
552 375 631 424 PARS
654 375 813 424 SECUNDA.

484 671 486 674 ’
591 696 793 764 errunvr.

128 956 246 1004 soum
268 955 463 1004 nicfflnunde
489 955 687 1006 sculnnlonls
709 956 857 1014 nondun,
882 955 1017 1017 Qununo
1041 955 1248 1004 nnocnnluult

185 1087 187 1092 ¹
291 1070 363 1122 SIVE
382 1071 624 1131 Accusfflouls
643 1073 714 1120 SIVE
731 1072 1005 1122 nnuunmulouls
1022 1071 1088 1120 VIA.

171 1337 454 1405 incommodanda
478 1345 528 1405 est
548 1338 685 1406 formula
709 1340 787 1416 haec,
808 1359 867 1423 pro
889 1341 984 1407 variis
998 1339 1053 1424 qui
1068 1355 1245 1404 occurrere

121 1464 264 1540 possunt
274 1455 410 1534 casibus,
430 1461 468 1520 ut
482 1456 640 1540 sequitur.

667 1663 724 1740 tl·

96 1872 98 1876 ¹
139 1885 166 1934 si
178 1884 252 1946 judex
266 1885 296 1934 sit
308 1885 457 1949 ordinarius,
472 1891 493 1933 et
505 1885 528 1932 in
542 1885 669 1936 notueriunr
682 1885 827 1947 deputaverit
846 1886 955 1948 aliquem,
967 1885 1005 1946 qni
1018 1884 1065 1945 jani
1080 1884 1111 1932 sit
1124 1882 1228 1933 notarius

503 1979 619 2040 publicus,
636 1980 669 2028 sic
682 1980 753 2028 scribi
763 1979 866 2040 poterit:

175 2227 239 2286 eln
248 2227 365 2286 nornine
376 2226 508 2286 Domini.
522 2225 742 2286 Anien—Hic
753 2229 797 2284 est
801 2241 957 2302 processus
968 2223 1149 2302 criminalis,
1161 2195 1247 2304 quern

121 2343 169 2404 nd
186 2344 365 2402 instantiam
383 2343 537 2402 Francisci
549 2342 675 2418 Zeletee,
688 2343 884 2402 accusationis
899 2337 964 2424 (vel
979 2335 1244 2422 denuntiationis)

122 2459 180 2518 eie
206 2457 339 2518 incedere
353 2457 491 2533 nolentis,
514 2459 644 2534 sermore
663 2458 793 2520 intendit
818 2458 995 2518 reverendus
1017 2459 1146 2518 Jocnnes
1163 2459 1247 2518 Sene·

121 2575 231 2646 rinus,
263 2574 503 2634 reverendissimi
528 2575 733 2636 Ambiunensis
758 2575 898 2654 Episcopi
924 2575 1060 2634 Vicerins
1082 2573 1242 2652 poneretis.

122 2688 206 2749 Cnrn
234 2691 313 2748 enirn
343 2705 442 2748 cerem
466 2689 519 2748 dio
541 2693 753 2768 comparuisset
783 2689 881 2750 dictus
912 2691 1088 2750 Francisnrs
1120 2689 1262 2764 Zetetef

119 2807 266 2885 porrexit
285 2804 418 2866 libellum
432 2775 631 2866 densationis
648 2803 712 2888 (vel
724 2800 1000 2886 denuntiationis),
1012 2807 1064 2884 qni
1078 2807 1185 2885 incipit
1200 2801 1246 2887 (et

122 2916 174 2982 ibi
189 2923 352 2998 ponantur
365 2935 464 2982 voces
477 2913 634 3000 initiales)
655 2925 684 2980 et
702 2919 814 2980 desinit
830 2915 881 3001 (et
891 2924 1054 3000 ponantur
1068 2916 1188 2981 ultimae
1207 2915 1245 2980 li-

122 3029 208 3096 belli
237 3029 359 3114 voces),
377 3037 483 3112 quique
505 3035 588 3112 infre
609 3034 775 3114 descriptus
794 3034 919 3094 debetne
938 3035 992 3095 snb
1011 3035 1100 3096 tituto
1121 3035 1244 3098 DOCU-

124 3149 369 3226 Merionen,
389 3166 551 3211 numero...
568 3169 579 3209 .·
592 3151 693 3212 notens
709 3154 804 3230 ipitnr
825 3150 971 3230 proefetns
990 3151 1168 3214 reverendus
1193 3154 1245 3214 Vi-

123 3269 229 3326 nerius
241 3266 391 3344 poneretis
399 3267 559 3346 procedere
568 3273 662 3346 pront
674 3271 770 3347 juris,
796 3285 842 3328 nec
866 3271 1016 3328 noterinrn
1028 3267 1183 3348 publicum
1203 3269 1245 3328 nd

125 3401 158 3442 se
177 3385 350 3456 occentet
371 3401 427 3463 pro
450 3386 587 3444 ectneric
610 3384 779 3462 deputerrit.
799 3385 872 3444 Acte
887 3389 958 3444 snnt
973 3382 1034 3444 brec
1048 3383 1139 3445 die...
1163 3402 1244 3444 rnen-

125 3502 214 3560 se's...
230 3515 368 3561 enne-
379 3501 441 3579 Epo
454 3501 482 3563 N
485 3546 506 3574 .‚
529 3503 664 3562 Vicerins
678 3501 827 3579 peneretis
830 3501 1063 3582 judee-Epo
1074 3503 1102 3562 N
1106 3546 1126 3592 7,
1144 3505 1243 3562 ectne-

126 3633 206 3678 rens.
228 3639 242 3670 r

648 3817 663 3888 ἕ
687 3811 729 3875 ΙΙ.

149 4033 175 4083 Si
187 4031 259 4095 judex
271 4035 301 4082 sit
312 4033 461 4094 ordinarius,
474 4041 497 4083 et
507 4036 624 4083 actuarius
634 4033 741 4082 debuerit
754 4035 820 4096 prius
839 4035 914 4083 creari
928 4035 951 4083 in
965 4035 1082 4083 notarium
1095 4035 1224 4097 publicum,

476 4129 546 4177 scribi
563 4129 648 4190 poterit
659 4128 681 4176 in
696 4131 759 4178 bunc
769 4126 878 4177 madunt:

173 4388 189 4424 a
201 4368 239 4428 In
248 4373 375 4428 nomine.
384 4413 405 4429 ..
422 4366 467 4452 (et
481 4365 605 4449 reliqua
619 4373 655 4430 ut
671 4366 704 4429 in
716 4365 915 4448 praecedenti
928 4364 1068 4429 formula
1080 4382 1182 4448 usque
1199 4363 1241 4430 ad

62 4531 68 4542 .
123 4500 240 4548 vocem
255 4480 409 4566 coiens)...
428 4486 533 4546 Veiens
552 4489 646 4563 ipitnr
662 4488 810 4566 prefatus
833 4486 1017 4550 reuerendus
1039 4485 1176 4547 Vicerins
1192 4503 1239 4564 pe-
