2948 5126
248 384 291 449 38
594 394 782 455 ιιιιτιιιι
805 395 851 449 nn
871 395 1019 467 rnorpus.

249 523 389 590 «tiones
414 526 650 605 oppugnantes.
670 516 766 587 Unde
790 519 982 608 insipienter
1003 529 1084 608 pnto
1099 521 1248 602 locutum,
1270 521 1375 612 luisse¹

248 664 266 701 a
283 642 482 718 Philtonem,
505 637 562 723 qui
579 644 688 705 notam
714 636 888 722 impietatis
914 637 1016 710 inurit
1048 635 1123 705 hnic
1147 637 1377 717 constitutioni

250 779 266 816 ι
282 754 528 832 renuntiationis
537 751 705 822 Societatis
714 753 811 838 lesu3
828 771 902 823 cum
917 753 1060 825 Ecclesia
1073 772 1139 826 nou
1149 754 1250 838 possit
1258 771 1372 834 emera
1449 829 1453 840 ¹

248 866 325 944 «ιη’
341 870 573 956 approbatione
595 868 789 952 religionum
810 873 844 936 et
875 888 1007 938 snorum
1029 870 1218 958 regularum
1242 870 1291 960 (ιιι
1310 870 1376 964 doe¹

247 995 351 1064 «cent
375 987 609 1067 bellarminus,
632 985 799 1066 Valentia,
827 993 891 1054 etc.
924 985 1042 1060 Earum
1064 987 1151 1057 enim
1178 987 1376 1081 approbatio

138 1167 140 1170 ,
248 1114 405 1191 «spectat
428 1104 471 1172 ad
499 1103 670 1182 materiam
693 1121 847 1186 morum,
877 1103 912 1168 in
936 1122 1001 1192 quo
1028 1104 1142 1175 saltem
1168 1103 1304 1187 impium
1334 1111 1373 1170 et

151 1265 156 1275 .
249 1223 492 1298 «temerarium
517 1227 567 1289 est
592 1218 702 1289 dicere
719 1218 912 1290 Pontificem
933 1238 1027 1304 posse
1056 1239 1202 1301 errare»
1222 1219 1369 1310 (librat,

246 1341 398 1425 ospitat,
415 1342 452 1404 dc
465 1343 556 1415 Statu
567 1345 597 1400 ιι
615 1338 711 1418 afficto
723 1339 923 1416 secularium
942 1355 975 1405 ιι.
995 1333 1086 1420 245).

289 1455 466 1528 Prediotas
481 1473 561 1522 vero
576 1454 796 1536 erceptiones,
815 1451 875 1518 etsi
891 1451 1038 1536 regulam
1047 1450 1143 1523 valde
1159 1451 1368 1539 restringant,

246 1575 364 1645 merito
379 1571 597 1647 communiter
610 1566 752 1648 admitti,
769 1569 946 1654 probatum
963 1568 1060 1648 ride,
1080 1577 1153 1656 tum
1175 1568 1264 1658 apud
1281 1569 1381 1653 noit-

246 1691 389 1762 fenstnel
404 1690 450 1778 (in
463 1690 516 1759 tit.
530 1692 559 1767 l,
574 1688 652 1755 libri
667 1691 686 1754 t
703 1687 848 1764 decret,
867 1706 935 1756 ιιι
954 1684 1022 1774 65),
1042 1695 1115 1755 tum
1127 1685 1217 1776 rpud
1233 1693 1375 1766 ceteros

247 1809 441 1894 canonistas,
459 1804 516 1875 nbi
530 1805 655 1884 dictum
668 1804 801 1886 titulum
818 1803 1057 1871 commentariis
1070 1804 1252 1886 illustrant3
1269 1811 1374 1892 sique

247 1924 343 1994 ctiam
353 1921 443 2006 apud
461 1921 651 2000 moralistns,
666 1921 724 1997 nbi
739 1928 939 2006 praecaptum
954 1919 1210 2001 (incorrectione
1224 1907 1382 2006 ιιιιιιιιι

252 2046 433 2124 exponunt.

290 2157 432 2227 lincunt
449 2157 494 2220 2¹.
513 2154 758 2230 -Sr'dollrlrcm
772 2157 813 2216 ιιι
823 2109 970 2221 decultum
986 2160 1017 2218 ct
1030 2156 1143 2218 camini
1154 2156 1299 2232 oncrum,
1322 2173 1377 2216 rn-

244 2277 349 2356 pcrior
363 2277 397 2335 to
410 2272 586 2352 corripcodo
602 2271 742 2336 ecccrlcre
759 2273 862 2352 nequit
876 2270 1008 2348 modam,
1026 2269 1255 2337 admonitorio
1272 2275 1378 2358 ppetu-

249 2393 356 2464 lornm.
377 2388 470 2462 -Si
486 2385 701 2467 denuntians,
723 2385 814 2457 verbi
832 2385 952 2470 gratio,
978 2384 1141 2470 postulet,
1166 2391 1204 2455 ιιι
1223 2385 1378 2470 superior

250 2505 496 2591 delinquentem
510 2509 639 2572 secrato
655 2511 690 2569 et
705 2503 835 2580 nemine
855 2508 1015 2588 prasente
1026 2507 1167 2584 moneat,
1184 2509 1219 2568 et
1234 2509 1378 2586 paterne,
1466 2497 1467 2549 l

251 2620 404 2704 corrigat,
423 2619 458 2688 id
473 2621 605 2689 omuino
632 2618 802 2686 observari
816 2617 931 2684 debet.
951 2615 1042 2686 Adeo
1069 2622 1108 2682 ut
1132 2617 1238 2702 gravit
1239 2636 1276 2691 er
1293 2625 1379 2687 tunc

251 2739 404 2822 peccaret
422 2736 581 2820 superior,
604 2735 632 2800 si
658 2733 885 2800 denuntiatum
907 2729 1040 2824 publice
1072 2730 1292 2813 confunderet
1316 2742 1379 2805 ant

252 2853 395 2936 puniret.
414 2854 465 2918 Ita
475 2859 589 2918 tenent
604 2849 758 2918 doctores
773 2850 998 2919 communiter.
1020 2849 1142 2930 «Ratio
1154 2856 1215 2928 est,
1229 2849 1273 2926 ait
1287 2849 1378 2918 neir-

256 2968 431 3046 «fcnstnel
448 2966 493 3054 (in
506 2967 558 3036 tit.
585 2970 615 3044 l,
635 2965 693 3032 lib.
711 2969 730 3032 5
750 2965 891 3046 decret,
914 2985 947 3034 ιι.
971 2963 1038 3049 74),
1058 2965 1133 3050 qnia
1155 2966 1235 3047 altas
1251 2964 1378 3052 injuste

256 3092 324 3150 aet
347 3085 492 3168 graviter
518 3080 700 3150 diffamaret
714 3080 898 3158 subditum,
922 3098 983 3147 nec
1006 3086 1163 3164 paternus
1190 3089 1375 3160 corrector,
1464 3079 1465 3161 l

257 3199 348 3268 «sed
358 3198 498 3284 injustus
510 3196 661 3284 proditor
676 3206 774 3265 esset.
796 3229 808 3254 n
832 3200 897 3266 Pro
909 3217 972 3286 qna
988 3216 1025 3262 re
1038 3196 1158 3266 adduci
1173 3197 1257 3264 solet
1274 3198 1377 3279 valde

253 3315 421 3396 notabilis,
432 3335 475 3383 ex
486 3322 596 3382 soncto
607 3314 784 3400 Augustino
799 3314 1024 3400 depromptus,
1038 3333 1142 3382 canon
1161 3318 1197 3380 Sc·
1204 3324 1378 3398 peccaverit
1463 3389 1464 3396 χ

256 3433 324 3520 lic,
340 3451 372 3518 q.
389 3435 532 3510 l,cansae
549 3428 594 3516 2),
611 3431 644 3500 in
658 3449 723 3516 quo
741 3432 829 3498 inter
845 3431 913 3524 alia
924 3431 969 3496 sic
987 3429 1151 3499 habetur:
1172 3453 1189 3492 ι
1207 3430 1294 3516 Quid
1308 3442 1375 3524 est,
1463 3409 1464 3465 ι

257 3556 321 3617 oto
335 3557 364 3630 ta
373 3552 530 3632 pomarii?
548 3549 596 3614 Tu
614 3547 674 3614 scis
692 3549 766 3633 qnia
780 3547 970 3634 peccavit...
987 3546 1018 3613 Si
1037 3546 1125 3615 solus
1133 3547 1258 3625 nosti,
1275 3553 1312 3614 ιι
1327 3552 1379 3621 ιιι

257 3681 395 3748 «coram
418 3663 568 3735 omnibns
593 3681 744 3750 arguare,
773 3683 839 3730 non
856 3683 891 3732 es
916 3671 1088 3748 correptor
1102 3662 1161 3730 sed
1176 3661 1375 3750 proditor...

257 3806 274 3847 a
287 3781 467 3868 Aliquando
483 3781 630 3848 homines
642 3779 891 3866 reprehendunt
899 3799 969 3858 nos
984 3779 1074 3868 qnod
1089 3781 1180 3868 qnasi
1193 3800 1258 3852 non
1275 3785 1379 3856 corri-

257 3923 274 3964 o
286 3918 433 3985 promus
454 3905 511 3967 ant
525 3905 642 3982 putant
657 3917 715 3966 ncs
730 3899 812 3967 scire
826 3897 914 3986 qnod
925 3899 1097 3980 nescimus,
1113 3905 1170 3966 aut
1184 3905 1302 3983 putant
1316 3920 1379 3971 nos
1461 3975 1462 3980 ,

257 4023 402 4096 «tacere
417 4012 506 4100 quod
524 4015 653 4085 seimus.
678 4012 742 4080 Sed
763 4012 849 4080 forte
878 4012 965 4098 quod
993 4014 1053 4080 scis
1071 4021 1104 4082 et
1129 4032 1189 4100 ego
1206 4014 1294 4085 scio:
1313 4015 1377 4084 sed

255 4151 351 4198 «non
366 4149 474 4198 coram
487 4137 521 4196 te
537 4131 686 4216 corripio,
701 4129 776 4217 quia
794 4149 910 4196 curare
924 4131 1010 4209 volo,
1025 4150 1090 4201 nou
1108 4148 1269 4210 accusare,
1283 4131 1378 4202 Siout

255 4247 432 4324 cbomines
450 4244 593 4322 adulteri
606 4246 639 4311 in
663 4244 814 4316 domibus
828 4247 904 4324 suis,
935 4246 969 4314 in
992 4253 1120 4319 secreto
1136 4252 1273 4330 peccant
1292 4269 1300 4315 ι
1317 4250 1377 4316 nli-

255 4359 420 4448 canndo
441 4358 534 4430 nobis
550 4359 737 4444 produntur
755 4360 796 4428 ab
818 4360 974 4438 uxoribus
994 4361 1071 4444 suis,
1098 4361 1292 4450 plerumque
1319 4385 1377 4432 ze·

246 4501 275 4554 a,
288 4476 447 4558 lontibus,
472 4475 647 4566 aliquando
669 4478 861 4570 maritorum
885 4477 1025 4556 salntem
1051 4478 1375 4566 marcomannos
