2836 5118
215 332 282 396 300
561 347 749 396 ruacrurus
771 349 815 394 nn
836 347 985 398 runicus

213 469 339 538 lictum.
356 471 428 537 Non
438 474 547 538 tamen
558 473 688 539 omnino
703 471 920 538 determinate
933 469 1148 538 indicavimus
1160 472 1313 556 requisitae
1407 469 1408 474 ’

216 584 426 662 conditiones,
447 593 483 650 ut
501 592 575 652 tuto
593 587 694 670 possit
710 584 812 671 juder
830 586 991 669 perviam
1003 588 1122 652 notorii
1135 585 1311 670 procedere.

216 700 277 766 Eas
290 699 354 778 hic,
372 718 433 784 pro
444 700 494 765 rei
515 702 685 785 gravitate,
704 699 921 786 subjiciendas
935 699 1096 766 duximus.

264 820 294 880 1.
315 816 456 882 «Debet
470 817 576 900 ipsum
594 816 729 895 iactum,
748 815 838 901 quod
852 817 885 881 in
902 815 1057 882 delictum
1073 816 1171 895 cadit,
1188 836 1254 884 esse
1268 834 1316 881 no·
1359 807 1361 812 ’

220 931 370 998 «tarium
385 955 392 998 :
409 932 474 998 tale
489 934 552 1000 erit
570 933 700 1019 quando
715 932 839 999 crimen
853 939 1018 1019 patratum
1032 941 1201 1000 esteoram
1216 933 1315 1000 decem

219 1071 238 1110 e
251 1055 308 1114 aut
320 1032 436 1115 saltem
451 1067 508 1114 sex
522 1048 716 1128 bominibus,
734 1051 791 1135 qui
803 1049 884 1116 illud
900 1058 993 1116 certo
1008 1057 1043 1115 et
1056 1069 1118 1134 per
1136 1067 1261 1117 sensnm
1274 1069 1319 1116 co·

218 1164 438 1248 «graverint3
456 1165 541 1249 quia,
559 1171 597 1228 ut
613 1185 654 1230 ex
669 1165 827 1232 haetenus
841 1164 936 1230 dietis
956 1171 1092 1244 constat,
1115 1165 1158 1232 ad
1172 1167 1319 1232 notorium

220 1280 328 1346 «faeti
341 1279 522 1364 requiritur
545 1279 677 1346 utillud
692 1288 858 1364 patratum
874 1281 915 1346 sit
933 1299 1042 1346 coram
1054 1281 1186 1366 populo,
1204 1282 1255 1346 vel
1268 1300 1320 1346 ma-

219 1393 318 1480 «jore
336 1395 424 1460 illins
438 1401 530 1478 parte
549 1417 556 1461 :
573 1395 617 1462 nd
637 1398 794 1481 populum
814 1403 924 1462 nutem
946 1396 1208 1464 constituendum
1226 1399 1321 1482 requi·

220 1516 370 1574 «rantur
387 1507 502 1575 decem
516 1511 632 1577 saltem
650 1511 808 1578 homines.
824 1534 840 1572 a
855 1511 1168 1598 (schmalrgrneber,
1184 1512 1217 1577 in
1234 1513 1281 1575 tit.
1294 1515 1317 1586 1,

216 1625 291 1692 libri
308 1624 479 1705 5decret.,
492 1647 526 1691 n.
551 1629 607 1710 14;
625 1629 681 1712 qui
695 1627 784 1694 idem
800 1627 970 1694 confirmat
985 1627 1179 1693 auctoritate
1193 1627 1321 1710 plurium

216 1738 400 1818 doctorum,
423 1749 457 1808 et
472 1743 602 1809 eunome
622 1746 700 1808 unco
715 1745 747 1823 3,
767 1761 870 1808 eausa
889 1745 940 1820 10,
959 1761 992 1828 q.
1008 1739 1055 1826 3.)

263 1856 295 1918 2.
318 1854 458 1921 «Debet
482 1857 645 1921 notorium
669 1876 739 1922 esse
761 1857 901 1935 factum,
922 1875 989 1922 non
1006 1861 1134 1922 tantum
1149 1858 1249 1936 inse,
1271 1855 1324 1922 aed

221 1993 244 2034 c
253 1971 352 2037 etiam
365 1973 399 2036 in
409 1970 535 2039 ratione
547 1970 676 2056 delicii3
691 1974 766 2057 quia
781 1973 910 2040 nisihoc
924 1972 1022 2038 modo
1037 1973 1201 2038 notorium
1220 1975 1269 2052 sit,
1286 1973 1323 2038 lo

221 2109 238 2149 a
253 2089 390 2154 snserit
407 2089 670 2172 tergiversationi
687 2097 722 2154 et
740 2090 954 2173 excusationi;
966 2091 1019 2154 oni
1031 2098 1143 2155 tamen
1157 2089 1246 2156 loous
1264 2107 1324 2155 esse

222 2227 239 2268 c
254 2223 319 2271 non
328 2202 429 2270 debet
439 2205 473 2268 in
485 2202 604 2272 delicto
619 2206 758 2270 notorio.
778 2227 795 2266 a
812 2203 1126 2292 (Sohmalzgrueber,
1140 2207 1212 2272 loco
1222 2207 1322 2280 citato,

219 2327 253 2390 et
267 2318 419 2386 doctores
433 2317 677 2404 communiter.)
693 2318 791 2402 Quod
804 2327 954 2384 aaronem
966 2321 1000 2384 in
1014 2339 1113 2387 sensu
1123 2319 1206 2407 juris
1217 2338 1280 2386 non
1291 2320 1326 2385 sit
1404 2333 1405 2337 ’

219 2435 385 2513 delictum,
402 2435 465 2502 nisi
483 2436 586 2503 omnis
606 2436 882 2520 tergiversationis
904 2436 1098 2520 possibilitas
1123 2435 1324 2513 excludatur,

220 2558 401 2620 constater
415 2553 521 2636 capite
537 2557 602 2618 ch
610 2551 653 2638 (8,
668 2551 794 2629 titulir,
806 2551 908 2617 libri3
920 2549 1159 2637 decretalium),
1168 2552 1225 2618 ubi
1233 2550 1274 2618 de
1282 2571 1328 2618 no

219 2669 305 2736 torio
317 2669 452 2735 crimine
461 2668 506 2733 sic
517 2667 659 2734 habetur
671 2690 678 2734 :
690 2689 756 2732 oum
768 2670 939 2750 hujusmodi
949 2675 1060 2732 mirrea
1072 2672 1160 2733 nulla
1169 2675 1267 2752 possit
1276 2677 1328 2732 ter·

220 2794 419 2872 qtceracttooc
436 2791 530 2852 celcra·
545 2807 555 2849 .·
572 2786 721 2872 equibus
743 2786 853 2854 verbis
872 2788 989 2854 merito
1002 2786 1156 2864 infertur,
1174 2789 1327 2854 notorium

221 2925 286 2972 non
300 2923 370 2971 esse
390 2905 525 2981 crimen,
538 2902 627 2989 quod
638 2909 747 2988 potest
762 2904 870 2988 aliqua
885 2905 1152 2988 tergiversatione
1166 2905 1266 2970 celari
1278 2923 1328 2968 seu
1407 2925 1408 2928 ¹

223 3021 388 3104 excusari3
406 3021 552 3086 excusari
569 3027 678 3086 autem
691 3023 801 3104 potest
811 3019 979 3097 delictum,
994 3021 1202 3104 quantumvis
1212 3020 1328 3086 notorie

222 3143 402 3222 patratum,
433 3134 564 3222 quando
586 3155 651 3202 non
676 3143 727 3201 est
751 3135 848 3200 simul
876 3134 1051 3202 evidenter
1076 3136 1254 3220 culpabile,
1280 3153 1329 3200 seu

223 3251 354 3338 qumodo
373 3271 438 3316 non
457 3259 508 3318 est
529 3251 694 3316 notorium
714 3250 839 3316 ratione
863 3249 987 3317 delicti.
1004 3249 1100 3332 Quod
1119 3251 1218 3316 etiam
1240 3250 1330 3316 dictat

222 3375 314 3436 recta
331 3369 413 3436 ratio
428 3391 435 3434 :
452 3386 527 3432 nam
546 3373 655 3452 potest
672 3365 745 3434 dari
758 3367 936 3434 notorietaa
947 3365 993 3460 de
1006 3373 1146 3450 patrato,
1159 3367 1255 3433 verbi
1268 3385 1331 3450 gra-

222 3487 278 3564 ua,
295 3483 478 3561 homicidio,
496 3484 575 3568 quin
589 3490 699 3548 tamen
718 3487 846 3548 constet
870 3502 912 3548 au
933 3482 1057 3547 factum
1076 3479 1166 3548 istud
1181 3480 1330 3566 culpabile

224 3602 265 3675 ait
281 3623 288 3668 ς
307 3602 340 3666 in
358 3619 423 3687 quo
437 3619 514 3666 casu
532 3618 628 3666 nemo
647 3619 712 3666 non
731 3597 822 3665 videt
844 3605 1001 3684 quantum
1016 3599 1202 3664 immineret
1216 3596 1331 3684 iniusti·

222 3719 276 3783 tiae
296 3717 489 3802 periculum,
516 3716 543 3780 si
560 3714 660 3800 judici
681 3715 847 3798 perviam
869 3715 988 3782 notorii
1009 3712 1192 3798 procedere
1211 3716 1327 3786 liceret,

223 3832 284 3898 sub
301 3852 341 3898 eo
356 3840 520 3917 praetextu
533 3830 622 3918 quod
634 3831 798 3896 notorium
815 3832 857 3896 sit
870 3831 1005 3898 factum.

268 3952 300 4014 3.
316 3947 586 4032 Distinguendum
597 3965 676 4032 ergo
687 3955 748 4026 est,
760 3954 859 4030 prout
872 3946 954 4033 (loeo
965 3943 1074 4030 citato)
1089 3945 1169 4012 dicit
1179 3944 1329 4012 Sebmalz-

223 4065 376 4150 grueber,
394 4087 410 4124 u
427 4065 515 4130 inter
529 4063 626 4142 laeta,
646 4082 716 4149 quae
733 4083 774 4129 ex
790 4064 840 4128 sui
848 4071 963 4128 natura
974 4062 1170 4129 maleficium
1184 4067 1325 4146 arguunt,

227 4206 244 4244 «
256 4189 291 4249 et
305 4183 392 4248 inter
403 4181 490 4248 laete
500 4199 571 4266 quae
583 4200 625 4246 ex
640 4181 690 4246 aui
707 4185 823 4246 natura
832 4179 929 4258 bona,
948 4178 1002 4245 vel
1017 4177 1236 4244 indifferentia
1248 4184 1325 4243 sunt.
1370 4221 1373 4230 ,

228 4322 244 4361 «
261 4300 305 4364 Ut
315 4304 411 4381 prime·
422 4304 539 4380 pencris
549 4295 636 4362 lacta
647 4297 744 4362 etiam
757 4297 791 4360 in
803 4315 924 4380 genere
936 4293 1049 4360 delicti
1060 4295 1188 4362 notoria
1196 4293 1258 4360 dici
1267 4311 1328 4378 poe

228 4438 245 4476 a
260 4417 335 4492 sint,
345 4413 460 4480 sufficit
474 4415 580 4497 ipsum
591 4413 716 4478 laetum
731 4413 895 4478 notorium
904 4431 985 4489 eoae,
1002 4419 1037 4478 et
1048 4429 1113 4478 non
1127 4427 1281 4496 apparere
1291 4405 1326 4472 de
