2878 5114
509 365 588 412 rans
610 363 768 413 secunus.
1145 347 1208 414 519

93 495 165 573 post
182 484 380 554 oblatione'm
392 487 495 554 libelli
509 489 699 555 accusatorii
709 488 763 554 vel
781 485 1025 564 denuntiatorii,
1047 489 1100 553 vel
1118 488 1155 575 (si
1167 507 1211 555 ex‘

93 603 196 671 officio
219 603 367 688 specialis
385 604 549 689 inquisitio
576 603 779 687 instituatur)
803 609 978 688 antequam
999 610 1146 670 sumatur
1164 604 1207 672 de

90 722 176 788 fama
190 719 322 806 publica
333 719 474 806 juridica
484 719 645 804 probatio.
665 719 781 786 Modus
799 727 909 785 autem
926 717 1081 784 faciendae
1098 721 1207 786 visita-

90 838 188 904 tionis
206 835 367 922 ejusmodi
384 837 461 902 satis
474 835 601 921 patebit
616 855 657 901 ox
677 836 827 921 sequenti
840 835 991 916 formula,
1009 855 1072 921 qua
1086 838 1134 902 uti
1147 855 1206 920 po·

89 955 168 1021 terit
183 955 348 1020 actuarius
362 954 396 1018 in
411 951 620 1018 conficiendis
638 953 729 1018 actis.
760 951 984 1037 Supponamus
996 972 1057 1037 per
1075 971 1208 1021 accusa-

87 1071 222 1148 tionem,
240 1070 291 1136 vel
307 1069 598 1148 denuntiationem,
617 1069 671 1134 vel
683 1069 802 1134 lamam
815 1068 988 1153 publicam,
1007 1068 1050 1135 ad
1060 1069 1204 1155 judicem

86 1185 235 1251 delatum
248 1185 347 1251 fuisse
362 1203 463 1270 grove
475 1185 604 1263 vulnus,
623 1205 641 1250 a
654 1186 808 1251 canonico
823 1186 861 1250 N.
873 1185 997 1250 illatum
1014 1185 1133 1253 clerico
1146 1189 1211 1266 N.,

84 1301 145 1386 qui
162 1320 205 1366 ex
219 1320 259 1366 eo
272 1319 348 1367 casu
366 1300 453 1366 lecto
472 1298 648 1366 decumbat
667 1299 763 1366 :fieri
781 1307 815 1366 et
829 1299 949 1366 referti
964 1303 998 1366 iu
1012 1304 1091 1368 actis
1109 1311 1202 1388 pote·

84 1419 130 1483 rit
146 1417 287 1483 visitatio
299 1418 333 1482 in
355 1417 442 1488 hunc
458 1415 592 1482 modum
610 1436 618 1482 ι
840 1411 844 1422 ’

133 1557 150 1595 a
164 1537 381 1617 consequenter
396 1537 496 1597 volens
507 1535 685 1598 reverendas
701 1537 731 1600 N
733 1583 755 1614 .,
764 1539 876 1618 jadex,
894 1539 993 1600 debito
999 1542 1083 1620 juris
1096 1541 1202 1602 ordine

76 1653 251 1734 procedere,
268 1655 432 1714 associatus
443 1671 463 1713 a
476 1669 522 1713 me
532 1653 682 1714 etdnodns
697 1653 822 1714 testibus
839 1655 880 1717 Ν.
891 1660 921 1715 et
937 1655 967 1716 N
970 1701 992 1731 .,
1011 1655 1053 1716 acl
1065 1653 1119 1716 boo
1134 1674 1199 1735 spe-

78 1769 202 1830 cialiter
217 1772 342 1845 aocntis,
358 1785 388 1828 se
399 1768 526 1828 contnlit
535 1767 573 1828 ab
587 1767 774 1829 visitandam
783 1785 888 1848 carptis
899 1769 1012 1846 delicti,
1026 1773 1058 1831 in
1071 1771 1199 1832 articulo

75 1889 179 1966 primo
197 1882 263 1969 (vel
274 1885 443 1947 secando..·.
458 1881 512 1948 vel
530 1879 627 1965 unico)
649 1885 744 1945 libelli
757 1888 937 1946 accusatorii
955 1883 1020 1969 (vel
1035 1887 1198 1948 clenentia-

77 2004 169 2078 torii,·
183 1999 236 2064 vel
253 1999 280 2062 si
296 1998 481 2084 inquiratur
510 2017 550 2063 ex
577 2015 668 2064 mero
692 1997 805 2076 officio,
829 2002 934 2063 delicti
953 2021 1045 2083 snpra
1069 2003 1122 2064 snb
1140 2023 1198 2066 na-

76 2137 201 2182 mero...
218 2113 400 2200 memorati).
417 2119 578 2198 Visnmqne
589 2123 618 2179 et
629 2123 779 2198 repertam
788 2119 860 2197 snit,
877 2119 1016 2180 clericam
1025 2122 1057 2183 N
1059 2167 1081 2196 .,
1093 2127 1197 2184 revera

73 2238 215 2316 qraoiter
224 2252 400 2314 percussam
411 2252 472 2295 esse
482 2231 528 2317 (et
539 2231 584 2296 ibi
593 2229 820 2298 describantur
830 2233 1089 2313 circumstantia,
1104 2235 1197 2301 verbi

73 2345 208 2434 gratia);
226 2351 335 2412 onlnns
356 2353 434 2411 enim
455 2355 488 2412 in
502 2355 594 2431 parte
612 2353 740 2411 sinistra
758 2351 867 2428 eapitis
884 2353 1044 2424 incassum,
1066 2357 1111 2411 est
1135 2352 1196 2413 lon-

72 2485 147 2548 qnm
167 2467 283 2528 clnobns
299 2467 471 2546 pollicitos,
499 2471 528 2528 et
557 2468 653 2528 latnm
677 2483 737 2528 nno
750 2465 882 2546 pollicm·
902 2471 930 2527 et
957 2469 990 2527 in
1016 2471 1076 2527 toto
1102 2467 1195 2529 latere

74 2588 204 2646 sinistro
214 2587 323 2663 capitis
334 2584 494 2645 notabilem
507 2582 774 2659 inflammationem
787 2588 816 2644 et
830 2581 1018 2658 inflationem
1032 2588 1194 2663 excitavit·

71 2717 112 2760 em
130 2717 190 2778 qno
201 2699 301 2760 dictas
314 2699 439 2759 eteriano
453 2717 530 2778 aeqer
547 2699 621 2760 lecto
635 2699 794 2760 decumbit.
826 2701 901 2762 Acta
920 2705 991 2761 sant
1007 2699 1067 2761 lac
1083 2702 1188 2779 die...,

70 2817 241 2892 mensis...,
271 2833 390 2877 anno...
411 2847 457 2860 -
477 2817 540 2896 qu
559 2817 613 2893 N.,
625 2817 734 2898 jadera.
753 2849 798 2863 —
813 2818 877 2896 Eyo
892 2818 931 2878 Ν.
948 2820 1033 2877 testis
1050 2817 1098 2895 sai
1114 2834 1192 2897 prce-

68 2951 150 2995 sens.
174 2965 219 2977 —
235 2933 296 3012 qu
312 2934 352 2994 N.
371 2935 457 2994 testis
474 2934 523 3012 sni
537 2950 680 3012 praesens.
698 2967 743 2979 -
757 2935 821 3012 qu
838 2935 870 2995 N
872 2978 893 3010 .,
911 2936 1076 2995 actuarias.
1097 2953 1113 2992 n

115 3048 236 3144 Potest
259 3051 369 3112 autern
392 3044 495 3131 J'udex
520 3045 562 3112 ad
581 3045 778 3112 visitandum
801 3065 920 3130 corpus
942 3045 1057 3112 delicti
1078 3065 1191 3132 perso-

67 3163 190 3228 naliter
215 3162 283 3245 ipse
312 3181 376 3228 uon
402 3161 572 3241 accedere,
602 3162 661 3229 sed
679 3162 722 3228 ad
742 3162 778 3228 id
804 3164 994 3243 actuarium,
1014 3166 1069 3230 vel
1090 3183 1203 3232 asses-2

67 3295 190 3356 sorem,
214 3277 268 3342 vel
292 3276 389 3342 alium
410 3296 485 3342 cum
508 3277 636 3344 duobus
656 3279 797 3344 testibus
821 3277 994 3363 deputare.
1013 3282 1085 3362 Quo
1113 3301 1189 3348 casu

68 3394 306 3460 convenienter
328 3377 527 3460 immutanda
554 3401 604 3460 est
629 3396 794 3479 praemissa
817 3395 957 3462 formula
974 3419 981 3464 :
999 3399 1092 3464 verbi
1115 3417 1189 3484 gra-

66 3513 125 3587 tia,
148 3509 175 3574 si
190 3511 353 3576 actuarius
377 3510 478 3576 fuerit
497 3510 684 3595 deputatus,
704 3511 802 3578 scribi
823 3513 946 3595 poterit
960 3514 993 3577 in
1008 3514 1095 3580 hunc
1118 3533 1187 3582 mo-

67 3627 150 3693 dum
166 3646 174 3691 :

115 3767 132 3804 a
151 3747 369 3826 Consequenter
381 3747 483 3808 volens
493 3749 672 3810 reverendas
686 3750 716 3811 N
719 3793 741 3824 .,
749 3749 860 3828 joclem,
875 3749 974 3810 debito
982 3751 1067 3829 juris
1080 3751 1186 3813 ordine

60 3863 235 3944 procedere,
248 3881 294 3923 me
307 3879 373 3922 cnm
385 3863 498 3924 dnobns
508 3865 631 3925 testibus
646 3866 685 3926 N.
704 3869 733 3924 et
750 3867 781 3926 Ν
783 3911 805 3941 .,
824 3865 866 3926 od
881 3865 1069 3926 visitandam
1079 3883 1186 3946 corpas

64 3982 182 4055 delicti,
206 3997 309 4060 snpra,
335 3997 512 4056 numero...,
541 3984 709 4058 memorati,
733 3983 901 4062 amputavit.
929 3983 1008 4044 Hinc
1029 4001 1049 4044 n
1071 3984 1185 4045 canons

64 4098 158 4158 dictis
176 4097 301 4158 lestabns
319 4098 494 4174 associatos,
514 4097 557 4158 acl
571 4095 773 4158 babitacnlnm
786 4100 841 4175 N.,
860 4099 974 4176 clerici,
997 4099 1183 4176 meconium,-

65 4219 220 4294 atmmqae
234 4218 263 4275 et
278 4219 428 4294 repertam
442 4219 497 4293 est,
516 4220 603 4278 etc...
624 4235 639 4274 n
658 4213 699 4278 Et
719 4212 926 4280 subscribunt
944 4212 1010 4280 duo
1031 4221 1133 4279 testes
1147 4221 1195 4281 et²

66 4309 242 4401 actuarius}

112 4451 192 4512 Nota
208 4449 237 4512 l.
255 4447 287 4511 Si
297 4454 413 4512 natura
426 4447 473 4513 rei
496 4447 655 4532 postulet;
673 4446 825 4536 deputari
844 4446 966 4517 debeat
989 4453 1059 4516 arte
1085 4447 1181 4535 periti
