2838 5114
561 314 749 362 TRACTATUS
772 316 815 364 DE
837 315 986 364 inuictis.

758 602 816 682 51.

219 827 254 875 De
277 825 434 875 tribunalibus
448 824 526 874 Sancti
549 824 640 885 Officii,
668 837 709 874 seu
737 825 902 887 inquisitionis
922 831 1003 873 contro
1025 823 1157 872 hereticam
1181 821 1311 884 predictam
1369 830 1374 851 ¹

694 918 758 968 notio
779 919 874 980 previa.

256 1150 284 1214 1.
307 1153 442 1229 muman
458 1165 545 1208 sensu
560 1166 621 1210 uon
635 1146 927 1227 inquisitionis
940 1147 989 1208 iic
1005 1147 1203 1226 intellipenda
1216 1149 1316 1208 sit*-

214 1261 482 1328 Animadvertere
496 1261 602 1327 lector
616 1262 725 1345 potuit
738 1263 906 1327 multoties
919 1260 985 1346 jam
995 1279 1094 1345 supra
1106 1239 1316 1343 usurpatuma

213 1378 306 1444 uobis
323 1379 422 1443 fuisse
447 1378 660 1461 inquisitionis
675 1378 868 1444 vocabulum
888 1399 895 1442 ε
913 1383 947 1442 at
963 1395 1028 1441 non
1051 1395 1091 1440 eo
1114 1394 1212 1440 seusu
1234 1389 1316 1460 quen

213 1495 265 1560 hic
289 1496 320 1560 ei
334 1493 503 1577 affigimus.
532 1495 618 1559 Dum
638 1495 725 1560 enim
745 1496 851 1560 varios
872 1513 1043 1578 processus
1062 1492 1236 1557 criminalis
1248 1493 1318 1554 ordi·

213 1617 297 1676 narii
311 1610 426 1676 modos
449 1609 644 1694 exponendo
673 1611 838 1695 triplicem
864 1611 1137 1688 memoravimus,
1166 1627 1226 1692 per
1246 1609 1318 1673 viam

214 1729 337 1793 scilicet
350 1727 579 1805 accusationis,
599 1728 760 1810 perviam
777 1726 1047 1804 denuntiationis,
1068 1733 1102 1791 et
1114 1745 1177 1811 per
1187 1728 1269 1792 viam
1280 1731 1318 1787 tn·

212 1849 401 1925 quisitionis,
419 1842 499 1906 nihil
520 1842 610 1907 uliud
635 1861 695 1926 per
713 1843 956 1928 inquisitionem
983 1843 1215 1921 intelleximus,
1236 1860 1317 1926 quam

214 1973 403 2044 processum
418 1977 437 2021 a
456 1954 566 2042 judice
592 1977 631 2020 aa
646 1977 727 2021 utero
745 1959 855 2039 officio,
875 1978 940 2023 nou
952 1966 1062 2024 autem
1085 1965 1220 2024 instante
1233 1959 1319 2038 aliqu

213 2081 394 2154 matare,
420 2075 623 2159 institutum
650 2092 715 2160 quo
734 2091 830 2141 sensu
854 2077 885 2140 ei
906 2075 1144 2160 correspondet
1160 2075 1195 2139 iu
1220 2073 1319 2158 gallico
1395 2117 1396 2122 η

213 2188 366 2254 idiomate
379 2207 443 2254 vox
455 2196 587 2270 unquete.
599 2190 639 2255 it
653 2209 733 2257 vero
749 2211 790 2256 ex
801 2209 864 2256 usu
878 2191 1073 2274 generaliter
1083 2191 1228 2268 invecto,
1244 2187 1319 2253 adli·

214 2305 312 2371 betur
332 2305 430 2370 etiam
446 2324 510 2370 vox
529 2304 645 2371 eadem
659 2304 702 2370 ad
724 2305 973 2389 exprimendum
989 2307 1188 2390 peculiarem
1208 2323 1320 2391 proces

214 2441 297 2502 sum,
315 2425 349 2487 in
369 2420 553 2490 coercendo
579 2425 721 2488 imaum
747 2428 872 2488 cumina
901 2421 1106 2506 faciendum3
1131 2431 1230 2508 utque
1254 2420 1319 2488 inde

212 2537 402 2616 tribunalia,
425 2536 617 2623 judicesque
641 2546 675 2604 ct
702 2517 771 2605 tots
807 2537 990 2623 jurisdictio
1017 2537 1166 2604 addicti
1193 2537 1321 2604 cuminis

212 2655 443 2722 coercitionem
469 2654 633 2732 instituta,
666 2660 888 2736 inquisitionis,
919 2662 953 2720 et
985 2671 1071 2738 saepe
1101 2655 1204 2720 etiam
1223 2657 1318 2718 Sancti

215 2771 315 2851 Officii
335 2773 444 2834 vocari
458 2769 574 2834 solent.
602 2773 811 2852 inquisitionis
831 2768 982 2854 quidem,
1005 2771 1081 2853 quin
1103 2769 1262 2854 ejusmodi
1278 2767 1321 2853 ju-

214 2884 524 2952 dicibushoereticos
546 2885 762 2970 investigandi
784 2893 819 2950 et
842 2886 1054 2971 perquirendi
1076 2885 1216 2952 officinm
1229 2884 1321 2970 iujun-

214 3003 324 3087 gitur:
346 3005 451 3067 Sancti
466 3019 544 3068 vero
560 3003 660 3082 Officii
669 3049 677 3080 ,
693 3003 767 3086 quin
785 3001 910 3068 nullum
931 3021 1048 3068 munus
1071 3005 1174 3087 magis
1188 3010 1321 3068 sanctum

215 3119 319 3184 visum
337 3125 401 3195 est,
417 3135 514 3202 quam
527 3117 680 3185 illibatam
693 3116 793 3183 iidem
807 3117 999 3184 catholicam
1012 3121 1133 3196 tutari,
1148 3127 1246 3203 atque
1263 3136 1322 3184 sor·

216 3239 284 3297 tam
300 3237 424 3296 tectam
438 3236 550 3296 contra
563 3236 739 3296 venenatos
750 3231 978 3298 haeretioorum
997 3231 1124 3297 efflatus
1136 3251 1276 3298 servare.
1291 3231 1322 3294 ln

217 3346 279 3412 hoo
295 3323 396 3429 porro
417 3345 589 3428 posteriori
611 3363 708 3410 seusu
730 3345 945 3430 inquisitionis
961 3365 1074 3412 vocem
1091 3365 1178 3412 nunc
1199 3363 1322 3427 usurpa-

216 3481 298 3539 mus,
314 3463 367 3526 cui
382 3481 500 3546 nempe
513 3460 750 3544 correspondet
763 3462 913 3544 gallicum
928 3462 1125 3528 vocabulum
1142 3467 1318 3545 inquisition.

261 3581 303 3648 ΙΙ.
321 3584 365 3644 De
379 3581 494 3662 duplici
508 3585 719 3660 inquisitorum
733 3585 838 3662 specie.
849 3579 1028 3662 —Duplex
1042 3585 1093 3644 est
1105 3579 1321 3664 inquisitorum

216 3696 341 3780 species
358 3717 365 3762 ε
384 3698 607 3759 ordinariorum
616 3713 734 3778 nempe
749 3702 783 3760 et
798 3697 1014 3776 dciepatoruut.
1040 3695 1186 3776 Quilibet
1201 3695 1322 3778 Episco-

216 3831 277 3896 pus
291 3812 324 3876 in
337 3809 471 3876 dioecesi
486 3829 544 3874 sua
557 3819 607 3877 est
626 3811 796 3896 inquisitor
815 3810 1015 3894 ordinarids;
1039 3810 1139 3876 habet
1154 3829 1269 3894 nempe
1281 3805 1323 3892 ju

217 3927 438 3994 risdictionem
450 3925 646 3991 ordinariam
658 3926 700 3992 ad
713 3925 909 4012 judicanda,
926 3935 997 3992 tum
1007 3934 1140 4007 caetera,
1151 3935 1222 3994 tum
1235 3926 1322 3991 etiam

217 4045 378 4110 hereseos
393 4043 547 4125 crimina3
568 4040 657 4108 unde
682 4049 716 4108 et
732 4049 893 4125 inquisitor
910 4051 1033 4108 natusa
1052 4043 1256 4126 pragmaticis
1277 4059 1323 4106 vo

217 4162 285 4226 cari
297 4161 391 4225 solet.
412 4157 475 4224 Sed
492 4165 612 4242 prester
630 4158 810 4224 ordinarios
834 4160 981 4224 locorum
994 4157 1140 4244 judices,
1159 4159 1213 4225 alii
1228 4165 1323 4221 catra-

217 4281 368 4341 ordinarii
387 4280 579 4357 inquisitores
597 4282 778 4358 atempore
798 4276 978 4340 Innocentii
995 4276 1043 4339 lll
1061 4274 1198 4340 fuerunt
1215 4272 1323 4339 consti·

217 4395 292 4469 tuti,
306 4392 363 4476 qui
377 4391 479 4456 hocce
493 4410 620 4469 munus,
634 4411 698 4456 uon
708 4392 837 4477 quidem
846 4394 1005 4475 privative
1020 4393 1129 4477 quoad
1147 4395 1319 4478 Episcopus,
