2914 5122
383 842 418 887 ln
430 839 562 888 necessario
574 837 722 887 adhibendus
735 839 767 886 sia
778 839 881 889 libellus.

130 1071 319 1137 l‘uososrrro
336 1072 374 1134 l·.
396 1105 441 1118 -
459 1071 627 1149 injudicio
644 1071 812 1147 mutuatio,
838 1075 901 1134 tom
923 1063 1078 1132 criminali
1101 1087 1190 1150 patum

94 1188 174 1260 ciuili,
191 1189 231 1250 ori
244 1206 401 1267 processus
416 1187 547 1248 colorem
563 1186 681 1246 libellus
692 1189 812 1248 ornuiuo
828 1189 1006 1264 requiritur.
1026 1182 1194 1249 -Idtcm

95 1321 176 1384 quam
200 1309 328 1366 certam
350 1301 547 1365 unanimiter
571 1294 707 1364 trudunt
726 1299 910 1364 cunonistae.
940 1323 957 1358 u
975 1298 1024 1365 Ad
1050 1299 1195 1366 valmem

97 1435 283 1500 «processus
306 1417 362 1504 (uit
384 1419 633 1500 stringamur,
656 1417 691 1478 ia
712 1417 764 1478 tit.
782 1418 815 1490 3,
840 1413 916 1479 libn'
932 1418 952 1480 2
966 1414 1106 1492 decret,
1125 1436 1198 1482 cous

98 1531 196 1600 aelus?
209 1531 241 1617 2)
262 1553 322 1617 per
341 1552 376 1598 se
395 1539 428 1598 et
444 1532 640 1616 regulariter
655 1532 836 1616 requiritur
850 1530 1002 1616 libellus;
1021 1529 1199 1617 etquidem

98 1651 158 1715 uita
181 1659 218 1716 ut
237 1669 303 1718 uon
319 1650 418 1733 possit
442 1650 565 1714 remitti
584 1669 625 1714 ex
645 1665 808 1713 censensu
828 1649 974 1730 partium
999 1656 1033 1714 et
1057 1647 1197 1734 judicis;

97 1767 193 1850 «quio
208 1767 391 1852 requiritur
403 1764 446 1830 de
463 1783 536 1848 Jure
555 1763 717 1828 communi
731 1763 890 1843 absolute,
912 1772 948 1830 et
962 1763 1096 1850 quidem
1111 1766 1202 1849 pria⁴

98 1882 266 1965 aeipafiter
277 1880 320 1946 acl
334 1881 647 1957 tonumoommaae,
668 1883 705 1944 ut
720 1885 875 1944 servetur
890 1889 1001 1947 certus
1013 1879 1096 1947 ordo
1106 1881 1138 1946 ia
1149 1879 1201 1966 ju-

98 1996 220 2062 rdiu'u.
241 2021 257 2057 s
278 1999 438 2062 Genuam
461 1994 768 2078 submulzgraeber‚
795 2013 949 2078 expresse
972 1993 1201 2081 distinguenda

97 2115 170 2178 iuter
183 2113 342 2198 judicium
355 2115 543 2176 ordinarium
561 2127 621 2176 seu
639 2108 831 2192 plenarium,
849 2119 884 2176 et
895 2109 1054 2196 judicium
1073 2130 1202 2176 scurnu-

98 2234 188 2293 riam:
205 2256 217 2286 a
234 2227 439 2310 Respautleo,
460 2227 574 2310 iuquit,
595 2223 705 2290 offerri
719 2224 844 2290 debere
863 2225 1011 2292 libellum
1028 2245 1103 2292 eum
1116 2225 1203 2312 judi!

100 2367 113 2402 a
129 2345 211 2410 cium
225 2353 274 2410 est
287 2341 468 2427 [ιίειιιιὶιιιιι
484 2349 519 2406 et
535 2339 735 2407 ordinarium
751 2362 757 2405 :
773 2347 807 2406 et
828 2341 873 2406 ibi
890 2340 1013 2407 oblutio
1034 2341 1136 2408 libelli
1153 2345 1204 2408 est
1298 2333 1300 2340 '

100 2461 169 2527 «ue
181 2461 383 2544 saturanum
400 2461 445 2525 ita
461 2458 596 2544 quidem
615 2465 652 2522 ut
666 2458 787 2542 absque
808 2477 845 2524 eu
867 2457 1028 2542 judicium
1044 2477 1108 2524 noa
1122 2459 1206 2524 *subs

100 2604 113 2636 u
132 2580 228 2657 sistat,
245 2593 352 2662 nequo
365 2579 498 2642 etiams
513 2575 659 2658 partibus
671 2575 794 2640 remitti
809 2570 921 2659 pessit.
942 2575 1036 2640 Ratio
1046 2584 1112 2670 est,
1129 2577 1203 2660 quia

100 2719 113 2753 a
126 2695 340 2761 solemnitates
351 2701 494 2768 actuum,
509 2709 579 2776 quoe
590 2689 633 2755 ob
645 2689 808 2774 publicum
821 2691 998 2756 utilitatem
1010 2688 1205 2756 introductu

100 2821 208 2890 «suat,
226 2813 368 2894 purtium
383 2808 599 2874 conventione
617 2805 689 2871 tolli
710 2815 767 2871 rut
787 2808 909 2871 remitti
926 2825 991 2886 nun
1005 2813 1150 2891 possunt,
1168 2813 1212 2872 ut

99 2923 239 2992 edoceat
252 2925 414 2992 doctores.
431 2953 445 2976 υ
467 2923 580 3010 (latit.
596 2926 628 2997 3,
647 2921 723 2986 libri
739 2921 911 3002 uiseret,
931 2927 947 3002 5
967 2927 995 3000 l,
1014 2943 1047 2987 n.
1070 2921 1136 3008 ll.)
1207 2941 1212 2959 ’

138 3040 184 3106 Ad
207 3041 288 3106 bane
303 3047 419 3106 :autem
442 3037 671 3103 necessitatem
694 3037 897 3120 probandam
918 3035 1088 3104 adducunt
1111 3057 1208 3104 canc-

98 3157 194 3233 uistae,
207 3165 304 3242 caput
319 3161 330 3221 1
342 3205 350 3234 ,
363 3156 449 3221 tituli
460 3158 492 3232 3,
507 3153 582 3220 libri
595 3155 614 3217 2
627 3153 850 3232 decretalium,
864 3155 897 3219 iu
907 3169 973 3240 quo
987 3157 1031 3220 sle
1045 3155 1204 3222 habetur:

98 3275 150 3335 Eu
162 3277 280 3337 coneilio
299 3276 382 3354 opud
399 3277 541 3337 Sanctum
571 3271 748 3334 liettardum
769 3271 870 3334 bobito
889 3270 978 3358 (auno
997 3269 1073 3356 854)
1092 3293 1100 3337 ι
1116 3274 1208 3355 Ipne-

100 3408 151 3449 rus
163 3387 203 3474 (l)
218 3393 380 3472 Episcopus
395 3389 478 3451 dicit
494 3407 504 3448 .·
517 3388 632 3460 bebetis
647 3387 781 3448 libellum
796 3389 1029 3468 reclamationis,
1048 3391 1095 3451 uei
1105 3397 1216 3470 postu:

100 3505 236 3568 latitius?
249 3507 305 3569 liii
317 3504 532 3586 responderunt
544 3521 574 3564 se
585 3523 653 3584 pree
662 3505 799 3565 munibus
812 3505 928 3566 nulium
943 3505 1049 3567 bebere
1062 3501 1205 3570 libellum.

100 3621 223 3700 [precius
237 3625 401 3703 Episcopus
414 3622 497 3682 otuu
509 3639 519 3680 .·
533 3623 657 3700 Oportet
671 3637 722 3680 uos
738 3621 897 3682 secuudum
914 3623 1141 3684 ecclesiasticum
1156 3605 1214 3684 atu-³

98 3742 261 3800 ctoritatem
283 3739 522 3800 reclamationem
540 3741 670 3798 vestram
694 3735 789 3797 libelli
810 3741 887 3798 serie
908 3737 1072 3816 declarare,
1091 3757 1212 3820 eumque

99 3857 205 3913 uestris
224 3852 545 3914 nauibus‘roboroturu
560 3851 680 3931 Spucdo
696 3855 867 3931 percipere,
887 3858 921 3912 ut
938 3859 1007 3914 tuuc
1029 3854 1111 3915 uobis
1124 3873 1213 3916 cono-
1242 3829 1243 3834 ἵ

101 3969 169 4026 uice
181 3967 275 4028 uolut
288 3968 472 4047 responderi.
496 3968 536 4028 Et
554 3972 623 4028 tunc
641 3969 701 4046 ipsi
714 3968 828 4045 fratres
849 3967 983 4030 libellum
1001 3971 1214 4032 conscribentes

139 4241 177 4302 (l)
190 4241 316 4302 legendum
325 4241 475 4302 murmures,
486 4249 512 4288 ut
520 4239 600 4289 videre
610 4249 646 4289 est
656 4239 678 4288 ia
688 4243 747 4291 sctis
758 4242 829 4302 hujus
838 4242 935 4290 Consilii
947 4243 1009 4306 apud
1018 4244 1093 4294 Marsi
1106 4251 1162 4293 tom.
1173 4247 1214 4306 ll,

104 4333 153 4382 sol.
169 4333 226 4396 985;
241 4341 318 4382 etuoa
331 4340 421 4382 tuumm
433 4334 535 4382 assentit
553 4328 693 4381 lllnemsrus
704 4331 778 4382 libelli
791 4329 962 4395 necessitatem,
976 4335 1016 4384 sed
1029 4335 1097 4384 etiem
1115 4343 1152 4385 sat
1162 4334 1215 4388 tas«

104 4428 432 4497 probutiuproutluiistlsm
446 4428 656 4490 ectbccutiuotur.
672 4428 998 4488 spemursaasudeesust
1011 4425 1136 4482 struitur.
1174 4459 1178 4467 ·
1219 4460 1226 4472 ·
