2930 5128
393 355 480 474 ΤΒ
490 355 799 498 notatus

60 809 402 994 tililsslii
477 804 1162 993 iGssLiSiiSiiiiS.

259 1553 262 1558 ,
371 1408 662 1577 anns
741 1408 856 1572 n.

74 1711 128 1784 nn
158 1710 388 1788 inurens
425 1671 855 1790 nccnnsmsrrcrs
886 1712 942 1786 nu
964 1651 1175 1788 sunem.

540 1939 704 1968 ¹⁴-

390 2127 684 2284 §netto
729 2147 855 2281 ΙΙΙ.1

271 2401 331 2474 De
361 2401 542 2476 Processu
568 2399 745 2474 criminali
775 2398 969 2474 ordinario.

122 2831 311 2900 Praesentem
325 2830 513 2909 sectionem,
530 2835 648 2913 utpote
664 2828 808 2894 materiis
826 2827 1083 2909 refertissimam,
1103 2827 1188 2896 divi-

93 2941 208 3014 dendam
226 2949 381 3016 duximus
394 2948 428 3011 in
443 2954 584 3032 quatuor
599 2947 806 3020 subseettones,
826 2945 887 3012 hoc
899 2965 1016 3032 nempe
1040 2945 1155 3012 ordine
1177 2969 1184 3012 :

95 3061 229 3130 subsectio
251 3069 297 3143 1·,
317 3062 359 3129 dc
376 3062 474 3128 variis
495 3079 667 3145 processus
691 3061 865 3126 criminalis
886 3059 1043 3127 ordinarii
1056 3062 1186 3146 formis,
1235 3041 1236 3046 ἵ
1340 3041 1344 3050 ’

54 3183 57 3252 ἵ,
96 3174 228 3249 subactio
239 3185 286 3260 2¹,
301 3180 368 3246 tela
382 3197 553 3263 processus
568 3176 744 3243 criminalis
753 3175 909 3244 ordinarii
920 3178 962 3244 ab
980 3179 1071 3245 initio
1086 3197 1188 3264 usque

56 3253 59 3342 i
99 3287 128 3354 ad
145 3304 353 3362 contestatam
371 3295 482 3378 litem;
502 3291 667 3358 subsectio
688 3296 734 3372 3¹,
752 3293 819 3358 tela
841 3291 990 3378 ejusdem
1013 3313 1115 3380 usque
1148 3291 1191 3359 ad

101 3410 263 3476 sententiam
278 3407 482 3475 definitivam
493 3427 501 3491 ;
514 3406 677 3472 subsectio
693 3407 739 3486 4¹,
756 3406 823 3472 telo
835 3405 983 3493 ejusdem
998 3429 1017 3475 a
1030 3411 1190 3474 sententia

102 3512 240 3590 definitas
255 3543 360 3610 usque
378 3523 421 3590 ad
439 3519 548 3588 finem.

133 3633 270 3714 Quamvis
286 3646 397 3704 autem
410 3637 584 3722 separatim
599 3633 642 3702 de
656 3653 812 3719 processu
828 3639 982 3701 criminati
993 3643 1028 3703 et
1048 3641 1133 3702 dviii
1144 3637 1193 3704 di-

106 3763 158 3816 tare
169 3753 403 3839 proposuerim,
422 3753 457 3820 id
469 3773 533 3820 non
544 3752 748 3836 ita'rigorose
761 3750 958 3818 servandum
975 3753 1053 3820 mihi
1070 3757 1195 3838 praesti-

108 3865 149 3942 tn,
163 3875 196 3933 nt
211 3869 252 3937 de
268 3891 307 3938 re
319 3869 478 3954 criminali
493 3887 594 3953 agens
608 3866 651 3934 ad
665 3867 770 3934 civilis
781 3886 952 3950 processus
966 3887 1196 3936 normamnun·

109 3991 180 4058 pam
190 4005 410 4053 excurrerem.
423 3986 525 4051 Multa
536 4003 665 4068 nempe,
678 3983 720 4050 ob
732 3984 940 4051 materiarum
949 3988 1194 4069 connexionem,

111 4101 281 4168 annonas
292 4099 334 4168 de
349 4110 489 4187 utroque
504 4100 601 4167 simui
617 4119 771 4183 processu
786 4107 1004 4184 exponuntur.
1023 4103 1100 4184 Quae
1118 4124 1197 4172 vero

111 4204 134 4270 in
147 4209 198 4280 hac
208 4220 360 4297 sectione,
375 4218 421 4283 sic
435 4213 651 4301 anticipando,
670 4212 712 4281 de
729 4215 815 4282 civili
829 4236 982 4300 processu
1000 4221 1196 4302 promisero,

114 4335 201 4401 postea
218 4332 258 4399 de
274 4331 363 4400 dicto
380 4353 533 4418 processu
554 4333 640 4399 civili
663 4351 704 4398 ex
720 4332 868 4417 professo
882 4331 1020 4418 agendo,
1036 4341 1198 4420 ‚tanquam

114 4441 210 4512 tradita
223 4445 286 4534 jam
302 4458 338 4516 et
356 4467 497 4534 expensa
513 4447 784 4518 commemorabo.

234 4561 266 4620 tt.
1069 4563 1083 4622 i
