2878 5114
508 344 587 397 ress
608 342 767 398 ssoosm.
1129 327 1192 394 535

95 475 201 539 tumis
213 473 360 554 pauenti,
373 472 512 538 dominus
530 473 561 535 N
563 492 591 549 .,·
601 473 664 552 qui,
681 477 716 534 ut
730 471 904 552 prefertur,
918 471 980 548 tuit
992 471 1028 534 ob
1043 477 1194 538 conturm-

91 595 160 656 oitm
181 593 450 662 exommunicatus
472 586 552 674 (sive
569 573 769 670 suspensus);
788 592 818 649 et
837 587 922 650 eicit
940 605 971 648 se
986 591 1132 670 premitus
1155 591 1193 655 de

91 709 263 771 eontmmcin
273 723 340 784 nm,
351 709 385 768 in
396 721 456 769 uon
462 705 601 784 parendo
610 703 762 766 mordetis
776 707 806 764 et
816 703 1012 768 citationibus
1020 703 1079 769 sibi
1085 705 1192 784 suctim

86 826 232 902 propterea
242 839 273 882 se
285 826 428 902 peratum
439 838 500 884 esse
514 823 601 882 toties
612 823 728 900 quoties
744 823 866 880 vocotus
879 819 973 900 suerit
992 822 1026 882 iu
1040 825 1194 902 posterum

88 955 256 1018 comparere,
273 943 303 1000 et
316 937 475 1002 reverendo
490 937 613 1000 Viccrio
630 936 765 1016 percocti
775 935 909 1013 obedire·
926 937 1105 1016 interimque
1122 955 1194 1018 sup·

85 1053 204 1138 plicavit
217 1071 238 1114 o
249 1070 374 1116 acosma
386 1057 491 1115 ocatro
504 1070 535 1114 se
554 1052 618 1114 tcto
632 1051 758 1114 absolut.
779 1051 882 1130 Ipttur
890 1050 1040 1130 prescius
1058 1069 1193 1116 reperm-

88 1170 138 1238 dus
152 1171 288 1234 Victrices
302 1169 463 1250 pomerolis,
472 1171 632 1250 premisso
648 1172 816 1250 opportuit
828 1172 857 1230 et
868 1171 959 1246 proce
972 1169 1144 1247 maritimae,
1163 1175 1192 1231 ct

86 1303 178 1352 corum
191 1287 315 1350 testibus
331 1287 414 1364 imsro
431 1288 553 1366 seriptis
568 1285 609 1346 od
629 1283 683 1344 ooo
698 1282 870 1362 specialiter
892 1285 1016 1360 ematis,
1044 1287 1077 1345 im
1094 1285 1193 1364 fomute

86 1401 442 1474 cmmctceumobsotoit.
464 1402 539 1465 Aeto
557 1405 628 1462 sumt
646 1399 746 1461 trec...
768 1433 812 1446 -
827 1399 891 1478 Epo
905 1400 960 1477 N.,
976 1403 1056 1480 petii
1074 1405 1103 1464 et
1118 1419 1193 1480 pro·

88 1521 203 1588 mistui
224 1536 328 1600 supro.
354 1551 399 1566 -ι-
423 1517 488 1598 Epo
508 1517 548 1580 Ν.
567 1517 614 1594 fui
641 1518 736 1578 testis.
753 1547 798 1560 -
817 1516 881 1594 Epo
902 1516 942 1576 N.
962 1515 1009 1592 sui
1036 1519 1131 1582 testis.
1149 1550 1194 1564 --
1265 1499 1267 1504 ’

87 1637 141 1716 Epo
152 1638 205 1712 N.,
223 1637 360 1696 Vicorius
369 1633 530 1714 peteretis.
555 1666 597 1681 —-
612 1632 675 1712 Epo
689 1632 719 1694 N
723 1678 744 1706 .,
767 1633 933 1692 actuarius.
954 1648 971 1688 o

596 1878 674 1954 Η.

142 2107 224 2154 torma
236 2102 383 2159 exarninsndi
396 2107 478 2150 uatem
490 2110 609 2149 reversum
621 2111 636 2146 a
646 2099 785 2161 pertinacia,
795 2101 831 2148 rel
844 2113 858 2147 a
869 2112 969 2150 censura
981 2102 1123 2152 absolutum.

119 2335 165 2398 oe
181 2350 316 2399 reverso
330 2349 349 2395 a
363 2330 553 2414 pertinacia,
570 2330 615 2396 sic
632 2327 731 2396 scribi
746 2333 855 2412 potest
873 2349 880 2391 :

120 2469 135 2507 o
152 2452 229 2512 osca
244 2451 384 2512 domiuus
395 2450 434 2510 N.
455 2450 551 2526 testis,
569 2451 622 2528 qai
635 2453 671 2509 ot
685 2463 779 2526 supro
797 2447 991 2509 citationibus
1015 2459 1127 2529 parcre
1144 2466 1190 2508 re·

78 2572 189 2644 rueret,
202 2565 339 2628 mondum
356 2564 532 2626 temnetis
542 2577 670 2624 camora
679 2562 836 2642 permitur
853 2564 968 2642 sterni,
987 2563 1029 2624 oct
1040 2564 1188 2623 saniorem

80 2687 199 2744 mentem
220 2681 370 2755 rediisset,
388 2682 473 2740 misit
491 2680 533 2741 aot
553 2677 747 2740 reverendum
760 2680 791 2740 N
794 2725 816 2754 .,
839 2679 992 2738 Vicorium
1010 2677 1188 2758 pemerotem,

81 2802 190 2860 maiam
199 2802 305 2883 peteres
323 2800 353 2857 et
372 2795 569 2858 obedientium
582 2799 772 2876 promittens.
798 2797 892 2872 Quem
911 2795 990 2856 idem
1014 2793 1191 2858 reuerendus

81 2913 213 2976 Viccrius
235 2910 384 2992 pancratis
409 2912 451 2972 aot
472 2913 588 2972 curiam
611 2913 749 2986 cccouit‚·
762 2910 815 2970 utri
840 2909 940 2971 dictus
960 2912 1074 2986 testis„
1091 2909 1189 2970 obtato
1306 2905 1309 2911 '

77 3030 131 3099 sibi
135 3032 322 3114 juramento,
337 3026 416 3108 quod
435 3030 522 3088 tactis
535 3027 699 3108 ecompeteis
716 3023 781 3108 (vel
796 3031 876 3088 tosto
887 3023 1044 3108 pectorosi
1059 3023 1101 3088 sit
1113 3041 1189 3107 pre·

76 3141 195 3226 thyias)
202 3145 365 3226 prostitit,
383 3143 444 3220 fuit
456 3145 659 3220 imterrcpctus
677 3146 706 3201 et
719 3141 874 3220 respoudit
887 3143 1106 3220 misequitur...
1124 3161 1140 3198 r

117 3261 165 3329 De
181 3259 331 3329 absoluto
346 3278 365 3322 a
381 3275 517 3323 censura
532 3256 628 3322 scribi
648 3256 711 3322 hoo
727 3253 823 3322 modo
840 3256 963 3338 poterit
980 3276 987 3319 :

119 3401 134 3438 n
146 3379 222 3449 Cum
243 3382 342 3440 cutem
362 3378 476 3438 dictum
492 3377 532 3438 N.
536 3423 547 3454 ,
572 3392 593 3435 o
610 3393 736 3436 censura
757 3380 793 3436 ut
813 3375 979 3459 prefertur
1004 3373 1183 3448 absolutum,

75 3497 249 3558 reueremoius
264 3496 291 3558 N
294 3541 317 3573 .,
334 3497 471 3556 Viccrius
487 3492 635 3574 parceretis
651 3493 692 3553 od
712 3495 826 3556 curiam
841 3495 983 3569 oocosset,
995 3494 1024 3551 ei
1030 3493 1187 3572 jurameu-

75 3617 134 3673 tum
149 3610 271 3688 obtmtit,
289 3611 367 3692 quod
383 3615 413 3670 et
432 3610 485 3671 itte
508 3609 597 3670 sotito
615 3626 696 3678 more
709 3611 881 3688 preastitit,·
896 3625 931 3668 ac
939 3612 1044 3687 postea
1062 3608 1187 3666 interro·

73 3737 157 3807 potus
168 3729 306 3810 deposuit
319 3732 353 3787 m
365 3727 510 3804 sequitur.
518 3770 539 3786 ..
558 3743 574 3781 s

582 3974 598 4048 ᾗ
622 3969 677 4034 VI.

176 4200 258 4250 Fenus
270 4193 382 4262 puniendi
394 4202 475 4245 testem
487 4193 651 4245 irreverentem
664 4198 687 4242 et
699 4188 850 4254 pertinacem,
863 4189 918 4240 dnm
931 4191 1085 4243 examinatur.

115 4453 130 4488 c
145 4434 272 4500 ,Vocatus
282 4431 385 4509 posteo
395 4428 456 4507 soit
471 4429 609 4490 domiuus
625 4428 663 4488 N.
680 4428 775 4502 testis,
797 4427 849 4510 qni
857 4428 962 4506 jussus
978 4427 1126 4506 praestare
1139 4425 1186 4504 p‘u·
