2838 5114
261 361 325 425 356
599 372 785 422 nascamus
808 373 852 422 nn
874 373 1022 421 annaeus.

260 502 381 566 sionem
395 518 414 563 a
427 497 585 565 beneficio
601 517 712 565 secum
729 499 876 565 traheret
895 520 902 565 :
918 497 1079 576 secando,
1097 499 1174 582 quia
1194 502 1324 582 potestas
1338 515 1365 562 a·
1415 535 1416 562 t

259 611 417 680 beneficio
443 613 664 699 suspendendi
688 634 746 680 seu
774 614 938 680 fructibus
964 613 1034 698 ejus
1059 601 1227 696 privandi,
1250 613 1356 678 inclusa
1415 653 1416 662 κ

259 730 420 797 censenda
445 730 532 796 foret
549 732 581 795 in
598 736 761 813 potestate
782 727 1006 812 suspendendi
1022 728 1063 794 ab
1078 732 1248 809 ordinibus,
1267 733 1355 810 diput-
1415 724 1416 768 l

258 850 380 926 tatium,
403 849 547 928 proditas
560 854 590 909 ct
601 848 771 925 honoribus,
791 865 885 930 quam
898 845 1064 929 Episcopis
1079 863 1233 928 expresse
1245 844 1358 909 confert
1415 911 1416 974 1

255 962 442 1030 Tridentino
456 962 610 1048 synodus.
625 961 689 1028 Sed
702 970 878 1046 utrumque
894 970 1122 1045 argumentum
1135 961 1253 1028 robore
1268 966 1355 1026 caret.

257 1080 336 1144 Nam
1274 1085 1278 1093 '

301 1199 333 1260 1ο
348 1197 446 1262 Posse
465 1194 597 1281 quidem
607 1197 800 1278 Episcopum
817 1214 858 1260 ex
870 1194 1044 1260 informata
1059 1193 1256 1259 couscientia
1265 1192 1304 1258 ab
1317 1191 1358 1256 ol-

254 1311 546 1396 doio'saspendere
571 1310 709 1376 dubium
724 1290 796 1376 'non
820 1318 886 1394 est;
909 1317 1022 1376 atvero
1037 1308 1126 1394 quod
1141 1327 1310 1392 suspensus
1322 1309 1357 1374 ab

252 1427 365 1507 officio,
383 1430 424 1494 sit
446 1429 508 1494 hoc
526 1430 595 1513 ipso
617 1445 824 1511 suspensusa
850 1426 1025 1504 beneficio,
1042 1425 1151 1511 rejicit
1169 1427 1358 1493 communior

252 1547 491 1612 canonistarum
505 1545 684 1627 sententia;
709 1551 744 1610 et
762 1545 877 1608 nititur
890 1543 996 1627 capite
1026 1545 1077 1620 14,
1095 1543 1182 1609 tituli
1205 1545 1234 1621 i,
1259 1542 1355 1608 abrit

253 1660 478 1740 decretalium,
498 1660 565 1737 ubi,
585 1659 785 1738 decernitur,
811 1660 946 1726 clericos
958 1661 991 1724 in
1010 1658 1174 1744 quoddam
1200 1659 1244 1724 ibi
1266 1677 1357 1724 enun-

249 1780 365 1843 tiatum
381 1795 549 1842 excessum
563 1776 721 1852 labentes,
740 1774 986 1861 suspendendos
1005 1793 1076 1842 esse
1090 1780 1128 1840 ab
1152 1777 1247 1856 afficto
1261 1777 1305 1839 nat
1318 1777 1358 1838 ba·

249 1896 366 1974 ccficio.
384 1896 462 1976 Quae
478 1894 580 1961 verba
595 1897 633 1956 ab
647 1895 743 1974 officio
759 1897 806 1958 oct
820 1895 959 1973 conficio
977 1911 1233 1958 commemorans
1251 1895 1357 1976 Fagna-

249 2012 368 2076 nussia
385 2011 483 2076 hahet
500 2033 506 2074 :
531 2032 547 2072 a
566 2011 802 2093 Argumentum
818 2008 906 2094 quod
925 2028 1099 2092 suspensus
1115 2009 1157 2074 ab
1172 2008 1285 2085 officio,
1302 2027 1356 2072 noa

249 2135 298 2192 est
317 2145 492 2210 suspensus
507 2145 527 2190 a
540 2125 701 2192 beneficio
719 2147 726 2189 :
749 2125 895 2210 loquitur
922 2126 1009 2190 enim
1025 2126 1077 2190 hic
1101 2133 1214 2190 textus
1227 2124 1357 2190 alterna·

249 2247 328 2310 tive.
346 2267 362 2306 a
382 2243 571 2331 (Fugitanus,
589 2245 623 2307 in
639 2246 775 2326 caputii
793 2245 930 2324 crapario,
950 2261 1089 2308 numero
1105 2240 1175 2325 Ἠ.)
1196 2243 1299 2322 Quam
1313 2260 1357 2305 ca-

249 2364 449 2428 nonistarum
460 2359 641 2427 doctrinam
659 2359 742 2425 ratio
760 2361 829 2442 ipsa
845 2379 957 2424 veram
973 2358 1118 2424 ostendit
1137 2377 1240 2456 :nam
1251 2359 1357 2424 multo·

248 2480 310 2543 ties
328 2477 559 2561 presbyterum
578 2475 620 2541 ab
634 2474 735 2542 officio
759 2474 934 2558 suspendi,
958 2495 1023 2540 non
1048 2476 1127 2540 item
1151 2495 1170 2539 a
1193 2473 1353 2549 beneficio,

248 2593 369 2659 bonum
399 2593 577 2656 animarum
612 2590 765 2674 postulat.
797 2588 1001 2656 sufficienter
1031 2609 1149 2672 nempe
1178 2589 1355 2656 scandalum

248 2709 375 2774 tollitur
402 2727 464 2790 per
480 2707 694 2772 remotionem
718 2706 760 2771 ab
781 2705 901 2789 cfficio;
925 2705 1014 2789 quod
1041 2713 1152 2772 autem
1176 2704 1356 2790 delinquens

249 2823 343 2890 sunul
358 2824 505 2907 privetur
524 2821 676 2888 beneficii
692 2823 742 2886 sui
756 2821 927 2899 fructibus,
946 2822 1063 2906 quibus
1078 2821 1165 2886 forte
1182 2823 1257 2888 solis
1268 2824 1356 2888 vitam

250 2945 432 3004 sustentare
443 2939 544 3016 valet,
561 2938 597 3004 id
613 2937 734 3002 nedum
753 2957 884 3020 semper
895 2937 1129 3015 necessarium,
1152 2956 1238 3020 saepe
1259 2955 1357 3003 econ-

248 3063 301 3120 tra
315 3055 400 3121 hono
415 3054 546 3138 publico
560 3055 709 3120 Ecclesiae
727 3053 881 3118 nocivum
901 3052 977 3118 erit.
1002 3050 1098 3118 Unde
1123 3052 1295 3138 siquando
1320 3049 1356 3114 ob

249 3171 405 3254 speciales
428 3171 702 3247 circumstantias,
731 3169 885 3252 expediat
916 3187 991 3236 eum
1016 3176 1051 3233 et
1072 3189 1091 3234 a
1115 3169 1276 3236 beneficio
1295 3185 1357 3232 sus·

249 3287 365 3372 pendi,
389 3286 423 3352 id
438 3288 472 3352 in
482 3289 695 3372 suspensione
713 3289 874 3370 exprimat
892 3287 1089 3369 Episcopus,
1108 3294 1143 3351 et
1161 3301 1356 3372 nequaqnam

249 3403 284 3466 iu
304 3401 514 3486 suspensione
538 3406 576 3466 ab
596 3403 691 3482 afficto
708 3403 869 3467 inclusum
891 3407 1077 3485 reputetur.
1100 3403 1228 3468 Veram
1243 3397 1357 3468 estad·

251 3519 337 3584 mitti
361 3538 381 3583 a
407 3519 598 3597 canonistis,
627 3537 819 3602 suspensum
841 3518 882 3582 ab
901 3515 1003 3584 officio
1026 3537 1096 3584 esse
1121 3518 1185 3584 hoc
1208 3520 1276 3603 ipso
1298 3535 1357 3582 sus

251 3654 389 3718 pensum
402 3655 421 3699 a
435 3634 594 3700 beneficio
612 3642 645 3698 ia
660 3637 815 3698 cananitis
832 3640 1080 3699 atratmstaattts.
1096 3635 1165 3713 Sic,
1190 3635 1281 3702 verbi
1296 3651 1361 3716 gra·

250 3751 306 3830 tis,
317 3753 489 3836 Fagnanus
503 3751 547 3838 (in
563 3755 661 3834 capiat
676 3756 851 3861 Quaesitum,
871 3753 908 3814 dc
920 3753 1059 3816 (lambit.
1073 3754 1174 3817 cleric.
1187 3761 1217 3816 ct
1233 3754 1357 3822 matta..

252 3883 388 3932 numero
404 3865 457 3950 30)
471 3866 605 3932 adnotat
616 3887 808 3952 suspensum
821 3866 862 3932 ab
876 3867 978 3934 officio
994 3871 1120 3933 censeri
1136 3877 1199 3935 eta
1212 3867 1361 3935 beneficio

252 4000 453 4066 suspensum,
473 3989 500 4045 sa
513 3985 572 4047 dno
589 3992 779 4063 cmworroat,
800 3987 950 4065 uidelicet,
970 3994 1005 4048 ut
1020 3990 1060 4050 stt
1075 4005 1237 4067 suspensus
1244 3991 1362 4068 propter

249 4104 361 4164 amnuo
372 4120 476 4182 prave,
494 4108 523 4162 et
535 4106 576 4163 sit
588 4108 622 4165 tn
633 4105 849 4183 moropetaault
864 4105 1090 4166 absolutionem.
1106 4102 1173 4168 Sed
1184 4101 1361 4169 hoodicunt

250 4214 378 4299 praeiati
390 4218 560 4282 canonista
571 4217 613 4283 ob
622 4216 777 4302 quasdam
789 4218 944 4302 speciales
953 4217 1034 4304 juris
1046 4218 1284 4303 dispositiones,
1297 4233 1360 4303 qun

249 4349 305 4398 eas
318 4331 574 4398 circamstantias
588 4335 750 4418 atdngere
762 4333 929 4400 videntur.
948 4334 1043 4400 Unde
1063 4343 1174 4403 manet
1185 4335 1302 4420 regula
1315 4352 1361 4418 ge

248 4447 384 4525 neralis,
411 4465 601 4531 suspensum
615 4449 656 4514 ab
671 4449 795 4527 officio,
813 4471 876 4515 non
899 4471 970 4517 esse
993 4452 1055 4518 hoc
1077 4453 1149 4536 ipso
1168 4473 1187 4518 a
1204 4451 1360 4520 beneflcio
