2948 5126
231 323 272 384 50
572 337 759 422 rmcrrros
780 339 825 404 un
847 337 994 389 runicus

227 460 391 546 corrigere
405 462 549 540 volente,
569 467 639 527 tota
654 470 805 541 remanet
821 459 978 531 faciendae
993 459 1156 550 iudicialis
1173 458 1346 542 denuntia-

226 579 322 644 tionis
336 579 431 644 ratio.
450 583 577 660 (retorto,
600 579 761 664 generalis
785 557 1132 682 consuetudo4legum
1152 577 1276 662 optima
1296 574 1347 640 in·
1435 667 1438 676 Ι

226 701 364 777 terpres,
382 699 433 758 est
447 701 484 759 ut
496 690 599 778 judex
614 692 858 761 adenuntiante
875 713 940 760 non
958 693 1123 776 postulet,
1141 697 1253 762 utrum
1271 690 1349 759 cba-

226 809 389 876 ritatiram
404 808 614 876 monitionem
629 809 840 894 prunn'serit3
862 827 969 894 neque
988 809 1214 894 probationem
1230 806 1273 886 de
1286 807 1350 878 boo

227 918 341 1003 exigit3
357 918 421 984 imo
437 935 511 984 cum
523 924 828 984 secretaremanere
844 914 965 983 debeat
975 917 1162 1004 evangelica
1172 917 1347 996 correctio,

226 1033 268 1100 de
284 1054 322 1099 eo
335 1033 538 1117 interrogare
554 1029 658 1117 judex
671 1052 736 1099 non
750 1037 870 1118 potest.
894 1037 1019 1116 Quinto,
1037 1032 1135 1098 etiam
1159 1030 1203 1101 ad
1220 1031 1352 1099 liceita-

226 1156 293 1216 tem
308 1168 373 1222 non
393 1148 515 1233 requiri
529 1149 682 1232 praeviam
703 1149 913 1216 monitionem
932 1147 1168 1226 charitativam,
1193 1147 1352 1232 gravibus

226 1265 407 1332 rationibus
424 1263 601 1330 concludit.

270 1385 304 1448 3.
325 1379 490 1465 Quidquid
508 1381 550 1446 sit
563 1378 605 1445 de
617 1380 721 1446 allatis
736 1381 888 1470 utrinque
905 1379 988 1466 juris
1007 1381 1165 1462 textibus,
1185 1381 1227 1451 ob
1246 1382 1352 1450 ratio-

226 1508 300 1555 nem
319 1488 434 1552 saltem
449 1487 606 1570 generalis
625 1487 888 1568 consuetudinis,
909 1490 942 1554 in
972 1488 1066 1572 praxi
1090 1506 1152 1574 pro
1178 1485 1287 1564 valida
1316 1496 1354 1562 et

226 1604 314 1669 licita
329 1600 477 1668 habenda
491 1608 541 1667 est
551 1600 711 1686 judicialis
725 1603 938 1683 denuntiatio,
959 1604 1012 1670 oui
1027 1604 1192 1688 praemissa
1203 1624 1270 1675 aon
1283 1603 1357 1675 fuit

226 1719 413 1802 evangelica
428 1719 573 1784 monitio.
586 1717 680 1784 Unde
693 1718 957 1803 questionihuia
974 1719 1146 1788 brevitatis
1159 1739 1268 1800 causa,
1283 1739 1354 1786 non

229 1834 379 1900 duximus
392 1832 640 1900 immorandum.

736 2090 752 2162 5
776 2085 846 2149 VII.

250 2319 339 2378 Quibus
366 2319 390 2367 in
420 2315 531 2376 casibus,
549 2327 595 2364 non
623 2319 711 2363 uotum
737 2313 833 2374 possit,
860 2312 901 2362 scd
929 2322 951 2362 et
980 2283 1083 2366 teneatur
1113 2318 1166 2380 quis
1190 2316 1340 2379 iudicialiter

714 2404 858 2455 denuntiare,

279 2635 382 2704 Valde
399 2632 537 2700 difficilis
552 2639 588 2698 et
600 2631 752 2697 intricate
768 2633 902 2698 materia
917 2633 985 2700 hoeo
997 2634 1039 2702 de
1056 2603 1250 2721 obligatione
1264 2637 1360 2725 judi-

235 2752 362 2820 cialiter
374 2746 597 2816 denuntiandi.
612 2747 690 2811 llam
705 2765 745 2812 ex
756 2747 904 2830 professo
920 2756 953 2814 et
968 2749 1070 2816 fusius
1088 2755 1215 2818 ceteris
1231 2761 1360 2822 tracta-

236 2865 450 2938 vitBonaeina
461 2861 638 2950 (snbfinem
646 2861 781 2927 secundi
791 2863 880 2943 tomi,
895 2864 1153 2950 disputationess,
1163 2889 1237 2953 pag.
1252 2875 1357 2952 1102,
1464 2931 1465 2938 ,

238 2981 341 3048 editio
354 2977 504 3062 Lugduni
522 2975 632 3063 1629).
648 2979 785 3043 Brevius
803 2981 980 3063 expositam
1006 2985 1151 3066 reperies
1170 2986 1258 3070 apud
1280 3007 1362 3054 san·
1464 3001 1465 3060 ξ

239 3105 328 3164 ctum
350 3095 513 3178 Ligarium
535 3091 630 3180 (libro
655 3097 690 3171 l,
707 3111 778 3176 cap.
798 3092 843 3180 3).
858 3095 953 3188 Apud
966 3100 1145 3165 canonistas
1159 3110 1282 3182 autem,
1300 3106 1362 3172 ubi
1464 3069 1465 3090 Χ

238 3209 370 3276 titulum
387 3212 417 3286 1,
428 3206 505 3272 libri
522 3209 540 3270 5
557 3205 770 3272 decretalium
784 3209 970 3292 explanant.
983 3211 1080 3294 Quod
1098 3234 1156 3280 nos
1179 3236 1362 3302 argumen-

239 3324 356 3396 tumst
379 3322 539 3395 vellemus
563 3341 624 3406 per
647 3321 772 3411 singula
795 3324 925 3406 penitus
943 3325 1064 3407 rimari,
1083 3327 1209 3414 longius
1231 3345 1364 3418 praeter

216 3481 219 3486 Α
240 3456 375 3524 agapam
392 3436 561 3520 presentis
572 3435 774 3502 mactationis
790 3438 1066 3520 pertraheremnr.
1088 3443 1257 3532 Pracipna
1276 3472 1363 3539 ergo

241 3555 411 3630 dumtaxat
428 3551 535 3635 capita
548 3549 600 3615 bic
614 3550 819 3634 attingemus,
833 3557 1088 3644 unumquodque
1110 3567 1223 3644 postea
1237 3567 1273 3631 in
1288 3571 1365 3636 aliis

240 3669 434 3738 tractatibus
448 3687 507 3734 sno
524 3668 558 3732 in
567 3667 642 3732 loco
651 3665 755 3732 fusius
768 3671 958 3751 exposituri.
978 3673 1139 3756 Quaelibet
1150 3686 1260 3747 autem
1274 3685 1365 3753 obli·

242 3786 372 3873 gatoriae
387 3783 649 3850 denuntiationes
662 3780 706 3846 ad
720 3783 885 3867 triplicem
894 3786 1019 3856 fontem
1032 3793 1152 3860 referri
1165 3815 1262 3882 posse
1281 3804 1364 3870 visae

242 3909 334 3977 sunt:
356 3898 464 3984 adjus
479 3897 603 3964 scilicet
623 3898 782 3974 naturale,
802 3899 909 3985 adjus
924 3907 1099 3988 positivum
1117 3931 1303 3997 commune,
1328 3929 1366 3986 et

242 4018 284 4085 ad
296 4017 348 4102 jus
358 4014 532 4099 positivum
546 4011 751 4095 particulare,
764 4013 850 4080 idest
865 4017 908 4084 ad
923 4023 1095 4090 monitoria
1109 4025 1365 4102 ordinariorum
1463 4091 1464 4110 ,

243 4137 418 4218 qnaoerta
429 4127 564 4194 crimina
573 4125 759 4193 denuntiari
772 4132 974 4215 praecipiunt.
1038 4105 1041 4112 ⁴
1463 4123 1464 4144 ¹
