2836 5118
407 393 410 400 .
485 351 566 400 rens
587 351 746 402 sedunum
1105 337 1167 402 rot

85 543 88 552 ,
111 474 182 541 ltent
207 479 360 552 notetur,
386 475 421 542 iu
442 473 629 560 hujusmodi
649 473 828 546 levioribus
852 475 956 545 enen
980 493 1046 544 mu
1067 475 1171 545 tutori

79 584 248 672 lpiseopum
267 595 381 657 eoutm
400 589 623 658 interventum
641 589 900 673 metropolitane
918 588 1037 668 eune,
1065 608 1108 657 ex
1128 609 1170 658 eo

77 700 147 768 titulo
160 702 250 788 qtrod
265 724 305 768 ee
324 708 489 787 insensatu
508 711 687 770 mosetto
704 705 911 789 proeesserit.
933 705 1013 776 Num
1031 703 1171 789 duplieis

21 799 26 814 ’
76 813 224 884 demutet
232 821 363 902 generis
375 819 554 886 sententies
566 825 676 904 potest
685 820 863 904 lipiseopus
876 837 916 884 ee
929 822 1170 901 informatorem·

74 938 187 1011 motio,
205 953 265 1000 seu
278 934 313 1000 iu
328 934 395 1000 vim
409 934 525 1019 ospitis
536 939 613 1002 Curre
629 936 780 1000 honestius
797 933 840 1020 (i,
859 952 938 1000 sess.
967 930 1019 1017 ld)
1036 933 1170 1002 Ttt'deu·

73 1046 129 1112 tine
141 1048 271 1134 synodi,
289 1049 440 1133 prolerre
460 1073 467 1116 :
483 1052 702 1132 prohibitiones
719 1050 843 1118 seilicet
855 1048 1171 1134 suseipiendimeros

73 1161 192 1242 ordines,
211 1173 247 1231 et
271 1171 511 1248 mepenstnwsn
530 1165 693 1250 susceptis
715 1165 831 1250 iisdem
848 1163 1042 1234 ordinibus:
1063 1166 1171 1250 equi·

71 1278 117 1344 bus
129 1266 264 1366 quidem
276 1282 549 1366 prohibitionibus
567 1289 602 1348 et
621 1282 886 1366 suspensionibus
910 1299 976 1348 non
998 1281 1098 1348 detur
1114 1299 1171 1365 ep·

69 1395 178 1476 pollutio
193 1395 238 1462 ud
248 1397 547 1480 Metropolitanum,
565 1396 624 1464 sed
641 1413 797 1464 recursem
810 1396 980 1464 dumtaxat
993 1394 1036 1462 ud
1051 1393 1170 1464 oeten

68 1507 277 1592 ipostobeem.
295 1511 359 1578 Sed
380 1511 541 1596 ejusmodi
563 1511 797 1597 prohibitiones
820 1518 855 1578 et
881 1511 1110 1595 suspensiones
1127 1509 1171 1578 de

68 1625 244 1707 purissimis
265 1626 370 1694 nmis
390 1634 478 1702 sunt,
499 1647 565 1694 nou
583 1627 626 1694 de
640 1627 829 1694 levioribus.
850 1626 946 1698 Unde
969 1633 1118 1692 remanet
1136 1627 1171 1690 in

66 1738 225 1810 lotionibus
250 1743 363 1821 euueis,
377 1761 443 1809 non
456 1761 550 1826 pome
568 1743 765 1827 Episcopum
789 1760 955 1826 opponere
977 1741 1170 1825 metropoli·

65 1862 130 1925 iture
144 1858 256 1936 oum,
272 1857 315 1924 ed
331 1877 429 1943 mem
444 1858 645 1943 appellatum
659 1863 721 1936 est,
739 1856 1034 1943 ineompetentlem.

97 1973 176 2040 Dum
206 1981 318 2042 eutem
348 1972 489 2040 dixirim
520 1973 774 2058 appellationem
799 1973 842 2038 iu·
860 1971 965 2038 osusis
992 1969 1170 2038 levioribus

64 2084 168 2158 htbero
192 2087 349 2158 effoetum
372 2092 596 2171 suppresionem,
616 2085 803 2154 addidimus
821 2089 1027 2169 repulerimu-
1049 2087 1170 2154 nemsi

63 2200 134 2270 forte
153 2204 335 2288 lipisoopus
349 2203 545 2288 prooesserit
567 2208 601 2268 to
623 2208 810 2280 mutauere,
838 2203 891 2268 vel
912 2219 973 2286 pro
989 2209 1169 2271 eorreetioue

61 2337 171 2400 mmm,
196 2321 424 2387 ineonoussum
442 2326 592 2386 remanet
615 2317 706 2403 quod
724 2335 825 2403 supra
842 2317 1056 2386 stabilivimus
1064 2340 1074 2402 ;v
1087 2325 1168 2385 tune

62 2435 166 2502 oileet
178 2434 511 2520 dorieppellmionem
522 2433 693 2500 dumttxet
704 2431 911 2500 adeffeetnn
924 2431 1164 2510 devolutitum,

60 2567 110 2616 non
127 2556 238 2618 summ
254 2548 551 2634 nd-snepemivnn.

92 2667 239 2748 Qnmno
257 2668 322 2732 11².
340 2699 386 2716 --
403 2669 452 2730 An
472 2668 562 2730 octor
582 2666 748 2746 putueo
764 2683 785 2726 a
802 2645 951 2728 emuncta
959 2663 1076 2744 jutum
1089 2663 1167 2726 oete

59 2787 123 2860 poti,
140 2787 188 2846 eui
204 2799 297 2846 causo
312 2785 469 2844 oommtssu
482 2786 528 2844 ert
544 2797 611 2846 eom
624 2781 772 2857 oluumlu,
790 2782 872 2844 omri
892 2778 1094 2860 appellum
1116 2794 1164 2840 re-

58 2900 197 2960 motol-
211 2894 379 2979 Contingit.
391 2891 572 2960 identidem
586 2899 624 2958 ut
639 2893 789 2958 Summus
803 2891 955 2958 Pontifex
971 2909 1101 2958 oausam
1113 2890 1166 2976 ju·

58 3007 214 3080 dicendem
244 3011 341 3080 elioui
369 3010 560 3087 committet,
581 3005 793 3078 deoerneudo
818 3007 986 3084 tinniet
1007 3005 1050 3072 eb
1065 3005 1165 3090 ipsius

59 3127 207 3195 enuntio
224 3127 314 3195 nulle
337 3125 438 3196 detur
460 3123 655 3208 appelleti03
671 3141 734 3206 pro
754 3139 820 3208 quo
838 3121 958 3209 uppem
974 3120 1058 3188 solet
1077 3121 1166 3191 oleu-

57 3242 115 3308 snle
135 3249 215 3310 oret
233 3245 437 3332 oppellutiooe
459 3249 585 3308 murum.
603 3240 709 3322 Quem
727 3245 837 3307 tumen
860 3235 1036 3305 clausulam
1055 3236 1164 3305 nullm

55 3367 161 3442 preter
177 3361 301 3444 Pupam
321 3357 512 3424 Ordinorius
529 3358 562 3422 in
579 3353 761 3440 detegendo
776 3352 933 3420 adbibere
950 3357 1070 3436 potest,
1088 3367 1163 3416 eum

56 3474 90 3540 od
99 3475 357 3560 boo-requiretur
371 3479 527 3556 potestas,
543 3472 619 3556 ipsis
628 3471 754 3555 legibus
762 3467 1002 3538 universalibus
1011 3465 1094 3552 (que
1106 3485 1163 3550 ep-

55 3591 249 3672 pelletionem
264 3585 462 3673 concedunt)
479 3587 639 3672 superior.
661 3587 803 3668 Quesuo
816 3600 898 3670 ergo
913 3591 976 3660 est,
998 3581 1161 3668 quemou

54 3706 130 3790 Pepe
142 3705 414 3777 abeuieonmisse
428 3711 479 3772 est
497 3721 602 3772 censos
624 3702 775 3770 definitio
793 3719 867 3770 oum
882 3697 1050 3767 additione
1065 3696 1160 3764 dietae

54 3821 200 3904 tenue,
217 3841 272 3900 nn,
284 3839 350 3888 uon
366 3820 515 3888 obeunte
533 3818 594 3884 bae
609 3818 765 3896 eumne,
778 3816 881 3902 pessit
895 3813 1003 3886 adhue
1017 3812 1162 3899 appelle-

53 3934 90 4006 lio
102 3934 250 4021 interjiei.

90 4053 120 4116 1⁰
135 4051 229 4119 llietu
243 4047 388 4118 oleusule
406 4067 471 4114 non
492 4045 632 4132 impedit
649 4044 901 4130 appellationem
917 4044 952 4112 in
964 4043 1003 4113 iis
1020 4041 1157 4124 ossibus
1185 4083 1187 4088 ·

53 4183 103 4248 pm
116 4167 231 4252 quibus
246 4165 422 4252 appellatio
438 4185 577 4262 expresse
588 4163 701 4250 injttre
711 4163 925 4248 permittitur.
942 4162 993 4232 Ita
1011 4158 1162 4229 doetoms

52 4284 234 4352 unanimiter
253 4289 311 4352 :et
334 4287 462 4350 mustei
482 4301 524 4350 ex
554 4281 713 4350 decretali
737 4283 912 4348 Pastorolts
935 4277 1001 4366 (tt,
1025 4278 1077 4347 tit
1102 4278 1157 4372 28,

52 4397 101 4466 lib.
126 4397 304 4485 tdeeret.)
328 4399 522 4468 Innooentii-
535 4399 595 4466 III.
627 4398 708 4466 (lum
731 4398 818 4468 enim
843 4417 862 4462 a
886 4394 977 4466 dieto
1001 4391 1164 4464 Pontifioe
