2914 5122
534 405 613 454 rsus
635 407 794 456 securos.
1160 381 1219 457 mr

120 531 143 594 in
161 529 231 614 jure
250 529 394 596 Romano
417 528 634 596 determinata
657 533 1074 616 nonreperiatur,min1m
1089 543 1221 600 nonest

118 647 219 712 multas
230 645 337 712 adhuc
348 655 436 714 ortus
449 647 548 712 fnisse
565 650 744 715 Innocentii
759 651 806 714 ill
820 658 969 734 tempore
987 649 1217 728 dubitationes,

116 763 244 828 etamsi
264 763 329 849 jam
351 763 392 829 ab
414 763 577 849 aliquanto
595 773 744 849 tempore
760 767 793 830 in
813 785 874 831 usu
899 767 997 833 foret.
1024 765 1121 832 Unde
1136 766 1221 852 ejus·

115 879 190 945 nodi
205 880 436 959 dubitationes,
457 881 518 947 etsi
536 899 602 946 non
617 881 701 948 udeo
717 885 881 966 antiquam
896 883 1033 950 innuant
1049 901 1220 967 processus

114 997 293 1080 inquisitorii
306 999 456 1079 formam,
471 1007 537 1063 non
550 1006 660 1064 tumen
673 999 814 1082 probant
830 997 870 1064 ab
885 1000 957 1083 ipso
972 999 1159 1067 Innocentio
1172 1001 1220 1064 ill

113 1109 276 1179 inductam.

147 1235 292 1310 (tamtum
316 1241 524 1313 arqurucotum
540 1254 551 1295 .·
567 1230 655 1317 qnod
670 1234 775 1316 capite
795 1236 833 1297 17
854 1230 954 1317 (citati
970 1229 1068 1314 tituli)
1085 1230 1127 1296 de
1144 1248 1219 1316 pro·

111 1361 189 1409 cesso
204 1345 409 1430 inquisiton‘o
424 1345 562 1424 dixerat,
581 1347 769 1414 confirmata
785 1347 889 1413 voluit
903 1345 1111 1412 Innocentius
1125 1347 1172 1411 lll
1184 1349 1218 1414 iu

110 1463 232 1528 concilio
247 1465 393 1546 generali
406 1465 481 1528 anni
497 1467 595 1548 12163
611 1462 699 1548 quod
714 1461 837 1528 indicat
852 1463 1106 1548 compescendos
1118 1463 1217 1528 fuisse

109 1586 207 1646 contra
225 1581 275 1646 rei
289 1569 467 1648 nuditatem
491 1582 724 1647 oblocutiones.
746 1619 791 1629 —-
807 1579 1039 1666 Respondetur
1063 1603 1069 1646 :
1093 1581 1217 1647 etiarnsi

109 1697 191 1760 nulla
204 1698 351 1762 oriantur
362 1697 594 1773 oblocutiones
609 1702 718 1782 potest
729 1697 843 1782 aliquis
852 1697 1004 1762 Pontifex
1018 1695 1215 1762 decretalem

107 1811 250 1896 aliquam,
267 1813 302 1877 in
318 1813 454 1879 concilio
473 1813 632 1897 generali,
652 1811 694 1878 ad
710 1813 938 1878 solemniorem
951 1813 1052 1896 ipsius
1071 1812 1216 1895 publica-

107 1927 219 1992 tionem
234 1937 269 1993 et
284 1930 533 2012 evulgationem‚
552 1929 774 1996 confirmatam
787 1929 886 2014 velle3
902 1928 990 1994 unde
1002 1949 1043 1993 ex
1056 1925 1217 2013 ejusmodi

108 2041 186 2108 iacto
200 2044 278 2111 nihil
296 2045 467 2128 probatur.

146 2163 354 2241 Arqomeotum
372 2168 508 2243 quintum
525 2184 535 2226 :
554 2163 707 2245 incapite
724 2163 820 2227 unico
846 2167 887 2226 Ut
909 2165 1106 2225 aedesius-tica
1129 2163 1215 2224 berte

107 2274 169 2352 ficio
189 2285 250 2341 stne
269 2281 345 2342 dtas.
365 2281 458 2360 cons,
477 2277 592 2344 debuit
610 2278 819 2344 innocentius
844 2280 890 2343 lli
910 2297 999 2344 suam
1022 2278 1216 2363 inquisitorii

107 2407 263 2472 processus
292 2395 527 2459 institutionem
559 2403 671 2460 contra
700 2392 945 2460 mediolanensis
974 2393 1214 2478 archiepiscopi

107 2505 293 2592 objectiones
303 2511 423 2575 iterum
437 2507 630 2576 defendere.
641 2549 687 2559 -
697 2509 926 2595 Respondetur
941 2533 948 2577 :
962 2511 1071 2595 siquis
1083 2512 1212 2576 citatam

107 2621 293 2692 decretalem
305 2627 433 2711 legerit,
448 2625 574 2694 ridebit
583 2627 628 2692 ibi
640 2629 692 2712 agi
704 2627 747 2693 de
758 2625 855 2694 valde
868 2628 1017 2693 intricata
1029 2629 1103 2711 lite;
1115 2645 1211 2712 quum

107 2743 293 2808 acutissimus
315 2743 468 2809 Pontifex
486 2744 580 2809 solita
604 2741 780 2826 prudentia
796 2741 936 2827 dirimit3
959 2761 1024 2808 non
1046 2751 1155 2808 autem
1168 2741 1211 2807 ad

107 2863 226 2930 scopum
242 2847 455 2915 aBohemero
471 2851 675 2934 suppositum
692 2867 765 2914 eam
782 2849 981 2916 decretalem
998 2849 1105 2934 dirigi.

144 2965 208 3031 lton
222 2967 299 3032 alias
314 2985 374 3050 ego
390 2967 532 3033 rationes
551 2967 698 3050 reperire
717 2967 821 3051 potui,
837 2967 954 3052 quibus
968 2965 1215 3032 demonstretur

106 3077 300 3148 Innocentius
325 3079 371 3147 lli
390 3082 599 3168 inquisitoris
626 3082 737 3148 forme
757 3081 911 3149 inductor
927 3091 963 3146 et
982 3098 1110 3166 ponens.
1128 3077 1214 3147 Cu·

106 3212 173 3279 ergo
195 3217 239 3263 ese
259 3198 355 3283 plena
375 3199 408 3263 vi
430 3197 473 3263 ad
496 3196 701 3282 probandum
726 3198 848 3281 pollere
873 3215 938 3263 non
970 3197 1154 3274 videantur,
1173 3197 1215 3261 irr

105 3309 211 3380 hancce
226 3316 334 3399 potius
350 3316 599 3393 conclusionem,
618 3315 707 3381 salvo
732 3314 915 3380 doctiorum
940 3313 1073 3399 judicio,
1093 3313 1210 3379 lubens

106 3425 206 3495 iverim
225 3452 231 3496 :

143 3550 170 3612 t.
187 3547 405 3634 inquisitionis
420 3549 488 3627 via,
508 3549 605 3615 etium
625 3548 827 3633 abantiquo,
845 3545 989 3613 adhibito
1004 3547 1102 3612 fuisse
1118 3545 1210 3614 vide·

104 3668 165 3746 tur3
177 3669 245 3730 tum
257 3666 290 3729 in
306 3667 409 3729 causis
425 3663 514 3742 fidei,
532 3671 604 3729 turn
621 3666 717 3730 etiarn
736 3664 823 3730 forte
838 3665 871 3728 in
888 3662 1125 3730 visitationibus
1138 3664 1214 3746 epi-

103 3783 287 3865 scopalihus,
306 3791 377 3848 tum
398 3781 530 3849 demum
552 3782 683 3868 quando
702 3783 824 3849 clamor
843 3782 993 3866 publicus
1016 3780 1059 3846 de
1079 3789 1212 3864 penato

103 3891 210 3964 delicto
218 3905 464 3982 tuntuserat,ut
473 3899 709 3964 remnotoriom
720 3905 776 3962 aut
784 3899 875 3983 qnasi
883 3897 1042 3963 notorium
1051 3896 1206 3963 efficeret.
1306 3994 1309 3999 Ι
1407 3940 1409 3944 -

139 4015 169 4078 2.
180 4013 226 4080 Ab
241 4035 308 4081 uno
324 4016 454 4081 circiter
467 4023 541 4081 ante
558 4017 782 4082 Innocentium
796 4015 845 4079 Ill
859 4014 986 4092 seculo,
1006 4013 1213 4100 frequentior

102 4129 243 4207 puuldtim
259 4141 408 4198 evaserat
423 4129 539 4198 eadem
553 4131 756 4216 procedendi
771 4131 886 4210 forma,
900 4139 935 4196 et
946 4129 989 4195 ad
1000 4148 1096 4196 omne
1112 4145 1211 4215 gene·

101 4246 202 4314 raliter
227 4249 381 4316 delictum
408 4257 542 4316 extensa
567 4247 693 4329 fuerat,
716 4247 812 4314 modo
836 4247 986 4314 notabilis
1011 4247 1054 4313 de
1073 4247 1213 4314 ommino

101 4365 304 4440 processisset
326 4363 521 4446 diffamatio,
548 4381 619 4451 quae
641 4365 838 4432 accusatoris
852 4361 1211 4448 condemnatorum

101 4489 212 4559 ageret.
