2848 5118
417 353 420 360 ’
488 357 567 406 rans
588 356 746 432 reconna.
1031 334 1033 338 ’
1108 345 1168 408 177

94 501 106 537 a
118 473 210 562 erigit,
225 488 260 545 ut
274 481 316 546 de
328 481 441 547 harum
453 484 682 566 exceptionum
696 483 836 547 veritate
847 489 974 551 constet
982 491 1016 548 et
1030 483 1172 566 pronun·

93 597 211 674 uitiatur,
227 605 397 682 antequam
410 597 513 682 judex
529 596 571 663 ad
587 597 742 664 ulteriora
755 596 922 682 procedat.

125 734 138 772 a
153 709 255 797 Neque
267 713 374 778 obstat
383 713 443 778 lex
459 717 497 778 In
509 715 731 796 exceptionibus
747 713 813 799 (19,
835 712 868 778 il.
886 717 924 778 de
935 713 1088 800 Prodat),
1105 716 1167 782 ibi:

90 835 294 909 «exceptionem
307 833 484 894 dilatoriam
499 835 608 911 opponi
623 831 741 910 quidem
760 833 859 905 initio,
874 831 1000 912 probari
1013 851 1082 894 cero
1090 840 1172 914 post-

89 965 101 1002 a
113 963 189 1025 pam
196 954 275 1010 actor
283 937 497 1010 monstraverit
504 949 583 1027 qnod
592 951 755 1024 asseverat,
768 953 899 1027 oportet:
913 965 986 1010 nam
997 944 1174 1013 dicendum

89 1066 221 1126 «textum
232 1062 316 1127 hune
327 1080 399 1127 esse
416 1061 617 1138 mendosum,
627 1068 661 1126 et
671 1078 731 1144 pro
739 1045 926 1139 dilatoriam,
938 1063 1112 1146 legendum
1119 1085 1174 1147 pe-

87 1187 299 1259 «canpto-iam,
316 1187 354 1244 ut
364 1177 500 1261 proinde
514 1197 579 1244 non
591 1176 719 1243 differat
734 1197 752 1242 a
766 1178 839 1261 lege
850 1183 1110 1262 Pranrtpttonm
1126 1180 1170 1266 (8,

87 1311 134 1356 ac.
148 1297 181 1358 de
195 1293 449 1379 Excepttonitns).
468 1294 563 1359 Ratio
577 1300 637 1372 est,
656 1294 730 1379 quia
745 1295 849 1358 sinon
866 1302 916 1360 est
932 1313 1063 1360 necesse
1078 1315 1175 1361 exce·

86 1409 222 1490 «purnes
241 1410 408 1476 dilatorias
426 1411 556 1495 probari
570 1419 645 1476 ante
664 1411 932 1476 contestationem
948 1411 1028 1490 litis,
1046 1413 1177 1495 ineptis·

84 1524 177 1592 «sime
199 1526 389 1593 dicerentur
411 1530 579 1606 dilatoriam
594 1543 700 1610 neque
723 1525 810 1591 enim
834 1523 985 1592 different
1004 1525 1171 1611 judicium,

83 1640 268 1708 «sedsolum
285 1643 492 1709 sententiam.
511 1643 572 1707 Vel
591 1643 617 1705 si
630 1642 702 1726 quis
713 1641 855 1725 refugiat
872 1642 953 1706 hanc
970 1641 1052 1728 juris
1067 1663 1176 1710 corre·

16 1793 18 1842 t
82 1779 95 1816 u
107 1759 245 1838 ctionem,
264 1758 375 1824 dicere
393 1778 469 1824 cum
493 1757 562 1823 aliis
581 1764 690 1841 potest
705 1757 751 1822 ihi
770 1775 955 1824 sermonem
976 1777 1046 1823 esse
1065 1756 1107 1824 de
1121 1777 1178 1823 exa

16 1849 17 1868 Χ
82 1874 298 1957 «captionibus
313 1875 473 1964 dilatoriis
488 1879 821 1956 qnoesnntintentionts
834 1879 960 1956 attacti,
977 1891 1176 1961 nempequae

80 1988 141 2054 «ad
157 1993 272 2057 merita
285 2009 390 2057 cause
406 1991 588 2074 pertinent;
602 1989 691 2057 unde
709 1990 806 2056 etiam
822 1998 894 2073 post
908 1993 1179 2058 contestationem

79 2105 159 2171 alitis
172 2107 402 2173 admittuntur.
422 2129 439 2167 a
461 2104 771 2192 (schmalzgrueber,
791 2107 824 2170 in
842 2107 899 2172 tit.
925 2110 979 2185 25,
998 2108 1105 2174 libri2
1125 2109 1179 2175 de-

77 2230 158 2301 cret,
174 2243 208 2287 n.
224 2221 297 2307 32.)

109 2338 254 2418 Qnmsrlo
272 2343 338 2405 toa.
355 2375 401 2388 --
418 2343 501 2420 (inid
514 2346 687 2421 requiratur
700 2347 736 2402 nt
751 2347 860 2422 apponi
870 2347 968 2422 possit
983 2350 1119 2424 exceptio
1133 2350 1179 2406 ret

68 2453 283 2528 nammat-
297 2475 312 2512 a
327 2450 521 2534 Respondeo
537 2471 543 2516 :
558 2459 596 2515 ut
611 2452 737 2516 utiliter
756 2453 878 2535 opponi
900 2453 1018 2536 possit,
1036 2451 1097 2518 tria
1119 2454 1178 2520 de-

76 2565 171 2632 nbcnt
194 2565 396 2635 concurrere
419 2587 427 2632 ε
451 2572 534 2633 l⁰ut
558 2567 674 2634 eadem
700 2587 753 2633 res
776 2576 927 2652 petatur;
949 2573 983 2633 2⁰
998 2577 1035 2635 nt
1060 2569 1175 2636 eadem

74 2685 224 2766 «petendi
241 2703 408 2751 causaseu
428 2684 543 2750 eadem
558 2685 640 2750 ratio
656 2684 779 2769 subsit3
800 2688 835 2750 3⁰
848 2685 1016 2752 utendam
1034 2685 1180 2754 conditio¹

73 2815 306 2881 «personarum
323 2807 507 2868 concurrat.
524 2824 540 2862 n
562 2799 872 2887 (schmalzgrueher,
890 2804 923 2867 in
941 2803 993 2868 tit.
1014 2803 1138 2882 15,111>.
1153 2807 1174 2870 1

71 2911 199 2996 decrat,
215 2939 252 2983 n.
274 2915 345 3002 47.)
797 2935 799 2940 '

103 3031 251 3128 Quosne
269 3036 333 3098 11⁸.
351 3067 396 3080 --
412 3036 563 3113 Quomodo
580 3037 719 3115 facienda
731 3040 774 3098 sit
788 3041 921 3117 exceptio
937 3047 1174 3103 excommnnica-

66 3152 169 3213 tionis?
182 3187 230 3200 --
249 3177 261 3206 a
280 3148 497 3232 Respondeo:
517 3147 646 3216 duobus
659 3148 765 3216 modis
779 3152 899 3235 opponi
914 3160 1033 3236 potest,
1046 3173 1172 3238 perem-

66 3285 78 3324 a
93 3267 193 3347 ptorie
210 3274 248 3332 et
260 3263 421 3332 dilatorie.
442 3269 561 3331 Prtorts
575 3267 759 3352 exemplum
772 3275 832 3345 est,
852 3267 981 3352 quando
995 3273 1173 3354 opponitur

66 3378 126 3444 «ad
139 3382 293 3448 effectum
308 3381 497 3448 annullandi
510 3384 703 3449 electionem
722 3385 777 3450 rel
795 3385 1000 3451 collationem
1020 3387 1169 3454 beneficii

64 3520 77 3558 a
91 3497 204 3566 iactam
218 3503 497 3567 excommunicato
514 3523 522 3566 ε
534 3509 722 3584 posterioris,
734 3502 864 3587 quando
876 3497 1052 3586 opponitur
1065 3485 1182 3572 actori*

63 3619 172 3703 «quod
191 3617 363 3705 injudicio
383 3627 469 3686 stare
493 3639 559 3684 non
577 3621 690 3703 possit,
712 3621 788 3706 quia
806 3621 922 3706 majori
942 3629 1166 3691 exeommuni-

64 3738 208 3802 untione
219 3736 339 3820 ligatus
352 3741 414 3800 est.
433 3757 449 3796 a

98 3851 201 3918 Porro
218 3854 303 3917 circa
323 3849 455 3916 modum
476 3854 699 3935 exceptionem
713 3852 795 3917 hano
813 3853 1015 3937 opponendi,
1031 3865 1065 3923 et
1088 3859 1165 3926 elie·

62 3972 143 4032 ctum
157 3967 244 4033 illios
263 3963 495 4051 persequendi,
516 3967 684 4051 sequentia
701 3967 843 4032 notanda
863 3977 939 4034 sunt
957 3993 963 4036 :
988 3975 1019 4035 1ο
1035 3976 1091 4058 qui
1107 3995 1165 4061 op·

59 4075 174 4161 ponere
190 4103 261 4148 eam
280 4083 363 4159 vult,
381 4081 483 4147 debet
494 4083 592 4164 ipsius
606 4085 941 4172 excommunicationis
958 4089 1113 4170 speeiem,
1130 4099 1165 4158 et

58 4212 170 4263 nomen
189 4199 514 4264 excommunicatoris
534 4199 728 4282 exprimere,
747 4219 883 4285 eamque
899 4204 983 4268 intra
1000 4214 1077 4270 octo
1094 4205 1164 4274 dies

58 4312 213 4393 probare;
230 4307 422 4398 alias'judex
439 4311 597 4397 procedet
611 4316 643 4377 in
654 4333 760 4391 causa,
778 4324 813 4381 et
828 4317 1041 4400 excipientem
1058 4323 1091 4386 in
1108 4343 1178 4388 ex··

57 4442 168 4507 pensas
183 4427 423 4507 condemnabit,
441 4437 478 4495 ut
494 4429 636 4496 habetur
651 4431 757 4513 eapite
770 4435 830 4498 Pto
850 4433 895 4518 (l,
916 4437 953 4497 de
972 4439 1164 4519 deceptioni-

196 4543 225 4601 ll.
1026 4551 1060 4606 12
