2848 5118
504 347 583 396 ΗΜ
605 349 765 398 suemus.

586 611 649 686 51.

368 844 430 901 Quid
441 847 489 894 sint
501 848 639 908 positiones,
653 849 745 898 articuli
760 856 783 899 ct
796 851 906 914 capitulo.

127 1072 152 1132 1.
173 1069 290 1136 Positio
308 1069 464 1139 definitur
479 1095 497 1138 a
512 1075 733 1157 speculatore,
755 1077 899 1142 «brevis
924 1076 1100 1146 verborum
1117 1081 1186 1148 for-

88 1184 206 1263 «mula
225 1195 368 1252 mentem
383 1191 533 1270 ponentis
544 1192 722 1270 continens,
737 1190 780 1258 ad
797 1195 972 1259 veritatem
991 1194 1184 1261 eliciendam

88 1324 99 1358 a
114 1309 272 1385 concepta.
293 1327 309 1363 o
329 1303 379 1388 (ln
396 1301 526 1369 rubrica
542 1309 579 1368 de
598 1309 812 1387 Positionibas,
837 1313 852 1386 5
877 1311 905 1386 1,
919 1328 952 1372 n.
975 1308 1017 1393 Ι.)
1036 1311 1185 1378 APclle·

84 1416 161 1495 grino
174 1416 368 1482 describitur
387 1441 393 1483 :
422 1443 438 1480 α
457 1421 570 1486 Brevis
586 1421 746 1500 -narmtio,
765 1421 843 1486 iacti
866 1423 984 1488 seriem
1001 1425 1180 1503 continens,

86 1554 98 1588 ι
115 1530 152 1594 ad
164 1532 352 1598 eliciendam
369 1539 540 1599 veritatem
552 1544 718 1618 concepta.
735 1559 751 1596 u
765 1537 890 1622 (Procris
908 1543 1022 1619 Vtoor„
1041 1547 1134 1623 parte
1150 1543 1181 1618 2,

84 1654 150 1710 sect.
169 1650 200 1726 2,
218 1648 359 1713 subsect.
374 1649 406 1728 l,
422 1669 455 1713 n.
473 1647 519 1732 9.)
545 1650 670 1715 Clarius
689 1651 1002 1736 Schmalzgruober:
1023 1679 1038 1716 a
1053 1661 1184 1720 Positio-

84 1785 96 1818 ι
110 1783 155 1826 nes
181 1763 337 1829 dicuntur
362 1765 481 1830 breves
505 1766 652 1849 quadam
689 1769 890 1833 narrationes
912 1789 970 1834 seu
990 1771 1183 1835 assertiones

83 1879 234 1964 «ancujus
252 1881 348 1958 facti,
369 1880 411 1945 ad
438 1901 567 1946 cansam
595 1891 839 1948 controversam
856 1886 1064 1978 pertinentis,
1083 1905 1183 1968 super

82 2017 94 2053 a
106 2013 163 2079 quo
176 1997 301 2078 petitur
316 1995 357 2062 ab
373 1995 560 2061 adrersario
571 1997 778 2082 responderi;
795 1997 893 2084 idque
905 1999 979 2065 ideo
992 2007 1029 2065 ut
1043 2019 1177 2084 ponens,

81 2112 166 2178 «sive
185 2120 289 2188 octor,
309 2112 351 2178 ab
367 2132 465 2178 onere
482 2113 652 2196 probandi,
672 2134 732 2198 per
757 2115 996 2182 confessionem
1023 2116 1180 2183 adversa·

81 2227 150 2304 arii,
169 2228 347 2294 relevetur.
371 2229 419 2293 Ex
436 2228 484 2294 his
506 2229 726 2311 positionibus,
748 2233 872 2294 articuli
892 2231 1106 2315 appellantur
1132 2250 1177 2296 eae

80 2343 273 2424 «positiones
294 2362 374 2428 quas
395 2362 471 2408 reus
496 2350 608 2427 negot,
630 2351 665 2410 et
678 2351 916 2431 consequenter
934 2353 1025 2413 ector
1040 2346 1178 2429 probare

80 2456 200 2524 adebet
218 2481 226 2524 :
247 2465 373 2524 caeterae
398 2457 588 2543 simpliciter
609 2480 727 2527 nomen
751 2461 948 2544 positionum
975 2460 1173 2528 obtinent.»

79 2572 379 2660 (Schmolzgrueber,
395 2576 428 2640 in
441 2578 493 2643 tit.
519 2580 549 2654 5,
564 2575 638 2644 libri
655 2579 674 2641 2
689 2576 795 2656 decr„
814 2597 848 2643 u.
863 2575 908 2660 5.)

114 2689 285 2758 Positiones
299 2711 377 2776 ergo
399 2693 478 2758 nibil
496 2690 585 2758 aliud
603 2700 679 2758 sunt
694 2713 790 2777 quam
811 2700 936 2758 asserta
957 2691 1116 2776 quaedam,
1135 2694 1177 2760 ab

75 2813 132 2869 nno
139 2805 283 2890 litigante
298 2809 483 2890 proposita,
500 2809 534 2873 in
551 2810 636 2874 hunc
654 2808 754 2874 linem
771 2816 811 2874 ut
824 2810 908 2874 alter
922 2806 1050 2890 litigans
1065 2808 1173 2888 dicat,

74 2938 110 2984 an
123 2932 234 3005 neget,
253 2944 295 2988 an
309 2943 390 2989 vero
405 2924 602 2991 confiteatur
616 2946 733 2991 verum
748 2944 817 2992 esse
835 2924 924 3010 quod
944 2925 1110 2990 asseritur.
1128 2926 1176 2992 Ex

74 3053 127 3120 qua
141 3040 269 3106 notione
285 3040 362 3104 satis
376 3048 468 3124 patet
491 3059 587 3126 quam
601 3041 700 3108 utiles
715 3041 779 3107 sint
801 3039 961 3124 ejusmodi
974 3041 1150 3122 positiones
1165 3062 1172 3107 :

74 3171 146 3231 nam,
161 3155 254 3222 verbi
267 3156 381 3239 gratia,
396 3156 423 3220 si
441 3164 542 3234 actor,
562 3157 616 3220 vel
631 3163 799 3238 promotor
814 3155 933 3220 fiscalis
947 3162 1109 3240 proponat
1121 3155 1175 3222 de·

74 3268 328 3355 cembujusmodi
336 3272 520 3354 positiones,
533 3278 567 3336 et
582 3289 657 3336 reus
675 3271 820 3336 fateatur
834 3278 960 3354 septem
979 3290 1050 3336 esse
1066 3291 1170 3349 veras,

74 3386 104 3444 et
115 3388 178 3446 tres
191 3382 364 3448 dumtaxat
377 3383 472 3448 salsas
483 3381 677 3461 contendat,
693 3381 761 3467 jam
777 3402 841 3447 non
856 3401 938 3466 opus
952 3383 1015 3446 erit
1032 3384 1173 3466 probare

74 3491 124 3556 uisi
137 3501 201 3560 tres
216 3494 285 3560 illas
308 3502 458 3578 negatas3
473 3502 601 3577 septem
611 3513 690 3560 vero
702 3494 772 3558 aliae
788 3495 822 3558 in
838 3500 907 3558 toto
926 3512 1079 3577 processu
1102 3503 1174 3560 tan·

74 3624 156 3691 quom
183 3619 281 3677 certae
306 3631 347 3676 ex
364 3613 432 3694 ipsa
455 3612 513 3677 Rei
535 3612 735 3678 confessione
758 3609 977 3676 habebuntur.
1009 3610 1106 3690 Quod
1131 3609 1173 3675 ad

74 3725 198 3792 celerem
216 3747 319 3794 causae
345 3725 587 3810 expeditionem
606 3735 766 3812 quantum
797 3725 966 3803 conferat,
994 3744 1090 3790 nemo
1106 3744 1172 3791 non

74 3838 162 3906 ridet.

111 3957 138 4020 2.
157 3958 291 4024 Articuli
302 3965 379 4024 sunt
394 3979 433 4026 ea
449 3966 581 4036 asserta,
597 3977 736 4044 quorum
752 3958 924 4052 veritatem
943 3977 976 4023 se
994 3959 1079 4024 velle
1100 3979 1172 4044 pro-
1217 4013 1220 4019 .

74 4065 153 4150 bare,
170 4092 228 4155 per
243 4082 345 4140 testes
364 4082 421 4139 aut
444 4075 671 4152 iustrumenta,
692 4073 795 4159 judici
813 4073 960 4140 declarat
983 4080 1084 4152 actor,
1114 4083 1170 4140 out

73 4199 149 4251 reus.
161 4212 175 4248 r<
186 4190 349 4256 Articulus
360 4190 416 4276 (ait
425 4191 610 4275 Pellegrini‚
625 4195 741 4256 Praxo
753 4196 950 4270 Vieariornm,
969 4198 1063 4273 porte
1077 4193 1108 4267 2,
1122 4211 1170 4258 se-

77 4303 202 4380 catione
222 4307 253 4384 2,
278 4305 483 4374 subsectione
500 4308 532 4385 4,
550 4327 585 4372 n.
609 4304 659 4392 to)
682 4315 732 4372 est
754 4325 830 4390 pars
847 4306 1043 4383 intentionis,
1067 4308 1169 4372 conti

71 4435 90 4485 2«
100 4436 171 4484 neus
184 4420 218 4488 id
234 4420 324 4507 quod
339 4421 411 4506 quis
426 4420 566 4504 probare
582 4418 725 4486 intendit
739 4440 800 4504 per
811 4427 913 4484 testes
927 4427 984 4484 ant
1007 4439 1076 4516 porv
1087 4420 1167 4484 scri-
