2848 5118
508 361 589 420 rans
611 367 770 421 mannua,
1129 351 1191 420 187

95 500 164 572 ttae,
183 495 218 562 id
228 501 295 573 eit,
314 501 463 579 paratam
485 495 644 562 habentes
658 495 898 562 executionem.
920 481 1014 582 (Vide
1032 493 1195 562 dchiaalz·

96 611 231 695 grueter,
248 609 456 697 citatolaco.)
473 613 618 694 Secundo,
637 606 732 679 'causa
744 615 882 696 deposco,
894 621 934 678 at
947 617 1073 678 constat
1088 607 1194 697 captu

95 727 167 792 Bona
178 729 252 808 tides
269 727 312 816 (2,
328 733 365 794 ile
381 715 544 813 Deposito),
561 737 595 795 et
616 729 764 813 pluribus
780 727 971 795 iustinianei
992 727 1075 813 juris
1097 729 1195 795 texti·

93 841 155 908 bus.
173 847 281 923 lartio,
308 864 405 910 causa
422 847 655 928 appellationis;
680 845 755 930 quia
767 841 869 929 judex
887 843 1112 928 appellationis
1138 859 1195 929 po'·

92 965 230 1025 testatem
254 979 320 1026 nou
345 961 464 1039 habet,
493 962 553 1026 nisi
580 959 623 1026 ad
645 959 859 1047 ¹Judicandam
886 977 1016 1026 eausam
1039 959 1073 1026 in
1089 961 1193 1044 prima

91 1074 227 1140 instantia
237 1074 426 1160 judicatam.
442 1081 570 1158 Quarta
586 1093 681 1142 caasa
697 1079 804 1159 spelit·
816 1083 909 1141 actor
918 1074 1053 1155 scilicet,
1070 1077 1189 1161 quire,

87 1205 175 1275 qaam
190 1191 386 1276 possidebat,
404 1195 493 1258 areo
508 1193 664 1277 spoliatas
680 1199 742 1270 est,
762 1191 841 1258 dum
862 1194 946 1276 petit
968 1211 1002 1258 se
1016 1191 1147 1260 restitui
1160 1194 1193 1259 in

91 1306 328 1387 possessionem,
351 1325 416 1371 aon
434 1313 543 1392 potest
559 1323 578 1372 a
594 1328 650 1377 reo
671 1309 892 1391 reconveniri3
914 1307 973 1373 sed
991 1313 1067 1374 ante
1084 1308 1193 1375 omnia

87 1421 115 1484 in
129 1422 358 1502 possessionem
374 1423 425 1488 rei
441 1421 557 1488 ablatae
574 1421 876 1489 restituendus-est.
895 1423 1063 1507 Excipitur
1079 1429 1193 1489 tamen

90 1554 172 1601 casus
186 1555 250 1621 qua
265 1557 343 1602 reus
357 1537 497 1603 vicissim
510 1515 728 1606 contenderet
742 1557 813 1606 rena
829 1539 924 1604 aliam
937 1555 1034 1624 qaam
1052 1538 1193 1623 posside

88 1651 135 1715 bat
144 1653 206 1718 sibi
217 1653 259 1720 ab
273 1662 385 1719 actore
397 1654 494 1720 faisse
512 1656 664 1734 ablatam,
677 1663 711 1721 et
722 1655 891 1740 superhoe
903 1655 1189 1728 reconventionem

86 1768 213 1835 iaceret.
232 1769 326 1856 (Vide
341 1771 642 1857 schmalzgraeber‚
665 1773 698 1838 in
714 1773 767 1838 tit.
782 1774 814 1850 i,
836 1771 893 1838 lib.
910 1772 930 1836 i
947 1769 1052 1847 decr,
1070 1789 1104 1835 a.
1122 1769 1187 1856 td.)

123 1885 271 1968 Quaeruo
288 1891 332 1950 5¹.
349 1921 394 1934 —-
408 1891 454 1952 du
467 1895 558 1951 etiam
574 1895 607 1953 tu
626 1896 724 1952 causis
751 1887 958 1953 criminalibus
979 1891 1073 1951 locam
1085 1884 1191 1950 tutem

82 2007 171 2082 possit
181 2005 392 2068 ¹uecouaoeutto?
409 2039 456 2052 -
475 2031 483 2059 ε
501 2003 695 2088 ¹liespondeo
709 2003 938 2088 distinguendo
949 2003 1036 2068 inter
1050 2009 1190 2088 quatuor

89 2147 99 2169 «
113 2133 204 2184 casas
218 2119 390 2206 dequibus
409 2120 544 2186 dubiam
566 2117 654 2184 istud
679 2127 789 2204 potest
803 2119 987 2203 procedere
1004 2137 1012 2184 t
1028 2119 1082 2184 vel
1104 2119 1189 2184 earm

90 2263 98 2284 ·
118 2236 147 2298 1⁰
160 2235 303 2300 civiliter
320 2243 500 2301 conventas
511 2236 585 2300 vuit
601 2235 816 2300 criminaliter
831 2247 1000 2318 accasarc3
1019 2234 1074 2299 uel
1087 2235 1121 2298 2⁹
1137 2253 1190 2300 ao-

89 2356 242 2416 *casatus
264 2352 472 2418 criminaliter
491 2350 566 2417 vvult
589 2357 814 2417 accusatorem
830 2348 973 2416 civiliter
990 2350 1187 2432 conuenirc3

89 2493 98 2515 a
117 2467 214 2532 s¹e13⁰
229 2471 399 2532 accusatas
414 2467 553 2533 ciuiliter
568 2468 639 2532 vult
663 2467 760 2531 etiarn
785 2466 926 2531 civiliter
950 2480 1117 2549 accusare3
1136 2466 1190 2531 vel

83 2607 98 2628 ν
114 2580 251 2668 denique
271 2584 307 2647 4⁰
332 2584 544 2648 criminaliter
562 2591 731 2648 accusatus
758 2583 829 2647 vult
853 2587 1074 2647 accusatorem
1094 2596 1188 2646 suam
1294 2642 1298 2650 .

88 2729 97 2750 a
113 2681 205 2764 etiam
218 2699 429 2765 criminaliter
444 2716 648 2766 reaecusare.
749 2717 752 2726 ·

125 2848 135 2867 «
153 2815 184 2881 si
197 2822 351 2898 primum,
368 2817 459 2881 locus
474 2823 523 2882 est
538 2815 790 2894 rcaceasatioai‚
812 2823 851 2882 ut
866 2835 907 2880 ex
923 2815 1086 2881 communi
1097 2832 1189 2880 reso-

87 2963 96 2980 «
111 2933 231 3000 latione
245 2931 342 3000 docet
358 2933 576 3012 Ganzalez...‚
600 2933 760 3018 Pirrhiug.
771 2983 806 3012 ..‚
824 2933 1031 3017 Viestncr...;
1050 2931 1189 2998 etsumi·

88 3055 166 3116 «tar
181 3051 307 3134 exlege
321 3047 429 3128 finali,
459 3071 487 3116 c.
506 3053 543 3114 de
559 3054 666 3115 ordin.
682 3053 781 3132 judio.
802 3049 895 3115 Ratio
918 3057 977 3127 est,
1001 3047 1075 3133 qaia
1094 3064 1189 3113 causa

86 3193 95 3211 u
112 3164 283 3230 criminalis
308 3173 359 3230 est
374 3163 598 3250 privilegiata,
617 3173 654 3231 ut
670 3185 708 3230 cu
727 3164 911 3248 pendente,
927 3180 1030 3249 super
1043 3161 1190 3249 qualibet

87 3279 193 3344 «civili
207 3277 473 3362 supersedeatur.
493 3280 535 3346 Et
547 3279 622 3345 hine
635 3281 664 3345 si
681 3281 743 3346 hoc
762 3279 831 3357 fiat,
851 3292 952 3364 super
976 3285 1071 3344 causa
1090 3273 1185 3357 civili,

86 3399 184 3461 «ante
212 3401 299 3460 mota
322 3393 364 3460 ab
391 3403 518 3473 actore,
544 3394 704 3460 sententia
725 3394 805 3460 ferri
822 3408 896 3466 ,non
923 3393 1060 3478 poterit,
1086 3399 1189 3478 usquc

86 3507 186 3574 «dum
201 3513 445 3596 pronuntiatum
463 3531 562 3596 super
577 3512 734 3578 criminali
754 3511 903 3596 opposita
916 3533 936 3576 a
951 3529 1010 3577 reo
1028 3509 1139 3576 fauerit.

125 3655 136 3676 a
153 3625 185 3690 Si
200 3631 371 3706 secantium,
398 3629 609 3694 reconventio
632 3645 696 3692 non
725 3625 911 3694 admittitur
930 3625 940 3714 (
957 3625 1031 3710 lega
1059 3629 1189 3692 Causea·

86 3770 95 3789 «ι
112 3743 191 3823 iisse,
219 3741 252 3808 u.
283 3745 320 3807 dc
334 3743 464 3828 ludio.);
483 3743 558 3829 quio
576 3760 673 3810 causa
685 3765 689 3773 ’
703 3742 887 3822 criminalis,
908 3749 1062 3830 tampaam
1088 3746 1189 3830 magis

87 3885 96 3908 a
114 3859 310 3944 principalis,
326 3855 406 3925 facit
416 3859 510 3926 silere
527 3859 655 3926 civilem
682 3861 771 3948 (lege
790 3857 894 3938 finali,
909 3857 941 3926 a.
967 3862 1004 3925 cte
1016 3863 1138 3941 latitem
1154 3869 1189 3929 et

87 4001 97 4022 «
115 3973 182 4057 lege
206 3977 360 4040 Adulterii
373 3975 426 4054 33,
448 3995 477 4042 o.
495 3977 536 4040 od
553 3979 624 4060 lep.
639 3978 702 4042 Iul.
721 3979 851 4043 chdol
867 3973 887 4060 .)
903 3999 910 4042 :
928 3975 1020 4056 hinc,
1040 3971 1095 4042 ilia
1109 3989 1190 4059 pen·

88 4117 97 4138 «
113 4087 219 4168 dente,
236 4091 336 4156 civilis
352 4091 506 4157 intentari
521 4113 585 4159 non
601 4100 719 4176 potest.

126 4203 182 4270 «Si
197 4213 328 4285 tertium,
342 4207 448 4274 locum
463 4207 563 4276 lubet
573 4212 826 4278 reconventio...
843 4211 1008 4290 Ratioest,
1017 4213 1096 4297 auia
1111 4229 1188 4278 reus

87 4349 97 4369 ⁴⁴
113 4323 275 4405 proprium
289 4326 550 4393 suumiateresse
575 4329 795 4412 prosequitur,
818 4337 852 4396 et
872 4327 1071 4400 reaccusatio
1086 4328 1187 4410 magis

91 4465 101 4486 «ι
115 4435 252 4507 adheret
268 4447 393 4507 natura
410 4442 675 4514 reconventieais
687 4443 800 4516 ciuilis.
884 4522 888 4531 f
