2836 5118
247 359 317 425 26?
589 385 778 438 rmcrarus
799 389 843 436 ua
865 389 1016 439 sumeris.

244 501 471 571 decretalium.
490 505 613 574 «nano
625 516 686 591 est,
702 513 775 596 quia
791 521 1022 581 conmmeatum
1036 515 1078 584 de
1088 519 1347 588 camina-nataae

248 616 546 698 «condemnatum,
564 621 593 686 si
609 626 769 708 appellet,
794 635 923 694 tantum
949 627 1115 714 appellare
1137 649 1241 714 paena
1265 629 1347 697 dile·

247 729 390 797 arendae
407 751 517 818 cauam
535 736 624 820 quod
637 739 768 807 admitti
784 762 850 808 nan
861 742 974 823 debet,
991 763 1065 810 enm
1090 745 1139 832 (ut
1159 747 1266 830 capite
1283 749 1350 812 Can

16 881 18 886 ·
160 903 162 908 .
246 853 404 932 «maiuli
429 853 484 932 dl,
499 855 545 917 «da
568 857 837 937 Appellottoaibas‚
864 855 1010 942 dicitud,
1031 861 1247 944 appellationis
1267 879 1347 924 rane·

247 987 264 1027 c
278 967 363 1030 diam
375 985 437 1030 aaa
447 973 490 1032 sit
502 972 545 1034 ad
557 973 756 1052 &tantaleas
768 977 952 1054 iniquitates,
974 977 1027 1039 sai
1036 977 1079 1039 ad
1087 978 1268 1058 procidam
1276 983 1348 1041 iaso

247 1091 383 1150 asanaa
396 1091 581 1153 instantem.

289 1199 500 1283 «Excipitur,
521 1200 581 1266 nisi
598 1202 632 1266 in
650 1202 867 1286 appellatione
882 1207 1085 1289 exprimatur
1097 1206 1243 1290 legitima
1253 1223 1346 1285 amsa,

246 1331 339 1398 «per
356 1333 453 1400 quam
476 1313 636 1382 delictum
654 1318 819 1383 notorium
836 1318 945 1405 aliquo
971 1317 1070 1386 modo
1087 1318 1304 1406 defendatur;
1318 1329 1349 1388 ut
1379 1369 1388 1384 ,

244 1455 261 1492 c
277 1431 386 1515 siquis
396 1431 536 1516 aliquem
549 1429 668 1498 occidit
684 1432 719 1496 in
732 1443 909 1517 conspectu
921 1435 1046 1521 populi,
1061 1434 1122 1501 sed
1136 1436 1349 1521 allegetilluu

245 1569 262 1610 a
278 1565 314 1610 se
325 1545 480 1614 occidisse
490 1545 532 1613 ad
540 1548 590 1612 sui
602 1545 836 1614 defensionem.
849 1552 939 1616 Eune
949 1550 1036 1616 anun
1044 1548 1175 1616 admitti
1187 1553 1351 1637 appellatio

244 1662 387 1732 «dabat.
404 1687 420 1726 u
437 1663 749 1752 (Sabmoltqrueber,
766 1664 800 1729 in
813 1665 865 1730 tit.
879 1667 933 1742 28,
954 1665 1032 1732 libri
1045 1669 1064 1730 2
1077 1664 1222 1745 decrat,
1240 1687 1272 1732 n.
1290 1663 1349 1749 il.)

146 1775 155 1790 ’“
287 1777 438 1858 chsuo
459 1780 525 1843 10³.
543 1782 647 1844 -Aa
661 1782 750 1844 datar
773 1783 937 1863 appellatio
958 1786 992 1845 ia
1012 1786 1112 1846 cauas
1138 1785 1349 1848 minoribact

242 1897 424 1960 maribus?
439 1915 515 1956 -a
531 1893 727 1979 Respondeo
744 1917 752 1961 :
768 1896 802 1962 in
815 1897 922 1964 causis
931 1896 1112 1964 minoribus
1121 1904 1157 1964 et
1165 1895 1346 1974 levioribus,

244 2025 261 2071 a
278 2009 343 2076 imo
361 2010 509 2088 mutuis,
530 2030 595 2076 non
610 2011 715 2076 minus
730 2028 827 2095 quam
844 2011 878 2075 in
897 2009 1084 2095 majoribus,
1101 2009 1204 2076 datur
1216 2009 1350 2095 appella·

245 2127 336 2193 «tio.
355 2149 371 2188 a
389 2126 589 2213 (Laureolus,
610 2131 722 2192 Forum
734 2129 974 2207 ecclesiastem,
993 2127 1027 2192 in
1042 2128 1095 2195 tit.
1114 2129 1169 2205 28,
1186 2127 1246 2194 lib.
1263 2130 1283 2192 2
1299 2125 1349 2193 de·

243 2249 340 2322 uret,
363 2260 396 2327 q.
416 2239 529 2326 1102.)
549 2240 589 2307 Id
603 2260 720 2326 nempe
735 2260 889 2326 expresse
899 2243 1038 2309 saucivit
1048 2240 1236 2308 Alexander
1250 2242 1296 2308 Ill
1307 2240 1348 2306 his

156 2442 160 2447 ι
242 2359 352 2425 verbis
368 2379 375 2424 :
394 2363 438 2425 Da
448 2362 711 2443 appellationibus,
727 2376 787 2442 pro
804 2363 903 2422 cama
912 2363 1048 2422 minimis
1061 2363 1261 2444 interpositis,
1273 2359 1346 2422 octa

241 2491 307 2538 »aas
326 2481 356 2538 tc
374 2482 482 2554 tanae,
499 2477 578 2556 qaod
597 2477 641 2537 eis
661 2472 731 2559 (pro
748 2491 928 2555 pactamque
943 2475 1003 2536 leci
1015 2491 1106 2536 caasa
1124 2468 1216 2556 ficet)
1229 2492 1288 2536 aaa
1300 2476 1349 2536 mi·

240 2611 298 2655 aas
311 2597 367 2671 est,
389 2611 479 2673 pluat
499 2597 528 2655 si
548 2611 607 2673 pro
625 2592 790 2674 majoritas
810 2590 1145 2671 tarent-asmata
1168 2588 1278 2675 (caput
1302 2590 1346 2664 ll,
1409 2631 1410 2634 κ

240 2705 328 2771 tituli
353 2707 407 2784 28,
433 2702 717 2789 lanstanet).
743 2703 856 2781 Unde,
877 2704 970 2770 verbi
991 2704 1110 2788 gratim
1131 2703 1160 2768 si
1179 2703 1346 2790 Episcopus

243 2822 322 2909 (dvc
336 2823 370 2886 in
381 2820 515 2908 judicio,
530 2821 708 2896 siveextra
717 2818 885 2907 judicium)
895 2820 1062 2906 praecipiat
1072 2820 1169 2886 alieni
1180 2819 1307 2899 clerico,
1317 2824 1348 2886 ut

241 2939 275 3003 in
299 2937 405 3022 aliqua
432 2937 581 3022 religiosa
603 2936 702 3004 domo
729 2937 894 3004 exercitiis
917 2935 1138 3020 spiritualibus
1158 2943 1272 3014 vacet,
1302 2934 1348 3000 rel
1408 2911 1409 2938 ¹

241 3051 392 3119 eumdem
407 3052 536 3136 publice
546 3051 732 3136 redarguat,
745 3053 800 3118 vel
811 3051 982 3137 quodlibet
993 3029 1083 3118 aliud
1097 3051 1257 3139 (quamvis
1270 3047 1345 3134 leve)
1406 3097 1407 3100 ,

241 3187 428 3254 gravamen,
446 3165 615 3236 verboaut
626 3166 727 3245 lacto,
748 3165 855 3234 eidem
869 3166 1001 3246 inierat,
1018 3175 1128 3252 potest
1141 3169 1170 3234 is
1183 3166 1228 3233 ad
1241 3169 1347 3234 lletm
1407 3209 1408 3220 ι

241 3285 421 3370 politanam
432 3281 617 3367 appellare3
634 3279 908 3367 debetquejadex
918 3282 1187 3366 Metropolitanus
1201 3279 1347 3368 ejusmodi

240 3400 491 3483 appellationem
511 3398 677 3483 reciperc3
689 3416 785 3483 quam
802 3396 964 3482 sijustam
985 3398 1143 3481 reperiat,
1164 3398 1347 3464 convenien-
1406 3449 1407 3462 ι

240 3526 310 3583 tem
322 3515 406 3581 illati
419 3514 610 3598 gravaminis
624 3514 862 3596 raparationem
877 3514 1037 3580 sententia
1049 3531 1107 3580 sua
1120 3514 1268 3601 injunget
1276 3535 1283 3581 :
1291 3511 1345 3580 sui

241 3633 354 3699 liniens
369 3639 478 3696 summ
491 3629 687 3714 plerumque
703 3629 766 3694 erit
784 3629 949 3712 reparatio
963 3628 1016 3716 (ob
1032 3631 1229 3714 suppositam
1254 3645 1344 3697 eausa

241 3743 420 3829 aunam)
431 3745 460 3810 si
467 3744 847 3830 judexlletropolitanus
857 3746 1049 3828 pronuntiat
1059 3742 1344 3831 Episcopuminda·
1405 3737 1406 3794 l

241 3861 313 3930 bite
327 3862 441 3946 egisse.
459 3862 500 3926 Et
513 3867 657 3937 notetur,
671 3860 772 3926 semel
781 3858 954 3946 interjecta
965 3859 1054 3929 dicta
1064 3861 1344 3947 appellationem·

242 3965 570 4064 gmaaoersuspendi
584 3976 737 4044 effectum
746 3975 1178 4063 dispositionisepisoopalis,
1191 3974 1344 4064 aquafuil
1404 4001 1405 4050 3

241 4095 384 4179 legitime
402 4093 621 4179 appellatum
640 4095 687 4160 ita
703 4101 757 4172 ut,
782 4093 878 4160 verbi
893 4096 1016 4178 gratim
1036 4113 1102 4160 non
1115 4102 1268 4162 teneatur
1287 4093 1343 4158 cle·

242 4211 329 4277 ricus
349 4227 466 4277 vacare
489 4211 652 4276 exercitiis
675 4210 907 4294 spiritualibus,
923 4211 1017 4297 Juxta
1033 4211 1265 4297 injunctions·
1277 4205 1342 4292 Epi·
1402 4259 1404 4290 ,

242 4327 348 4411 scopi;
368 4326 543 4410 neapossit
558 4327 747 4411 Episcopus,
765 4327 981 4411 appellatione
996 4326 1175 4412 pandente,
1191 4323 1283 4412 hujus
1300 4321 1341 4388 sui
1403 4295 1404 4368 i

242 4439 507 4525 preceptisque
524 4439 724 4524 appellatum
744 4448 805 4519 est,
823 4439 1086 4548 adimpletionem
1097 4433 1224 4526 ur'gcre.
