2948 5126
226 403 268 474 {0
571 417 757 468 rmcrtrus
780 421 824 468 uu
845 417 994 467 ruurcus.

225 556 342 615 «stem
362 551 398 612 et
415 552 619 611 cumcontra
631 563 729 631 quem
749 545 844 612 testis
864 537 1037 629 deposuit3
1059 547 1161 623 tertio,
1186 541 1327 623 ludens,

226 677 244 725 n
263 676 418 746 paganus,
435 659 616 737 hacreticus,
629 667 784 745 respectu
803 657 967 725 christiani
979 658 1013 723 et
1028 649 1192 741 catholioi3
1210 667 1326 740 quarto,

227 778 360 846 «laicus
380 783 531 861 respectu
551 777 662 842 clerici
685 777 803 864 (capite
826 781 902 842 Cam
922 780 961 840 P.
988 778 1039 852 10,
1060 773 1149 840 tituli
1170 777 1198 853 i,
1219 773 1293 840 libri
1311 777 1329 840 5

227 909 244 956 a
260 889 497 978 decretalium);
508 893 582 978 quia
596 891 712 958 borum
723 895 885 958 accusatio
901 891 1106 976 praesumitur
1121 907 1161 956 ex
1177 887 1252 956 odio
1262 911 1333 976 pro

225 1010 508 1094 «domem-potato,
531 1009 666 1076 inimicis
685 1009 906 1076 cohabitantes
925 1016 960 1075 et
980 1019 1054 1073 cum
1077 1007 1123 1072 eis
1141 1007 1333 1092 frequenter

224 1129 444 1204 aversantem
461 1126 535 1212 quia
559 1119 708 1211 ejusdem
724 1124 901 1191 voluntatis
919 1131 954 1190 et
968 1121 1145 1188 affectionis
1171 1139 1240 1188 esse
1263 1133 1334 1189 ore-

226 1263 244 1304 «
260 1230 395 1321 duntur,
411 1240 504 1327 cujus
518 1240 594 1308 sunt
607 1243 777 1327 liquorum
795 1238 966 1306 domestici
981 1246 1014 1304 et
1031 1235 1207 1305 familiares
1218 1243 1331 1304 sunt.»

160 1390 163 1394 ·
224 1355 537 1444 (schmaltgtueber,
555 1357 589 1423 in
604 1352 657 1423 ut.
681 1360 710 1436 l,
728 1354 839 1423 librili
859 1353 999 1433 decret,
1019 1370 1052 1420 n.
1076 1345 1146 1438 55.)

271 1477 322 1540 17.
348 1477 494 1556 Rcltpa'ost
506 1481 536 1538 et
547 1477 668 1538 clerici:
683 1479 811 1539 constat
829 1492 870 1538 ex
884 1491 1006 1538 canone
1018 1475 1104 1536 Sicut
1119 1466 1162 1557 (6,
1183 1483 1283 1536 causae
1300 1465 1331 1547 2,

222 1608 255 1675 q.
274 1587 319 1674 7).
341 1613 356 1652 a
375 1590 506 1674 Excipe,
523 1591 585 1656 nisi
600 1587 710 1657 clerici
723 1599 758 1656 et
773 1589 916 1674 religiosi
936 1586 1077 1655 civiliter
1102 1585 1257 1652 delictum
1279 1586 1335 1652 de·

225 1726 242 1766 a
260 1705 367 1772 ierant
381 1706 415 1770 in
423 1703 601 1791 judicium3
622 1713 702 1791 puta
716 1706 758 1772 ad
775 1703 1071 1790 compensationem
1084 1703 1145 1770 sibi
1156 1699 1334 1769 faciendam

225 1841 320 1907 cpro
345 1822 471 1889 damnis
498 1824 637 1889 causatis
659 1843 700 1889 ex
727 1823 817 1889 furto
845 1821 898 1889 vel
917 1822 979 1888 alio
998 1821 1118 1887 delicto
1131 1843 1139 1886 ε
1152 1817 1339 1886 tuocenim'

225 1936 342 2003 «iacta
357 1939 591 2024 protestatione
611 1938 699 2023 quod
718 1955 784 2003 non
809 1946 905 2023 agant
924 1937 1137 2003 criminaliter
1150 1935 1192 2002 ad
1207 1955 1334 2020 pomam
1375 1971 1378 1978 ·

225 2055 420 2137 «sanguinis
437 2062 494 2120 aut
516 2041 735 2134 mutilationis,
757 2054 817 2120 sed
835 2055 968 2138 praecise
990 2052 1034 2119 ad
1052 2071 1148 2118 suum
1165 2053 1330 2129 interesse,

225 2191 242 2231 a
257 2169 378 2235 nullam
392 2170 667 2255 irregularitatem
682 2172 872 2254 incurrunt;
892 2169 971 2235 licet
987 2167 1106 2237 deinde
1125 2167 1228 2254 judex
1245 2189 1264 2234 a
1284 2167 1334 2254 ju-

226 2284 342 2351 adicio
357 2285 443 2352 civili
461 2293 608 2353 transeat
627 2285 670 2353 ad
683 2284 858 2366 criminale,
878 2294 913 2354 et
926 2305 986 2372 per
1012 2287 1098 2353 viam
1126 2286 1333 2371 inquisitionis

225 2401 501 2468 «malefactorem
517 2405 701 2470 convictum
720 2403 917 2471 condemnet
932 2404 1046 2470 ultimo
1059 2403 1227 2489 supplicio.
1255 2403 1332 2468 llam
1425 2393 1427 2397 ’
1465 2487 1466 2496 ¹

170 2551 174 2560 ι
223 2517 284 2582 asi
294 2517 420 2584 clericis
436 2525 470 2585 et
492 2519 649 2604 religiosis
665 2539 731 2587 non
745 2521 860 2587 liceret
879 2522 1056 2587 convenire
1079 2519 1170 2586 iures
1199 2525 1233 2586 et
1257 2514 1333 2585 alios

225 2655 242 2695 a
259 2633 494 2714 malefactores,
524 2637 709 2720 aperiretur
730 2637 795 2703 lata
820 2638 873 2703 via
895 2635 1110 2722 depredandi
1131 2632 1218 2704 bona
1235 2627 1332 2702 eccle·

223 2769 241 2808 a
259 2749 390 2830 uiarum,
407 2753 676 2817 monasteriorum
696 2761 733 2819 et
745 2753 947 2833 clericorum,
973 2773 1093 2841 eosque
1113 2749 1282 2820 occidendi
1299 2759 1332 2818 et

222 2888 241 2926 «
258 2865 342 2931 male
363 2865 527 2932 tractandi
544 2889 552 2933 ε
569 2869 614 2933 ita
634 2887 789 2953 expresse
811 2869 958 2938 declarat
977 2871 1160 2936 Boniiacius
1175 2863 1252 2935 VIII
1272 2867 1331 2955 (cae

222 3000 241 3045 a
258 2981 326 3066 pite
339 2983 371 3059 2,
389 2983 426 3047 de
437 2983 616 3062 flammato,
634 2986 668 3049 in
683 2986 730 3070 6);
745 2993 784 3051 ut
798 2985 936 3071 proinde
956 2989 1023 3055 sine
1042 2995 1134 3055 metu
1146 2985 1329 3071 irregulari-
1350 3069 1358 3079 .

223 3097 526 3176 «camerariatus,
546 3100 708 3182 praemissa
732 3105 982 3186 protestatione,
1007 3103 1139 3171 deferre
1164 3103 1262 3188 possit
1282 3100 1329 3166 iu·

224 3228 323 3292 ares,
349 3221 384 3280 ct
406 3213 483 3280 alios
505 3214 733 3285 malefactores
760 3218 802 3284 ad
826 3205 1121 3304 compensationem
1143 3218 1329 3287 damnorum

225 3347 241 3390 a
259 3321 322 3395 sibi
334 3328 529 3396 faciendam.
553 3356 566 3386 a
586 3329 750 3419 (liascbat,
764 3336 799 3400 in
813 3336 869 3403 tit.
892 3340 921 3416 l,
938 3337 1016 3404 libri
1033 3341 1051 3404 5
1067 3337 1206 3416 decret,
1229 3354 1262 3401 n.
1281 3331 1326 3418 5.)

238 3475 240 3480 v
270 3447 321 3512 ta.
346 3449 486 3529 Plerique
504 3465 545 3513 ex
560 3451 728 3517 recensitis
741 3450 983 3520 abaccusando
1000 3475 1067 3521 non
1084 3455 1288 3544 repelluntur
1296 3451 1330 3516 iti

219 3559 325 3628 tribus
340 3560 388 3627 his
404 3561 547 3630 casibus:
567 3567 599 3629 1⁰
614 3566 744 3651 qnando
759 3589 850 3636 suam
868 3591 904 3637 ac
916 3591 1049 3639 suorum
1062 3571 1211 3657 injuriam
1222 3582 1329 3654 prose·

220 3684 382 3763 quantum
398 3681 432 3744 2⁰
447 3677 480 3745 iu
494 3681 680 3749 criminibus
697 3703 767 3770 quae
785 3685 941 3755 dicuntur
958 3699 1097 3774 occepta·
1108 3705 1235 3772 nempe,
1247 3685 1327 3751 laesae

137 3863 138 3868 ,
182 3823 187 3830 ·
220 3792 407 3904 majestatis,
434 3794 603 3877 hereseos,
625 3799 776 3883 simoniae,
810 3807 983 3893 sacrilegii,
1007 3785 1180 3885 latrocinii,
1206 3802 1329 3871 assassi-

220 3907 275 3986 nii,
293 3910 471 3978 testimonii
492 3911 574 3995 falsi,
601 3916 723 3985 falsata
745 3929 894 4003 monetae,
912 3924 1072 3992 fraudata
1092 3941 1235 4001 annona,
1260 3937 1328 3986 cen-

220 4038 285 4104 sos,
312 4035 369 4094 aut
386 4030 532 4112 pecunia
548 4033 707 4122 publicae3
726 4041 760 4104 3⁰
777 4039 908 4125 quaudo
925 4043 1033 4129 agitur
1051 4041 1093 4110 de
1113 4042 1264 4117 ecclesiae,
1276 4035 1327 4103 rel

221 4144 406 4212 monosterii
421 4153 477 4212 aut
488 4147 550 4214 alio
563 4151 704 4221 utilitate
721 4153 864 4240 publica.
1149 4165 1151 4168 ’

264 4257 411 4328 Diximus
418 4266 554 4348 plerique
565 4288 573 4333 :
586 4288 661 4335 nam
681 4275 803 4342 exclusi
822 4279 1014 4346 etiamtunc
1030 4280 1071 4348 ab
1089 4269 1267 4346 accusando
1280 4289 1328 4340 re·

219 4383 362 4456 manent,
387 4385 420 4444 tu
446 4385 550 4463 totam,
585 4384 737 4470 infantes,
760 4401 916 4476 amentes,
935 4396 1060 4477 fumosi,
1080 4393 1171 4464 sordi
1194 4401 1228 4460 et
1247 4387 1326 4456 inuti

221 4503 286 4562 oon
300 4495 377 4564 satis
395 4495 541 4568 tolentes
560 4511 703 4577 mentem
719 4512 893 4599 explicare,
918 4511 1185 4586 excommunicati
1207 4516 1326 4580 excam-
1359 4573 1361 4576 ,

182 4806 298 4905 ’ἱ
