2878 5114
247 333 311 396 inu
595 348 783 396 anscausus
808 351 850 396 ua
872 348 1021 394 inurens.

246 480 317 536 mat
333 473 433 538 Giiius
449 475 568 549 Sortor,
587 477 639 553 qui
654 473 754 536 dictas
779 481 873 537 uestes
898 473 1056 538 semiores
1079 474 1222 552 content,
1248 491 1352 534 nemon

250 593 349 654 Titius
365 597 395 653 et
410 592 515 654 Recto.

294 731 306 760 τι
325 710 421 788 Super
436 708 480 783 2⁰,
497 706 543 782 4⁰,
561 713 591 768 ct
606 708 651 782 5⁰,
670 712 759 770 testes
772 708 955 788 Hupolinus,
973 688 1111 771 Riaottus
1122 711 1152 769 ct
1165 709 1283 770 Manio,

296 825 421 904 «sape
434 825 481 902 3⁰,
502 824 676 902 nausimus
689 829 719 888 a
732 825 888 886 aarum.
1298 795 1310 811 ⁴

290 943 381 1004 Nota.
402 939 514 1004 Potest
524 947 703 1015 accusator,
716 937 777 1016 scd
793 957 857 1003 non
874 946 1018 1017 tenetur,
1038 939 1071 1004 in
1087 939 1357 1019 directorioprola

247 1061 349 1135 tionis,
363 1054 542 1140 quodsolct
552 1053 595 1120 ad
605 1055 726 1122 calcem
740 1055 843 1122 libelli
852 1056 1013 1134 subnecti,
1026 1063 1129 1121 testes
1139 1053 1354 1134 denominare

247 1169 362 1236 sufficit
385 1171 469 1235 enim
486 1179 524 1236 ut
540 1189 600 1237 suo
615 1179 775 1256 tempore,
795 1180 869 1255 post
889 1171 984 1237 litem
1007 1178 1222 1238 contestatam
1238 1189 1295 1236 eos
1310 1188 1360 1233 nc

248 1289 357 1352 minet.
369 1288 421 1364 Et,
431 1289 457 1352 si
473 1289 587 1354 timeat
601 1307 641 1353 ne
653 1287 887 1366 subornentur,
902 1287 1098 1372 prudentius
1111 1265 1223 1354 eorum
1236 1287 1360 1352 nomina

246 1403 386 1487 tacebit,
405 1412 439 1470 et
454 1412 534 1470 tunc
552 1407 746 1468 directorium
767 1408 956 1485 motationis
973 1403 1016 1469 ad
1033 1404 1158 1470 calcem
1181 1404 1287 1489 libelli
1302 1421 1358 1466 non

248 1525 360 1604 ponet.
1428 1601 1429 1606 ἵ

292 1635 335 1700 Π.
353 1635 384 1700 Si
398 1643 566 1701 accusator
582 1635 749 1719 proprium
764 1634 828 1720 jus,
843 1655 901 1701 seu
919 1639 1060 1720 proprie
1077 1637 1204 1722 injurie
1221 1634 1359 1702 debitam

250 1752 478 1818 coercitionem
492 1760 720 1838 persequatur,
737 1753 781 1818 sic
794 1752 942 1818 libellum
958 1752 1129 1820 efformare
1144 1752 1269 1838 poterit
1285 1775 1292 1818 :

296 1893 312 1930 a
330 1871 440 1932 Corum
459 1871 627 1932 Reuerendo
647 1871 763 1932 Iocone
784 1871 950 1948 heccardo,
969 1873 1175 1934 illustrissimi
1187 1878 1217 1934 ct
1231 1889 1361 1934 neumen-

247 1987 368 2048 dissimi
385 1985 604 2047 Meclliniensis
620 1986 844 2067 Arcliepiscopi
868 1988 988 2048 Vicara'o
1021 1988 1181 2067 pennati,
1218 1993 1361 2068 comparet

251 2101 507 2164 rauracorum
533 2101 670 2176 clericam,
700 2099 797 2179 officio
822 2103 965 2163 Succistae
991 2105 1025 2164 in
1051 2104 1176 2164 ecclesia
1200 2100 1363 2164 cathedrali

250 2216 457 2280 Mecblinieasi
469 2218 609 2296 samaras,
627 2235 689 2288 non
712 2221 814 2278 animo
837 2218 1057 2296 calumniandi,
1081 2219 1134 2280 sed
1145 2237 1205 2298 pro
1229 2237 1287 2279 suo
1299 2223 1364 2298 jure

248 2333 465 2414 prosequenda·
484 2339 514 2394 et
543 2337 686 2413 proponit
710 2337 928 2396 accusationem
952 2341 1057 2396 contra
1079 2337 1255 2415 Baptiatcm
1293 2337 1364 2396 Tem·
1429 2329 1430 2332 ’

224 2483 225 2486 =
247 2455 326 2530 pest,
345 2451 436 2512 dicte
451 2448 637 2510 cathedralis
653 2453 839 2526 canonicum,
859 2467 972 2531 nempe

298 2589 313 2625 a
335 2569 363 2629 l'.
381 2567 467 2646 Quacl
480 2567 580 2628 dictus
595 2569 729 2646 Tempest
738 2568 855 2646 pluries
869 2571 966 2647 ipsum
980 2570 1078 2648 furem
1093 2572 1259 2630 uocauerit.

299 2705 312 2741 a
332 2685 364 2746 2.
382 2685 468 2761 (lucil
482 2688 552 2744 item
564 2684 680 2762 pluries
694 2687 755 2763 apsi
769 2684 891 2744 corbera
906 2687 1041 2744 minatus
1053 2686 1159 2764 fuerit.

298 2821 314 2858 a
331 2801 364 2866 3.
386 2801 530 2878 modale
542 2802 579 2862 17
588 2803 750 2879 proesentis
761 2804 871 2860 nwnsis
883 2801 972 2861 illum
982 2801 1087 2862 baculo
1098 2804 1131 2862 in
1141 2803 1361 2881 scapulisacer-

252 2921 329 2978 mma
342 2920 537 2996 percusserit.

301 3033 381 3096 «Aa
395 3051 461 3112 qua
476 3036 509 3093 in
520 3033 638 3112 judicio
659 3033 790 3110 lepitime
800 3034 969 3111 probanda,
990 3034 1043 3094 snb
1061 3051 1151 3112 pana
1174 3035 1363 3095 calumniata-

253 3150 336 3212 ribus
347 3149 459 3226 dcbita,
472 3166 503 3209 se
512 3121 600 3227 offert
609 3154 638 3210 ct
647 3147 805 3209 subscribit
816 3153 981 3211 accusator.
993 3151 1095 3210 Instat
1104 3155 1198 3230 proin
1206 3157 1241 3212 ut
1254 3150 1363 3212 libellus

253 3272 430 3347 acceptetur,
454 3267 657 3344 compertaque
679 3267 807 3325 veritate
824 3268 1047 3344 propositorum
1056 3313 1067 3344 ,
1093 3283 1163 3327 reus
1182 3285 1240 3346 pro
1267 3268 1363 3326 mento

251 3387 411 3467 puniatur,
429 3399 466 3442 ne
483 3385 686 3460 inposterum
709 3380 824 3440 similia
848 3385 952 3441 contra
975 3386 1359 3466 acmnatorem‘proemmat.

256 3486 416 3562 Datum...‘
432 3499 537 3574 aliem,
558 3500 722 3569 mensis...,
746 3515 866 3558 anno...
889 3531 932 3541 —
954 3497 1018 3575 Epa
1033 3501 1163 3576 propria
1186 3515 1280 3558 nmnu
1304 3493 1362 3556 mb-

256 3621 373 3697 scripsl.
396 3619 421 3679 T
420 3615 522 3677 immas
540 3615 666 3677 Cordat.
685 3635 701 3672 »

301 3737 391 3824 Nota,
408 3731 488 3794 Cum
502 3736 705 3794 accusatores
718 3727 912 3811 plerumque
930 3725 1072 3810 judicem
1086 3726 1205 3792 adeant
1224 3725 1361 3793 nondum

257 3848 406 3915 confecto
414 3846 534 3923 libello,
546 3863 607 3912 nec
617 3841 776 3928 ejusmodi
787 3842 891 3908 libelli
900 3848 991 3908 recte
1000 3842 1228 3908 conscribendi
1236 3841 1360 3908 modum

256 3968 332 4034 satis
344 3972 489 4038 noscant,
507 3961 642 4045 expedit
655 3969 693 4026 ut
705 3962 739 4024 in
754 3960 846 4042 praxi
858 3958 961 4044 J'ndex
977 3979 1047 4024 sese
1062 3970 1157 4042 gerat
1165 3960 1229 4056 boc
1244 3961 1357 4026 modo:

251 4090 363 4166 priato,
383 4087 538 4145 oretenus
554 4077 672 4144 motam
688 4053 886 4140 accusatoris
897 4075 1064 4159 querclam
1078 4075 1209 4161 audiat3
1228 4077 1356 4152 maio,

255 4201 297 4282 ab
313 4220 353 4265 eo
369 4203 461 4281 petat
482 4213 523 4259 an
546 4194 626 4259 velit
645 4199 696 4256 uic
717 4197 917 4255 accusationis
939 4190 1094 4276 procedi3
1118 4191 1219 4270 idest,
1238 4211 1277 4256 an
1297 4209 1358 4256 sese

256 4305 371 4381 offetat
393 4311 435 4377 ad
460 4307 664 4394 probandum
687 4309 720 4372 in
743 4305 865 4390 judicio
888 4307 977 4393 qnod
999 4307 1154 4385 affirmat,
1181 4307 1240 4374 snb
1264 4307 1358 4390 poenis

258 4433 372 4498 contra
388 4428 636 4494 calumniatores
655 4424 787 4491 decerni
807 4423 919 4502 solitis,
939 4425 966 4488 si
981 4423 1068 4489 forte
1087 4424 1167 4490 falsu
1185 4443 1255 4490 eum
1273 4440 1357 4488 acen·
