2848 5118
585 368 772 421 mnesteus
795 375 839 420 DE
861 369 1009 421 summus.

235 487 325 556 huus
343 495 410 568 est,
436 511 478 557 ex
505 493 611 558 citetis
637 495 798 580 textibus3
829 503 858 559 n·
885 501 1033 579 posterius
1055 496 1143 564 volet
1170 497 1329 582 sententie

236 603 295 670 sed
317 608 489 673 retractari
510 606 612 674 debet
634 629 653 673 e
674 609 804 694 jndice,
829 609 1055 696 quendopurs
1077 631 1147 698 quoe
1168 629 1234 680 nen
1261 611 1332 678 cen·

235 719 389 802 paruerat
404 721 522 804 probet
533 722 709 805 legitimam
726 725 877 790 obsentiae
891 743 1031 790 causum.

242 845 248 856 '
279 820 429 917 Qunsrro
445 836 612 904 iius-An
626 843 668 903 od
683 843 815 903 valorem
830 845 985 904 sententie
1003 861 1116 904 neeesse
1133 847 1176 906 sit
1196 859 1260 906 eam
1275 863 1332 926 pre·

233 958 372 1017 nuntiari
382 962 500 1016 ennato
510 959 595 1036 juris
604 957 720 1035 urdine,
736 963 799 1019 sive
809 975 876 1020 enm
885 963 1073 1039 prescriptis
1078 977 1235 1040 processus
1242 961 1332 1022 selen-

233 1068 552 1134 nitottdnst-Alius
572 1078 622 1135 est
634 1070 716 1136 ordo
724 1069 806 1155 juris
819 1072 1027 1155 praescriptus
1039 1072 1147 1156 quoad
1159 1091 1330 1156 processum
1408 1103 1409 1114 ¹

233 1182 451 1280 ordinarium
473 1190 507 1249 et
528 1184 610 1250 alius
633 1185 740 1271 quoud
765 1185 1068 1265 extraordinarium,
1086 1185 1120 1252 id
1137 1193 1198 1266 est,
1217 1187 1331 1273 quando
1408 1211 1409 1252 u

232 1291 422 1382 'proceditur
437 1302 630 1377 emeterio,
653 1301 706 1367 vel
726 1302 910 1381 summarie,
933 1302 987 1368 vel
1011 1321 1051 1366 eu
1072 1303 1244 1368 informato
1269 1321 1331 1369 uon·
1408 1323 1409 1372 t

232 1410 376 1476 scientio.
401 1411 539 1491 Quando
556 1410 660 1496 judex
675 1419 810 1478 tenetur
827 1432 955 1478 causum
972 1412 1129 1496 expedire
1145 1431 1206 1498 per
1218 1431 1331 1496 proces·
1408 1445 1409 1484 u

232 1544 302 1591 sum
319 1529 517 1602 ordinarium,
536 1527 628 1591 irrita
645 1533 695 1592 est
717 1529 888 1606 sententia,
914 1546 985 1613 quae
1000 1528 1109 1594 fertur
1126 1547 1192 1594 non
1210 1530 1331 1595 servut'n
1408 1537 1409 1602 t

163 1715 169 1720 ¹
231 1639 498 1706 substantialibus
530 1661 700 1725 processus
735 1642 890 1708 ordinarii
919 1643 1186 1710 solemnitatibus.
1225 1644 1331 1710 Atuero

230 1755 360 1843 qnando
372 1755 474 1841 judici
488 1757 565 1822 licet
585 1775 772 1841 processum
785 1761 1063 1822 extraordinarium
1074 1758 1239 1834 adhibere,
1257 1760 1331 1824 velet

231 1874 391 1939 sententia
403 1873 541 1957 prolate,
560 1893 624 1938 non
640 1874 777 1940 servetis
791 1892 961 1958 processus
973 1873 1127 1940 ordinarii
1140 1874 1331 1940 solemnitati·
1393 1871 1409 1964 'p

229 1985 310 2061 bns,
336 1985 434 2052 modo
456 1995 632 2053 serventur
651 2005 713 2065 eae,
736 2007 807 2074 qnae
828 1990 924 2054 etium
943 1989 978 2053 in
994 1987 1253 2054 extraordinario
1268 2007 1330 2072 pm
1401 1985 1409 2076 t

230 2121 322 2167 sessu
341 2104 565 2186 requiruntur.
1408 2167 1409 2182 χ

229 2229 234 2234 ’
274 2216 425 2320 Qunsruo
443 2220 508 2282 10¹.
526 2251 572 2266 -
587 2220 635 2283 An
648 2221 833 2283 eductorem
847 2225 1001 2284 sententie
1014 2227 1264 2303 requirutnreum
1273 2243 1331 2305 pre
1407 2223 1409 2314 t

229 2330 368 2396 nuntiari
380 2354 400 2395 a
407 2335 512 2416 judice
526 2353 582 2415 pro
600 2337 748 2398 tribunali
755 2337 896 2398 sedente?
912 2371 957 2384 —
973 2334 1204 2419 Respondetur
1214 2335 1333 2402 offirmo·

229 2449 309 2527 tire,
329 2453 363 2514 et
378 2454 504 2514 constat
519 2468 559 2514 ex
577 2449 683 2532 capite
697 2449 813 2516 ultimo
829 2451 918 2517 tituli
939 2455 977 2514 de
995 2456 1150 2518 Sententia
1171 2461 1202 2517 et
1220 2473 1254 2516 re
1259 2454 1333 2542 jndi-

228 2572 307 2642 catu,
324 2566 357 2630 in
373 2570 464 2630 sexto
473 2541 484 2648 ;¹
499 2573 533 2630 et
544 2573 698 2631 consonet
711 2565 728 2630 J
733 2565 945 2632 ustiniuneurn
955 2566 1009 2651 J'us
1022 2567 1154 2654 (novell.
1173 2570 1227 2645 82,
1240 2587 1268 2633 e.
1284 2564 1326 2650 3).

229 2681 350 2767 Estque
368 2681 527 2746 sententia
551 2681 648 2746 aliter
665 2682 896 2775 pronuntiate,
924 2683 951 2747 si
976 2701 1071 2748 conse
1098 2685 1141 2748 sit
1168 2681 1329 2756 ordinario.

229 2775 359 2864 omnino
372 2795 525 2873 invalido·
540 2815 599 2862 seu
612 2799 728 2860 nulline
734 2804 1017 2880 penitusmomente',
1032 2805 1069 2863 ut
1076 2796 1197 2864 dieitur
1205 2797 1238 2862 in
1247 2793 1333 2862 modo

227 2892 329 2978 ⁴citato
343 2907 466 2995 cupite.
488 2911 633 2977 Diximus
654 2919 683 2976 n·
703 2915 793 2976 conso
813 2919 855 2976 sit
879 2917 1038 2977 ordinaria
1057 2930 1159 2976 :num
1178 2913 1213 2978 in
1243 2911 1334 2977 eunus

230 3003 421 3103 summariis,
444 3043 502 3092 sen
518 3025 648 3112 qnando
664 3027 856 3110 proceditur
871 3026 914 3094 dc
933 3026 1041 3112 pleno,
1064 3034 1099 3093 et
1116 3027 1187 3094 sine
1206 3025 1333 3110 strepitu

228 3141 356 3228 judicii,
377 3143 536 3208 sententio
557 3144 654 3208 etiam
675 3163 694 3208 a
718 3163 783 3210 non
799 3143 936 3210 sedente
951 3145 1078 3230 prolatu
1095 3144 1185 3210 uolet
1203 3143 1255 3229 (ex
1272 3141 1333 3208 Cle·

230 3252 372 3324 mentina
385 3262 468 3340 sepe
482 3260 514 3336 2,
534 3259 571 3322 de
587 3261 748 3323 Verborum
762 3257 895 3343 sienis).

273 3372 506 3454 ansr10112.
523 3375 832 3438 -Anadeatorem
850 3381 1005 3440 mntentioe
1028 3393 1142 3438 neeesse
1158 3381 1201 3438 sit
1218 3393 1281 3438 eum
1300 3389 1334 3436 es

230 3493 341 3570 scripto
362 3489 524 3588 proferri?
547 3523 592 3536 -
610 3473 840 3570 Respondetur
866 3487 1071 3572 affirmative3
1089 3495 1124 3555 et
1147 3493 1274 3555 constet
1299 3505 1334 3553 ex

231 3602 337 3684 cupite
354 3600 479 3682 ultimo,
502 3602 589 3666 tituli
607 3605 644 3666 de
662 3605 816 3667 Sententia
831 3609 861 3667 et
877 3607 1069 3686 rejudicatur,
1083 3605 1117 3668 in
1136 3612 1230 3672 sexto
1244 3624 1252 3669 τ
1267 3621 1333 3670 eon·

230 3725 386 3802 sonatque
398 3718 632 3784 Justinionenm
644 3715 697 3802 jus
717 3718 799 3804 (lege
815 3722 881 3782 Huc
898 3721 960 3799 leqe
982 3721 1014 3796 2,
1032 3725 1066 3784 et
1079 3722 1238 3804 sequenti,
1255 3740 1282 3786 c.
1302 3719 1334 3782 de

230 3811 385 3898 Sententia
400 3851 440 3894 eu
453 3834 561 3895 trevie.
579 3829 692 3914 recte).
709 3831 806 3898 Unde
819 3831 908 3898 nullu
922 3841 971 3898 est
984 3834 1158 3912 sententie,
1174 3851 1244 3920 quse
1254 3831 1332 3900 dictu

230 3943 294 4010 fuit
312 3963 387 4010 eum
402 3945 522 4028 scripto
533 3965 599 4011 non
614 3953 713 4012 esset.

227 4057 231 4066 ’
274 4061 393 4144 Excipe
413 4063 446 4124 1ο
457 4061 483 4124 si
499 4063 659 4127 sententie
674 4080 692 4126 n
707 4062 795 4146 Papo
809 4063 954 4148 feretum
973 4067 1007 4130 2⁰
1015 4064 1042 4130 si
1056 4081 1151 4129 causo
1164 4065 1206 4131 sit
1213 4061 1332 4130 levioris

230 4177 404 4259 momenti;
422 4177 457 4242 3⁰
473 4175 500 4241 si
517 4177 557 4242 sit
567 4179 712 4262 notoriu3
730 4180 765 4244 4ο
780 4180 807 4245 si
820 4180 861 4244 sit
870 4178 1125 4258 interlocutorio,
1147 4197 1218 4266 quae
1234 4187 1331 4245 temen

230 4291 388 4358 enomrio
405 4273 439 4356 in
457 4292 675 4375 scriptumest
690 4294 874 4361 referenda.
891 4284 987 4382 (uide
999 4292 1329 4380 sehmslzgruenenn

230 4383 287 4470 stt:
301 4391 356 4483 ts,
375 4404 452 4470 nuru
466 4407 486 4468 s
502 4403 642 4484 deenen,
660 4426 692 4471 n.
713 4405 799 4491 st),
840 4395 843 4402 “
