2878 5114
524 363 603 412 rins
626 365 783 413 securos.
1113 365 1117 372 ·
1140 346 1203 408 4-73

98 487 351 554 solemnitatibus
365 488 463 566 lacto,
483 497 604 554 etcum
621 489 759 572 duplicis
772 488 940 553 sententie
955 485 1129 554 conformis
1149 504 1206 550 ne-

98 605 254 681 cessitate,
266 601 330 688 jam
350 605 418 687 ipsa
437 623 531 670 causa
552 605 708 670 nullitatis
731 604 886 688 implicite
909 611 943 668 et
960 601 1001 668 de
1017 601 1104 668 facto
1122 599 1207 668 ordi-

98 719 180 782 narie
203 717 377 784 dirimitur.
399 719 494 785 Unde
510 719 667 804 ejusmodi
683 739 870 804 processum
894 718 1054 803 exigendo
1072 717 1115 784 ad
1130 736 1208 783 cou-

99 833 272 899 cedendam
288 835 528 900 restitutionem
549 837 581 900 in
602 837 778 920 integrum,
801 836 1032 921 aequivalenter
1056 833 1097 899 de
1119 834 1206 900 facto

99 950 258 1016 restitutio
277 951 345 1014 haec
360 951 509 1016 omnibus
523 951 733 1036 conceditur;
753 951 913 1036 siquidem
925 951 1076 1016 omuibus
1092 969 1208 1016 conce-

99 1064 185 1132 ditur
198 1073 235 1130 ut
251 1085 311 1148 per
322 1065 404 1149 juris
419 1068 543 1150 aspices
557 1066 763 1148 expendatur
783 1067 874 1132 valor
890 1067 1053 1132 rationum
1066 1085 1145 1151 quas
1161 1067 1207 1131 al-

96 1179 200 1264 legant
215 1180 257 1245 ad
272 1180 472 1264 probandam
492 1181 699 1264 professionis
719 1201 783 1248 suoe
806 1182 1000 1248 ntdlitotem.
1016 1183 1107 1260 ilinc,
1130 1181 1207 1247 licet

96 1297 261 1375 indirecte,
282 1298 315 1362 in
332 1317 368 1362 re
393 1306 503 1363 lamen
522 1299 649 1365 sublata
672 1307 722 1364 est
738 1299 928 1365 Tridentino
948 1299 1134 1383 prohibitio,
1164 1299 1206 1365 de

96 1433 153 1478 non
167 1412 338 1479 audiendis
352 1414 391 1478 iis
406 1415 460 1498 qui
475 1413 682 1497 professionis
704 1435 768 1480 suae
785 1417 967 1481 nullitatem
984 1414 1203 1498 pretendunt,

96 1536 149 1592 nisi
174 1536 259 1593 intro
277 1536 508 1611 quinquennium
534 1533 776 1595 reclamaverint.
803 1531 842 1596 ld
866 1538 993 1596 tantum
1008 1531 1206 1615 particulare

96 1651 153 1722 est,
180 1645 311 1730 quando
335 1646 522 1712 reclamatio
544 1645 582 1710 fit
603 1654 676 1728 post
699 1647 969 1732 quinquennium,
995 1645 1084 1730 qnod
1110 1665 1206 1711 consa

96 1777 152 1824 non
164 1758 311 1845 subjacet
324 1759 490 1844 judicibus
505 1760 686 1838 ordinariis,
707 1760 766 1826 sed
776 1768 965 1827 reservetur
978 1760 1053 1826 Sedi
1069 1761 1205 1845 Aposto-

96 1876 168 1954 lice,
188 1881 303 1960 utpote
319 1895 415 1960 aque
429 1875 606 1942 obtinenda
621 1883 671 1941 est
690 1877 853 1942 restitutio
867 1878 901 1941 in
913 1877 1088 1960 integrum.
