2948 5126
571 333 651 384 nans
671 335 831 385 smosoi.
1217 328 1256 392 13

143 462 299 547 opposuit¹
317 462 351 527 in
370 459 494 546 judicio
513 459 575 528 boc
596 461 731 542 crimen,
742 480 808 528 non
825 467 864 527 nt
888 461 1072 546 puniretur,
1088 462 1148 532 sed
1162 460 1258 532 dnm-

142 587 231 646 taxnt
246 587 284 646 ut
295 598 372 646 eum
384 579 426 645 ab
443 578 653 646 accusatione
670 577 725 645 vel
739 577 966 646 testificatione
982 590 1185 667 removerem

187 701 300 779 Tertio,
319 698 347 763 si
363 704 440 764 reus
452 717 472 764 a
486 697 627 763 criminis
647 697 853 763 accusatione
868 696 1027 764 liberatus
1040 707 1091 764 est
1103 702 1254 784 perviam

140 813 375 879 transactionis.
399 813 445 879 Eo
462 831 549 890 casu,
567 831 633 878 non
650 811 704 876 ille
724 829 800 876 oum
815 829 880 897 quo
898 819 1098 880 uanaaetum
1112 821 1173 884 est.
1196 815 1256 884 sed

139 930 226 996 bene
244 931 326 996 alius
339 937 447 1014 potest
457 931 693 997 accusationem
707 934 878 1015 repetere;

186 1051 314 1128 Quarto,
330 1047 357 1112 si
367 1046 529 1114 secundus
542 1053 712 1114 accusator
724 1045 844 1130 probet
863 1045 1006 1131 priorem
1021 1048 1256 1115 accusationem

136 1181 203 1228 non
229 1162 329 1230 fuisse
353 1161 498 1230 fideliter
513 1162 711 1246 institutam
729 1160 839 1240 fnisse,
860 1161 955 1228 verbi
973 1164 1089 1247 gratia,
1109 1163 1256 1232 collusio-

137 1298 215 1345 nem
229 1279 317 1345 inter
329 1279 468 1364 primum
484 1286 704 1345 accusatorem
725 1284 864 1344 atreum
879 1285 1084 1363 accusatum;

184 1401 310 1476 Quinta
337 1396 365 1461 si
384 1394 547 1462 secundus
565 1402 735 1462 accusator
757 1413 847 1462 suam
868 1402 925 1462 aut
948 1413 1081 1462 suorum
1103 1395 1255 1483 injuriam
1284 1421 1288 1431 ·

138 1521 380 1598 persequatur3
450 1587 455 1594 ,

184 1634 289 1710 Scato,
308 1630 423 1695 siretm
441 1629 609 1695 absolutus
623 1636 751 1694 tantum
768 1627 831 1694 tuit
846 1629 880 1693 in
895 1628 967 1695 foro
981 1630 1198 1699 conscientiae.

184 1751 329 1828 Septimo,
357 1743 517 1830 «quando
538 1765 614 1810 reus
639 1744 702 1811 luit
723 1743 889 1811 absolutus
911 1744 944 1809 in
961 1743 1097 1829 judicio,
1114 1767 1178 1813 non
1195 1765 1255 1830 per

144 1893 158 1916 a
177 1863 261 1928 viam
277 1862 500 1939 accusationis,
517 1859 577 1926 sed
587 1860 800 1945 inquisitionis
815 1882 821 1926 :
835 1868 907 1927 tum
918 1863 1004 1927 enim
1014 1862 1134 1928 iterum
1146 1862 1188 1930 de
1200 1881 1256 1930 eo·

144 2011 159 2034 ι
182 1977 259 2045 dem
282 1979 417 2044 erimine
436 1979 580 2043 accusari
600 1985 720 2062 potest,
743 1977 856 2043 saltem
881 1975 923 2043 dc
947 1975 1022 2062 jure
1045 1979 1212 2047 canonico.
1236 2013 1249 2036 υ

141 2095 317 2182 (Pirrbing,
329 2096 362 2160 in
373 2095 422 2160 tit.
439 2097 468 2172 l,
484 2092 562 2159 libri
575 2097 593 2158 5
607 2091 748 2172 decret,
760 2113 793 2157 n.
807 2086 877 2175 26.)
887 2091 1008 2157 Nititur
1015 2094 1132 2160 citatus
1142 2103 1255 2162 auctor

138 2213 201 2278 hac
223 2212 359 2291 ratione,
386 2209 475 2296 quod
493 2229 554 2294 per
579 2211 663 2276 viam
688 2209 901 2294 inquisitionis
922 2227 988 2274 non
1013 2211 1114 2278 soleat
1134 2213 1256 2298 imponi

137 2347 237 2414 poena
252 2326 416 2393 ordinaria
430 2325 553 2404 delicti,
579 2324 639 2391 sed
658 2326 773 2404 minor,
792 2323 886 2410 juxta
909 2332 1009 2408 caput
1032 2329 1171 2408 thttter
1186 2329 1251 2416 (rt,

137 2447 177 2509 de
193 2440 324 2528 Μαι).

125 2555 131 2566 ’
184 2565 218 2628 6.
245 2562 290 2628 Ut
301 2560 444 2626 accusari
463 2559 535 2644 quis
555 2557 658 2642 possit
671 2575 805 2623 necesse
832 2565 969 2624 nonest
993 2565 1031 2624 ut
1050 2561 1255 2642 precesserit

137 2677 287 2762 infamia3
304 2678 349 2743 ita
364 2683 403 2742 ut
415 2693 477 2742 neo
496 2681 609 2741 contra
632 2673 823 2740 charitatem
843 2692 905 2739 nec
918 2681 1030 2738 contra
1043 2671 1201 2758 justitiam
1213 2676 1255 2741 sit

137 2814 294 2862 accusare
325 2792 570 2877 delinquentem
596 2791 772 2857 occultum.
805 2791 861 2856 llst
889 2790 1051 2856 sententia
1076 2793 1255 2858 communis

137 2911 325 2978 doctorum.
355 2908 448 2999 (Vide
473 2905 775 2993 Schmalzgrueber,
798 2906 833 2970 in
854 2907 905 2972 tit.
932 2908 962 2988 l,
977 2903 1055 2976 libri
1073 2910 1091 2971 5
1109 2905 1252 2987 decret,

136 3048 172 3093 n.
194 3019 264 3112 86.)
1124 3004 1128 3012 ¹

185 3151 218 3209 7.
239 3143 285 3207 Ut
296 3141 439 3207 accusari
456 3141 526 3226 quis
542 3139 652 3223 possit,
668 3158 709 3204 an
728 3138 908 3204 necessario
926 3135 1116 3220 praecedere
1130 3135 1256 3206 debue-

135 3258 183 3328 rit
199 3265 328 3324 secreta
347 3257 506 3322 monitio?
522 3293 569 3305 —-
595 3286 608 3309 «
634 3251 828 3339 Respondeo
845 3259 967 3336 primo:
983 3253 1254 3340 quandocumque

138 3400 155 3437 a
178 3377 305 3442 crimen
326 3383 377 3440 est
397 3372 566 3458 probabile
582 3373 615 3437 in
631 3369 765 3457 judicio,
789 3389 855 3436 non
874 3376 1009 3435 tenetur
1026 3379 1196 3436 accusator
1214 3391 1255 3438 ex

138 3492 301 3579 «Justitia
319 3491 519 3575 promittere
542 3494 701 3554 secretam
724 3486 944 3563 monitionem,
963 3484 1058 3551 verbi
1079 3486 1193 3570 gratia
1216 3493 1255 3554 ut

138 3633 156 3673 a
175 3627 255 3676 rcus
268 3608 414 3686 desistat,
433 3603 676 3687 etsatisfaciat3
696 3601 756 3668 sed
771 3609 881 3686 potest
903 3602 972 3668 sine
987 3599 1105 3686 injuria
1127 3621 1256 3669 accusa-

137 3755 158 3793 ιι
170 3729 295 3794 tionem
310 3724 494 3790 instituere.
511 3721 605 3788 Ratio
616 3725 677 3798 est,
693 3717 856 3804 qniatunc
865 3725 1001 3803 propter
1012 3717 1134 3783 bonnm
1149 3718 1255 3803 publi·

137 3869 156 3910 a
175 3863 254 3912 eum
274 3836 425 3909 concessa
443 3846 492 3905 est
512 3837 684 3914 accusatio,
699 3835 755 3902 vel
773 3833 888 3900 saltem
911 3831 1124 3913 denuntiatio,
1142 3839 1180 3899 ut
1198 3834 1257 3898 cri·

137 3960 305 4027 «minain
318 3955 502 4042 exemplum
521 3955 658 4020 aliorum
669 3951 855 4036 puniantur,
873 3950 984 4035 sicque
1006 3967 1119 4015 omnes
1137 3949 1256 4016 amalo
1372 3933 1375 3938 ⁵

136 4104 157 4142 c
178 4077 438 4144 absterreantur.
462 4068 558 4136 Unde
583 4087 661 4136 reus
675 4086 740 4132 uon
758 4071 868 4152 potest
888 4067 982 4152 queri
996 4063 1039 4131 de
1058 4063 1176 4152 injuria
1193 4064 1255 4132 sibi

135 4221 156 4258 a
176 4196 277 4271 lacta,
295 4189 384 4278 quod
397 4197 473 4255 ante
490 4187 633 4254 monitus
645 4205 711 4252 non
722 4183 833 4251 fuerit.

155 4326 158 4334 ·
186 4311 302 4376 «Dico
314 4309 460 4371 amando:
473 4299 545 4370 fieri
561 4308 673 4368 tamen
694 4319 780 4384 saepe
796 4306 929 4383 potest*
940 4307 978 4364 ut
996 4298 1184 4384 priusquam
1205 4319 1256 4364 ac-

135 4453 155 4493 n
174 4443 274 4494 auses
290 4421 530 4491 voldcnunties
541 4417 692 4504 juridice,
713 4417 853 4484 tenearis
866 4414 939 4498 lege
960 4413 1125 4480 charitatis
1149 4417 1254 4497 proxi·
