2914 5122
228 337 287 401 1κο4
569 354 755 404 rnicrarus
778 357 822 404 nn
843 355 991 404 runicus.

225 481 251 544 sl
277 479 365 544 forte
388 477 659 562 deprehendatur
685 499 727 545 ex
756 482 878 546 malitie
902 480 986 545 falso
1011 480 1233 548 denuntiasse.
1261 483 1340 564 Quo

225 618 322 683 poena
343 596 432 662 eludi
442 602 567 681 posset,
585 605 622 662 et
635 597 794 664 inutiliter
808 600 912 683 posita
930 598 1059 677 luisset,
1073 600 1099 664 si
1114 598 1337 678 denuntiator,

226 715 306 782 dum
319 715 401 781 falso
421 714 603 793 denuntiat,
623 722 787 781 suummet
802 716 1025 783 testimonium
1040 717 1251 818 interponere
1267 737 1344 802 pos-

227 840 298 899 set:
314 851 388 898 nam
402 832 611 918 quantumvis
623 839 755 916 apertus
768 832 991 910 calumniator,
1010 851 1081 898 sese
1101 834 1160 900 bac
1176 852 1240 899 una
1255 853 1341 900 voce
1451 857 1452 876 ¹

100 971 124 990 ··
228 956 434 1034 protegeret,
452 969 504 1031 apo
522 952 627 1014 dettctt
651 956 735 1012 testis
753 953 811 1030 snt.
829 948 869 1014 Id
885 956 1013 1014 tantum
1032 951 1157 1016 ratione
1173 951 1271 1031 efficti
1285 971 1346 1034 pte

133 1139 137 1146 ¹
230 1070 299 1131 tttot
320 1065 373 1151 jus
399 1065 587 1131 canonicum
607 1064 752 1144 indulsit,
768 1073 807 1130 ut
821 1067 848 1131 si
863 1065 995 1132 deliciet
1015 1064 1234 1149 inprobando
1256 1067 1348 1152 quod

230 1183 445 1261 denuntiavit,
465 1201 531 1247 non
547 1191 753 1266 presumatur
766 1183 943 1250 malitiosus
960 1182 1184 1262 calumniator,
1199 1184 1260 1248 nisi
1273 1204 1351 1268 pro-

229 1299 353 1366 betur:
377 1317 441 1384 quo
463 1299 576 1365 favore
598 1305 690 1364 caret
714 1299 861 1383 privatus
888 1298 1108 1378 denuntiator,
1137 1299 1350 1366 incumbente

229 1417 289 1499 ipsi
315 1413 527 1500 obligatione,
554 1416 581 1480 si
603 1418 636 1480 in
651 1415 821 1501 probando
844 1414 985 1492 deficiat,
1004 1416 1121 1481 bonam
1139 1433 1229 1482 suam
1248 1413 1350 1482 fidem

231 1531 430 1600 ostendendi
447 1538 481 1597 et
505 1551 524 1596 a
544 1538 741 1615 praesumpta
765 1532 925 1596 calumnia
935 1549 1011 1596 sese
1027 1531 1208 1616 purgandi3
1230 1531 1262 1594 in
1285 1550 1352 1617 quo
1451 1571 1452 1578 κ

233 1651 259 1714 sl
273 1648 416 1728 deficiat,
432 1649 701 1714 calumniatorum
714 1649 819 1732 poenis
834 1647 1018 1733 subjicitur.
1038 1650 1079 1714 Et
1093 1667 1173 1716 vcro
1189 1649 1216 1713 si
1233 1665 1354 1733 procu-

207 1743 210 1748 Ι
234 1775 325 1834 rator
340 1767 468 1845 fiscalis,
484 1787 524 1831 ex
539 1785 579 1831 eo
590 1764 680 1851 quod
691 1764 829 1831 officium
844 1765 1011 1850 publicum
1025 1763 1248 1832 denuntiando
1263 1785 1356 1832 exer-

234 1892 317 1963 ceat,
344 1889 515 1967 suspectus
537 1873 607 1948 esse
633 1901 699 1948 non
721 1883 853 1961 debeat,
873 1902 935 1948 nac
957 1903 976 1948 a
1000 1881 1138 1948 ferendo
1164 1884 1355 1952 testimonio

185 2009 195 2030 ·
236 1999 363 2085 repelli,
382 2019 441 2065 cur
464 2000 560 2065 etiam
583 1998 686 2085 judex
706 2017 772 2064 non
795 2007 908 2083 posset
922 2017 993 2065 esse
1008 1999 1102 2064 simul
1114 2000 1236 2065 testis?
1255 1999 1355 2082 Quod
1451 2031 1452 2050 2

237 2124 347 2181 tamen
362 2117 467 2181 omnia
480 2113 556 2199 jura
567 2115 744 2200 repellunt.
761 2116 852 2182 Absit
868 2135 945 2199 ergo
957 2116 1040 2181 utin
1054 2117 1151 2182 curiis
1169 2117 1357 2202 episcopali-

237 2232 300 2297 bus
314 2228 401 2296 dlcta
418 2233 524 2316 opinio
538 2231 581 2296 ed
596 2233 719 2316 praxim
735 2251 877 2316 unquam
892 2231 1081 2310 reducatur,
1099 2235 1146 2297 ita
1160 2233 1249 2318 quod
1263 2233 1357 2299 fisca·

238 2349 279 2414 lis
292 2357 462 2433 promotor
476 2348 738 2416 denuntiatorem
753 2350 847 2414 simul
867 2356 902 2414 et
918 2358 1037 2414 testem
1053 2355 1137 2433 egat.

285 2468 317 2530 2.
337 2465 452 2546 Quoad
464 2464 727 2532 denuntiatorem
738 2466 912 2548 privatum,
925 2466 980 2532 uel
991 2470 1161 2530 voluntarie
1174 2465 1357 2542 denuntiat,

242 2581 297 2650 rel
311 2603 351 2646 er
366 2587 547 2665 obltpattone
565 2573 730 2648 charitatis
748 2589 806 2647 eut
821 2582 952 2667 justitiae
971 2604 977 2648 :
1000 2583 1027 2647 si
1045 2583 1135 2666 prius
1156 2601 1221 2649 non
1239 2573 1359 2666 posse3

244 2701 270 2765 si
282 2700 444 2784 posterius
458 2717 551 2784 posse
564 2701 598 2763 in
609 2707 727 2766 testem
746 2699 857 2782 recipi,
879 2705 970 2765 tenet
983 2678 1140 2765 laudatus
1149 2699 1362 2766 Raidenstuel

117 2829 119 2836 ’
246 2816 356 2901 (citato
381 2813 477 2900 loco),
501 2815 658 2900 quosdam
680 2816 714 2879 in
739 2814 826 2880 hunc
851 2833 980 2880 sensum
1005 2815 1171 2882 adducens
1193 2816 1359 2884 doctores.

244 2930 338 2998 Ratio
361 2939 470 2996 eutem
494 2950 557 3016 qua
580 2931 647 2996 haeo
673 2929 821 2997 doctrina
837 2931 962 3009 nititur,
980 2938 1030 2997 est
1045 2931 1311 3000 denuntiatorem
1326 2953 1364 2998 ea

246 3049 426 3129 obltpattoae
437 3055 599 3130 agentem,
613 3046 884 3114 denuntiatorien
894 3049 990 3129 officio
1000 3066 1070 3114 esse
1083 3047 1361 3133 aequiparandum.
1451 3085 1452 3106 r

247 3163 328 3229 Cum
344 3181 423 3248 ergo
439 3163 504 3250 jam
519 3163 731 3249 rejecerimus
751 3165 1035 3251 opinionem,¹quae
1060 3164 1310 3232 denuntiantem
1326 3189 1364 3232 ec

246 3281 343 3362 efficto
358 3296 419 3363 pro
437 3287 522 3346 teste
546 3281 674 3364 recipit,
691 3278 813 3365 rejecta
829 3289 940 3346 manet
960 3281 1021 3347 hoo
1036 3283 1107 3365 ipso
1126 3282 1240 3348 eadem
1257 3284 1365 3366 opinio

250 3394 293 3461 ad
307 3394 570 3461 denuntiatorem
590 3415 629 3460 ee
645 3399 824 3477 obttpattone
846 3405 991 3463 extensa.
1371 3397 1374 3404 ’

791 3649 831 3712 V.

278 3883 425 3936 mammen
438 3881 507 3934 later
520 3882 628 3931 modam
639 3879 790 3945 inpetrandi
804 3895 836 3934 cc
849 3894 920 3934 mero
931 3882 1028 3948 officio,
1042 3885 1065 3934 et
1077 3881 1186 3932 nwdum
1198 3881 1350 3947 inquirendi

643 3981 679 4032 od
691 3981 848 4030 instantiam
858 3981 975 4031 numm.

246 4237 259 4248 ,.
298 4213 452 4296 Quamvis
467 4231 505 4277 ea
520 4209 704 4276 discrimina
717 4210 784 4296 jam
800 4212 917 4294 passim
931 4211 1150 4296 attigerimus,
1170 4229 1280 4296 operae
1295 4227 1368 4296 pre·

254 4329 337 4394 tium
351 4330 455 4394 visum
470 4333 521 4393 eet
533 4327 586 4392 bic
600 4329 634 4390 in
650 4346 752 4392 unum
768 4325 904 4393 collecta
920 4326 1095 4412 subjicere.

301 4467 317 4506 t(
335 4443 498 4510 Differunt
521 4441 609 4509 modi
623 4443 677 4508 isti
690 4444 725 4507 in
741 4443 909 4528 pluribus,
930 4449 968 4508 ut
982 4441 1096 4508 videre
1112 4450 1164 4509 est
1183 4442 1270 4528 apud
1285 4443 1367 4528 glos·
