2838 5114
218 314 282 385 428
554 329 741 379 rnrcrnrus
764 331 808 378 ou
830 328 980 378 romeus.

219 461 340 533 etune,
359 462 396 520 ut
410 453 555 522 decisum
574 461 624 520 est
642 453 748 538 eapite
766 458 900 518 Litteras
915 451 981 538 (ts,
1001 453 1054 520 tit.
1074 455 1126 531 13,
1143 452 1219 518 libri
1236 456 1255 518 i
1273 451 1324 519 de·

220 568 362 655 acret),
377 576 412 636 ei
429 571 534 654 capite
544 575 739 652 inquisitione·
749 569 803 646 44,
818 573 855 634 te
873 575 1029 636 Sententia
1041 567 1217 652 aaronem),
1234 569 1327 634 debet

220 685 360 769 «potius
378 685 715 752 excommunicationis
740 686 931 752 sententiam
960 685 1127 750 humiliter
1154 684 1322 760 sustinere,

220 823 236 861 a
251 817 347 884 quarn
361 819 420 882 per
433 799 560 866 cernale
573 801 802 866 commercium
819 807 990 884 peccatum
1007 800 1139 882 operari
1153 799 1299 864 mortale.

264 938 280 976 u
296 918 382 996 Quart
394 921 422 978 si
438 935 507 978 uero
525 936 584 980 nou
602 922 643 980 stt
657 925 739 980 certe
753 916 795 981 de
810 915 1063 1000 impedimento,
1091 913 1152 980 sed
1168 933 1209 980 ex
1227 912 1327 999 conje-

220 1054 236 1089 α
254 1031 355 1096 cturis
370 1031 473 1096 solum
488 1030 570 1098 illud
589 1031 702 1097 credat
723 1032 867 1108 subesse,
883 1029 1062 1098 ridendum
1076 1038 1127 1098 est
1145 1051 1187 1096 an
1203 1050 1243 1096 er
1255 1032 1326 1096 leri·

220 1146 313 1212 abus
324 1147 426 1210 solum
442 1145 639 1230 conjecturis
660 1147 695 1213 id
716 1146 842 1223 credat,
859 1147 911 1211 vel
926 1152 1038 1212 utrum
1057 1165 1098 1210 ex
1116 1145 1281 1228 grauibus.
1298 1145 1326 1208 si

219 1285 236 1322 a
253 1281 294 1328 ex
311 1262 449 1342 levibus,
467 1265 591 1344 poterit
601 1270 707 1328 totum
715 1262 798 1330 illud
809 1261 947 1328 dubium
963 1281 1004 1326 ex
1019 1262 1155 1327 consilio
1170 1260 1324 1326 Ordiuarii

220 1383 241 1438 a·
253 1378 307 1442 vel
321 1377 507 1444 confessarii
525 1375 704 1460 deponere,
724 1384 759 1442 et
779 1379 868 1444 licite
886 1376 1030 1444 reddere
1054 1385 1089 1442 et
1104 1384 1220 1460 petere
1246 1374 1323 1440 debi-

219 1515 236 1552 n
252 1500 322 1558 tum
334 1491 515 1576 conjugale.
530 1492 562 1558 Si
577 1512 616 1560 ex
632 1493 795 1577 gravibus,
810 1500 918 1576 potest
931 1492 1065 1577 quidem
1081 1489 1226 1556 reddere
1242 1488 1322 1555 debi-

221 1632 236 1670 a
250 1616 331 1688 tum,
345 1629 386 1673 ne
399 1609 550 1674 maritum
565 1611 599 1675 in
616 1607 778 1674 bonafide
792 1615 826 1674 et
837 1609 1038 1692 possessione
1052 1607 1248 1672 existentem
1257 1602 1322 1688 jure

221 1749 237 1786 n
254 1745 312 1792 suo
327 1726 454 1810 privet;
469 1725 528 1791 sed
549 1746 615 1792 nou
632 1733 741 1809 potest
766 1725 909 1810 exigere,
931 1727 1005 1810 quia
1020 1725 1054 1788 in
1070 1723 1172 1789 dubio
1190 1722 1322 1805 practico

221 1861 347 1926 argere
365 1842 534 1919 nonlicet,
554 1849 589 1908 et
600 1844 634 1906 iu
652 1861 692 1908 eo
704 1843 806 1908 tutior
825 1860 901 1925 pars
920 1849 972 1906 est
988 1839 1138 1924 eligenda
1154 1838 1267 1925 (capite
1278 1840 1321 1900 la·

222 1964 407 2040 «patruae
420 1955 529 2042 citato)
548 1981 554 2024 :
570 1957 658 2043 quod
672 1977 788 2024 verum
810 1964 860 2023 est
885 1958 1000 2022 saltem
1023 1963 1199 2040 antequam
1224 1953 1320 2020 debito

223 2097 239 2134 u
257 2072 353 2138 modo
370 2074 405 2138 in
422 2075 595 2140 veritatem
613 2073 837 2158 impedimenti
848 2074 980 2140 latentis
994 2072 1209 2156 indagaverit.
1227 2092 1243 2130 a

264 2190 416 2270 Qussrro
428 2199 471 2256 7¹.
494 2227 535 2240 -·
549 2197 584 2256 St
603 2197 803 2256 consummato
818 2195 1021 2269 matrimonio,
1041 2209 1122 2254 uuor
1136 2192 1261 2270 proprio
1276 2207 1320 2249 ur-

220 2309 363 2370 tdoritute
376 2310 505 2386 recedat,
522 2309 660 2387 objiciens
672 2313 778 2372 meriti
788 2309 984 2386 adulterium,
1003 2313 1033 2370 et
1053 2312 1184 2370 aeerttus
1200 2311 1280 2387 petat
1296 2325 1320 2366 se

217 2427 338 2486 restitui
357 2427 391 2486 irs
405 2428 589 2504 possessione
607 2427 751 2504 eonjupis,
779 2441 821 2486 ure
829 2425 929 2503 judee
949 2423 1025 2486 burte
1047 2426 1264 2486 restitutionem
1280 2421 1319 2484 te-

216 2557 334 2600 eeruere
351 2540 476 2602 beent?
491 2537 613 2601 -Vel
632 2535 829 2602 adulterium
843 2543 893 2602 est
905 2542 1056 2600 actorium
1072 2537 1126 2602 vel
1142 2556 1208 2602 uon
1224 2557 1230 2600 :
1251 2538 1281 2600 1⁰
1299 2535 1319 2599 si

216 2651 415 2718 adulterium
433 2651 595 2718 notorium
614 2652 673 2729 sit,
695 2671 759 2716 non
781 2659 831 2716 est
846 2650 1055 2724 decernenda
1073 2653 1255 2730 restitutio,
1272 2651 1320 2714 nisi

218 2766 418 2833 adulterium
443 2767 653 2832 commisisset
677 2768 775 2832 etiam
801 2785 896 2832 uxor.
922 2766 1054 2833 Constat
1078 2768 1185 2850 capite
1214 2767 1321 2850 Strati

216 2888 293 2946 rusti
311 2881 355 2967 (t,
371 2885 408 2946 de
421 2879 568 2965 bivora),
583 2883 689 2965 capite
705 2885 757 2946 Ere
769 2885 881 2947 litteris
900 2881 943 2967 (5,
958 2886 995 2946 de
1007 2881 1158 2966 Dicat),
1182 2891 1214 2949 et
1229 2883 1319 2965 capite

217 3000 428 3081 Intelleximus
445 2997 488 3084 (6,
503 3001 540 3062 de
553 2995 687 3081 Aderit).
701 2982 738 3062 25
746 2998 777 3062 Si
788 2997 986 3064 adulterium
1001 2998 1042 3064 ab
1058 3017 1161 3066 uxore
1172 2997 1319 3084 objectum

217 3113 382 3180 notorium
395 3133 460 3179 uon
474 3115 526 3191 sit,
544 3114 653 3180 statim
663 3115 760 3197 pleue
771 3112 979 3180 decernenda
991 3122 1041 3180 est
1050 3115 1226 3192 restitutio,
1236 3114 1318 3180 etiarn

219 3228 328 3314 quoad
348 3238 477 3308 torum,
499 3233 688 3317 priusquam
715 3231 923 3315 probationes
946 3229 989 3296 de
1014 3231 1181 3298 adulterio
1203 3231 1318 3298 audiun·

218 3353 275 3411 tur
286 3368 293 3430 ;
303 3346 517 3431 proceditque
527 3347 589 3412 boe
600 3348 726 3414 etiamsi
735 3366 818 3412 uxor
831 3346 1029 3413 adulterium
1040 3347 1197 3432 objiciens
1207 3354 1318 3432 paratu

219 3461 357 3528 baberet
369 3462 588 3545 probationes,
611 3470 645 3528 et
659 3463 693 3528 iu
708 3463 886 3530 continenti
899 3461 1055 3529 exhibere
1070 3471 1193 3546 posset.
1211 3467 1257 3530 lta
1271 3461 1317 3528 do
1411 3447 1412 3484 ³

218 3585 326 3645 ctores
345 3580 570 3646 communiter.
592 3577 684 3665 (Vide
701 3571 1003 3661 schmalzgrue'ber,
1020 3579 1054 3644 in
1074 3579 1126 3645 tit.
1148 3582 1200 3658 13,
1218 3578 1286 3644 libri
1301 3579 1316 3640 i

220 3692 360 3772 decret,
374 3713 407 3758 n.
425 3692 495 3778 65.)

264 3812 474 3890 Quernas.
492 3847 536 3860 -
547 3817 583 3876 Si
596 3831 674 3874 uuor
685 3817 848 3891 recesserit,
869 3817 970 3874 uotum
981 3818 1135 3892 perpetue
1144 3816 1318 3876 continentie

220 3933 323 3990 mutuo
335 3947 476 3992 consensu
489 3935 628 3992 emissum
651 3931 801 4011 objiciens,
813 3935 842 3992 et
859 3933 988 3990 meritus
1002 3933 1222 3992 restitutionem
1232 3932 1313 4010 petat,

221 4062 262 4106 aa
276 4047 317 4105 sit
331 4045 514 4108 elmerueadu
528 4047 701 4108 restitutio?
716 4039 927 4108 —Nonnulli
945 4048 1062 4124 putant
1079 4041 1143 4107 hoc
1163 4062 1238 4108 casu
1251 4057 1316 4106 uro

222 4177 303 4235 rem,
326 4160 353 4224 si
362 4159 552 4243 religionem
565 4161 707 4242 ingressa
722 4159 773 4235 sit,
792 4178 856 4223 non
872 4177 942 4222 esse
954 4158 1072 4223 marito
1084 4153 1312 4223 restituendam.

222 4272 288 4342 Sed
302 4278 503 4342 communius
515 4278 560 4342 ita
574 4275 801 4358 distinguitur:
818 4273 947 4338 restitui
958 4274 1071 4357 nequit
1085 4271 1193 4358 quoad
1206 4279 1310 4338 torum

223 4400 396 4479 antequam
411 4395 581 4478 probatum
596 4393 637 4462 sit
655 4392 805 4460 emissum
827 4395 941 4458 mutuo
961 4408 1118 4458 consensu
1140 4395 1261 4467 votum;
1278 4378 1310 4444 ob
