2838 5114
231 353 297 416 440
578 367 764 416 rmcrsrus
788 367 831 415 os
852 365 1001 414 tumens.

231 515 271 561 eo
289 469 354 560 uon
371 493 558 579 appelletur
573 492 626 559 vel
644 494 818 577 appellatio
835 491 1019 568 deseratur,
1042 495 1179 573 possunt
1194 487 1333 573 conjuges

231 629 351 676 notum
370 583 609 674 matrimonium
632 610 726 685 inire,
747 606 843 673 modo
867 605 997 672 aliunde
1019 603 1054 669 id
1077 604 1122 670 eis
1144 623 1211 670 non
1231 603 1273 669 sit
1292 605 1334 668 in·

231 726 420 792 terdictum.
437 723 534 804 Quod
553 725 598 820 sic
609 725 641 788 in
651 721 865 789 Benedictiua
880 723 1108 787 constitutione
1123 720 1150 807 (5
1172 719 1223 804 ll)
1238 717 1336 786 decer-

229 842 345 907 nitur:
378 841 437 905 «Si
464 837 607 904 secunda
634 839 793 904 sententia
826 839 921 904 alteri
945 836 1121 902 conformis
1144 836 1257 915 fuerit,
1285 835 1335 901 hoc

235 981 251 1018 c
267 965 328 1035 est,
349 957 376 1021 si
391 957 423 1021 iu
438 954 580 1022 secunda
595 974 687 1040 aequc
704 975 742 1019 ac
763 956 795 1019 in
811 956 915 1038 prima
933 955 1059 1020 nullum
1076 974 1114 1018 ac
1126 953 1259 1019 irritum
1281 973 1337 1018 ma·

234 1098 250 1135 «
268 1074 455 1139 trimouium
468 1071 651 1157 judicatum
667 1072 779 1152 fuerit,
797 1071 887 1138 etah
901 1091 940 1138 ea
958 1090 1033 1154 pars
1048 1071 1101 1136 vel
1124 1068 1336 1154 defensorpm

234 1209 251 1251 c
269 1209 326 1254 sua
339 1189 532 1254 conscientia
550 1207 615 1253 non
633 1187 814 1253 crediderit
828 1185 1067 1273 appellandum,
1090 1188 1146 1252 vel
1161 1187 1337 1271 appellatio·

234 1328 251 1366 a
269 1324 344 1370 nem
364 1304 587 1386 interpositam
602 1302 862 1388 prosequendam
891 1303 1020 1368 minime
1038 1303 1220 1386 censuerim
1238 1303 1271 1366 iu
1290 1321 1338 1385 po

132 1497 137 1502 Ι
235 1447 248 1482 o
266 1427 386 1488 testate
406 1430 441 1487 et
454 1419 593 1486 arbitrio
612 1419 787 1505 conjugum
810 1421 850 1484 sit
868 1439 968 1486 novas
987 1421 1117 1503 nuptias
1132 1418 1335 1502 contrahere;

235 1563 251 1599 a
269 1536 446 1603 dummodo
458 1537 553 1602 alicui
566 1555 689 1615 eorum,
704 1536 746 1603 ob
761 1536 894 1624 aliquod
905 1535 1175 1621 impedimentum
1187 1535 1242 1602 rel
1252 1535 1339 1618 legiti-

233 1680 248 1746 Ικ
268 1673 352 1718 mam
369 1672 508 1731 eausam,
530 1652 565 1718 id
583 1654 723 1718 vetitum
736 1673 801 1717 non
820 1653 872 1718 sit.
891 1675 906 1714 >2

276 1775 311 1837 3⁰
324 1771 485 1838 Praedicta
501 1771 639 1835 facultas
651 1768 826 1855 conjugum
836 1769 876 1834 ad
890 1788 991 1836 novas
1000 1771 1142 1853 nuptias,
1158 1773 1235 1852 post
1250 1767 1341 1851 dupli-

231 1908 303 1954 cem
318 1888 518 1955 conformem
543 1885 585 1952 de
609 1887 759 1952 nullitate
785 1887 990 1964 sententiam,
1017 1884 1222 1962 transeundi,
1238 1883 1341 1950 intelli-

231 2003 337 2089 genda
356 2013 416 2084 est,
439 2027 454 2065 «
476 2004 566 2068 salvo
585 2022 716 2086 semper
730 2011 763 2068 ct
784 2002 878 2069 firmo
895 2010 1083 2068 remanente
1098 2001 1173 2087 jure
1187 2021 1247 2066 seu
1261 1999 1343 2086 privi-

173 2163 174 2166 ,
236 2119 353 2205 «legio
388 2135 558 2184 causarum
594 2119 898 2195 matrimonialium,
936 2136 1007 2203 qua
1046 2117 1090 2185 ob
1121 2115 1343 2201 cujuscumque

235 2235 424 2318 «temporis
444 2234 572 2317 lapsum
598 2252 762 2318 uunquam
795 2240 968 2298 transeunt
997 2235 1031 2297 iu
1061 2251 1131 2298 rem
1152 2231 1340 2316 judicatam

235 2373 251 2412 a
269 2349 328 2416 sed
344 2352 370 2415 si
383 2370 467 2416 nova
481 2370 533 2416 res
547 2369 618 2434 quaa
634 2370 699 2415 non
713 2348 857 2414 deducta
877 2348 930 2413 vel
944 2349 1093 2431 ignorata
1103 2339 1209 2412 fuerit
1222 2346 1343 2430 detega-

234 2491 250 2528 κ
271 2475 338 2546 tur,
363 2467 484 2532 resumi
503 2475 638 2550 possunt
654 2471 688 2531 et
704 2485 817 2532 rursus
835 2467 868 2531 in
884 2464 1071 2550 judicialem
1098 2464 1342 2530 controversiam

234 2607 250 2646 c
267 2585 450 2649 revocari.»
465 2583 493 2669 (ς
513 2581 581 2668 11.)
602 2585 684 2647 Hinc
703 2583 730 2648 si
748 2591 823 2667 post
841 2583 1082 2668 pronuntiatam
1101 2581 1151 2646 bis
1169 2581 1341 2648 nullitateu

231 2701 330 2785 primi
345 2699 540 2766 matrimonii
559 2704 592 2764 et
607 2717 707 2763 novas
722 2699 903 2764 celebratas
919 2698 1059 2780 nuptias,
1083 2692 1261 2780 detegatur
1275 2695 1342 2761 vali·

232 2815 310 2882 dum
325 2815 424 2881 luisse
439 2816 577 2898 primum
604 2813 801 2899 conjugium,
824 2810 1065 2897 pronuntianda
1082 2811 1146 2877 erit
1164 2811 1342 2895 posterioris

230 2933 379 3010 nullitaS‚
398 2940 431 2996 et
447 2931 601 3016 conjuges
610 2931 652 2996 ad
670 2931 823 2997 standum
839 2929 939 3014 priori
955 2925 1093 3012 cogendi
1106 2935 1217 2994 crunt.

276 3043 438 3114 Poimen
454 3048 526 3114 vlt.
551 3085 595 3096 --
617 3051 665 3111 Am
678 3056 707 3110 et
729 3049 809 3111 mode
822 3047 996 3109 solvendum
1014 3050 1279 3108 matrimoniorum
1297 3047 1342 3106 dc·

231 3164 346 3242 semrom·
358 3163 530 3223 saloriam?
544 3158 640 3225 -Id
653 3157 884 3225 determinavit
898 3155 1109 3222 Benedictina
1121 3145 1342 3222 constitutioin

231 3275 319 3343 hunc
336 3277 469 3343 modum
486 3299 493 3343 :
519 3301 534 3338 c
550 3276 712 3343 Defensor
722 3277 928 3354 matrimonii,
948 3295 1045 3361 quem
1066 3273 1108 3340 ad
1123 3292 1245 3339 munus
1257 3289 1339 3338 suum

234 3417 250 3454 a
269 3394 369 3478 gratis
382 3391 568 3458 obeundum
588 3412 648 3476 pro
674 3373 784 3457 amore
803 3391 863 3457 Dei
882 3398 916 3456 et
938 3377 1077 3474 proximi
1092 3389 1235 3455 utilitate
1250 3387 1341 3454 etllc·

235 3533 251 3571 a
269 3511 373 3576 clesiae
390 3511 577 3575 reverentia
599 3509 632 3572 iu
654 3509 793 3575 'Domino
810 3507 1032 3584 exhortamur,
1061 3505 1088 3570 si
1106 3523 1243 3588 operam
1263 3519 1340 3568 suam

234 3649 251 3687 «
270 3627 337 3692 sinc
352 3625 503 3692 mercede
520 3633 576 3690 aut
590 3625 705 3689 salario
724 3623 829 3709 aliqua
845 3642 992 3690 excausa
1008 3623 1166 3689 exhibere
1180 3638 1340 3687 recusare

233 3763 250 3801 a
267 3741 320 3818 rit,
330 3739 370 3806 ab
382 3740 483 3824 ipsius
499 3758 601 3805 causae
613 3739 725 3824 judice
736 3740 766 3804 ei
777 3741 1004 3816 constituatur,
1015 3746 1049 3803 et
1064 3737 1104 3804 ab
1117 3758 1156 3802 ea
1165 3744 1337 3821 parteque

234 3879 250 3918 c
268 3875 328 3940 pro
346 3855 513 3921 validitate
531 3855 726 3921 matrimonii
738 3856 815 3939 agit,
832 3855 858 3919 si
871 3853 934 3937 ipsi
948 3853 1085 3921 facultas
1097 3852 1149 3930 sit,
1173 3852 1335 3918 solvatur:

234 3995 250 4032 c
270 3972 319 4037 siu
331 3973 446 4050 minus,
465 3951 600 4058 ajudice
615 3973 739 4055 primae,
757 3969 983 4048 velsecundae,
1002 3947 1176 4036 veltertiae
1194 3963 1338 4032 instantia

234 4109 251 4148 a
270 4092 453 4172 respective
469 4087 778 4172 subministrabitur3
791 4088 847 4174 qni
855 4087 1008 4171 pecunias
1021 4106 1061 4150 ex
1075 4084 1209 4150 mulctis
1221 4095 1337 4148 suorum

233 4225 249 4263 a
269 4204 477 4270 tribunalium
500 4201 651 4268 redactas
668 4203 722 4268 vel
749 4201 955 4286 redigendas,
975 4209 1010 4267 et
1032 4202 1066 4264 iu
1084 4219 1186 4284 opero
1204 4198 1254 4282 pia
1275 4210 1338 4258 eru

233 4341 250 4380 ι(
266 4318 395 4403 gaudes,
407 4321 442 4384 iu
456 4317 642 4404 hujusmodi
656 4329 806 4402 sumptus
814 4321 977 4384 insumere
992 4323 1163 4401 poterunt.
1181 4315 1259 4380 Cum
1268 4325 1337 4374 vero

234 4435 390 4519 «judices
410 4455 511 4501 causae
537 4443 635 4500 crunt
656 4433 784 4518 judices
802 4433 1022 4510 commissarii,
1040 4433 1094 4517 qui
1120 4452 1224 4517 neque
1240 4429 1335 4494 forum
