<?xml version="1.0" encoding="UTF-8"?>
<!DOCTYPE html PUBLIC "-//W3C//DTD XHTML 1.0 Transitional//EN"
    "http://www.w3.org/TR/xhtml1/DTD/xhtml1-transitional.dtd">
<html xmlns="http://www.w3.org/1999/xhtml" xml:lang="en" lang="en">
 <head>
  <title>
</title>
<meta http-equiv="Content-Type" content="text/html;charset=utf-8" />
  <meta name='ocr-system' content='tesseract 3.04.00' />
  <meta name='ocr-capabilities' content='ocr_page ocr_carea ocr_par ocr_line ocrx_word'/>
</head>
<body>
  <div class='ocr_page' id='page_1' title='image "./tractatusdejudi01bouigoog_0177.png"; bbox 0 0 2848 5118; ppageno 0'>
   <div class='ocr_carea' id='block_1_1' title="bbox 242 365 1014 426">
    <p class='ocr_par' dir='ltr' id='par_1_1' title="bbox 242 365 1014 426">
     <span class='ocr_line' id='line_1_1' title="bbox 242 365 1014 426; baseline -0.004 -1"><span class='ocrx_word' id='word_1_1' title='bbox 242 365 305 426; x_wconf 84' lang='grc'>168</span> <span class='ocrx_word' id='word_1_2' title='bbox 590 376 778 426; x_wconf 78' lang='lat' dir='ltr'>mansurus</span> <span class='ocrx_word' id='word_1_3' title='bbox 800 379 845 426; x_wconf 79' lang='lat' dir='ltr'>mr</span> <span class='ocrx_word' id='word_1_4' title='bbox 865 377 1014 426; x_wconf 81' lang='lat' dir='ltr'>runicus.</span> 
     </span>
    </p>
   </div>
   <div class='ocr_carea' id='block_1_2' title="bbox 128 500 1422 4303">
    <p class='ocr_par' dir='ltr' id='par_1_2' title="bbox 154 500 1422 1746">
     <span class='ocr_line' id='line_1_2' title="bbox 154 500 1341 588; baseline 0.002 -21"><span class='ocrx_word' id='word_1_5' title='bbox 154 505 157 510; x_wconf 73' lang='grc'>“</span> <span class='ocrx_word' id='word_1_6' title='bbox 241 511 308 568; x_wconf 82' lang='lat' dir='ltr'>test.</span> <span class='ocrx_word' id='word_1_7' title='bbox 339 505 373 567; x_wconf 78' lang='lat'>2⁰</span> <span class='ocrx_word' id='word_1_8' title='bbox 399 503 440 581; x_wconf 90' lang='lat' dir='ltr'>Si,</span> <span class='ocrx_word' id='word_1_9' title='bbox 462 508 633 588; x_wconf 82' lang='lat' dir='ltr'>postquam</span> <span class='ocrx_word' id='word_1_10' title='bbox 648 501 797 568; x_wconf 89' lang='lat' dir='ltr'>libellum</span> <span class='ocrx_word' id='word_1_11' title='bbox 812 500 943 582; x_wconf 88' lang='lat' dir='ltr'>obtulit,</span> <span class='ocrx_word' id='word_1_12' title='bbox 962 519 1029 566; x_wconf 91' lang='lat' dir='ltr'>non</span> <span class='ocrx_word' id='word_1_13' title='bbox 1054 508 1224 586; x_wconf 87' lang='lat' dir='ltr'>comparet</span> <span class='ocrx_word' id='word_1_14' title='bbox 1240 521 1281 569; x_wconf 90' lang='lat' dir='ltr'>eo</span> <span class='ocrx_word' id='word_1_15' title='bbox 1297 501 1341 569; x_wconf 88' lang='lat' dir='ltr'>die</span> 
     </span>
     <span class='ocr_line' id='line_1_3' title="bbox 239 615 1338 702; baseline 0.002 -21"><span class='ocrx_word' id='word_1_16' title='bbox 239 635 305 702; x_wconf 90' lang='lat' dir='ltr'>quo</span> <span class='ocrx_word' id='word_1_17' title='bbox 319 635 414 683; x_wconf 90' lang='lat' dir='ltr'>reum</span> <span class='ocrx_word' id='word_1_18' title='bbox 430 618 524 683; x_wconf 87' lang='lat' dir='ltr'>citari</span> <span class='ocrx_word' id='word_1_19' title='bbox 545 615 635 694; x_wconf 86' lang='lat' dir='ltr'>lecit,</span> <span class='ocrx_word' id='word_1_20' title='bbox 652 618 721 701; x_wconf 92' lang='lat' dir='ltr'>ipse</span> <span class='ocrx_word' id='word_1_21' title='bbox 738 625 820 682; x_wconf 90' lang='lat' dir='ltr'>est-a</span> <span class='ocrx_word' id='word_1_22' title='bbox 832 616 944 702; x_wconf 83' lang='lat' dir='ltr'>judice</span> <span class='ocrx_word' id='word_1_23' title='bbox 961 617 1122 684; x_wconf 83' lang='lat' dir='ltr'><strong>citandus.</strong></span> <span class='ocrx_word' id='word_1_24' title='bbox 1143 619 1179 684; x_wconf 80' lang='grc' dir='ltr'>3ο</span> <span class='ocrx_word' id='word_1_25' title='bbox 1196 617 1338 702; x_wconf 78' lang='lat' dir='ltr'>sineque</span> 
     </span>
     <span class='ocr_line' id='line_1_4' title="bbox 238 729 1344 817; baseline -0.002 -19"><span class='ocrx_word' id='word_1_26' title='bbox 238 739 427 816; x_wconf 80' lang='lat' dir='ltr'>compareat</span> <span class='ocrx_word' id='word_1_27' title='bbox 438 734 472 797; x_wconf 92' lang='lat' dir='ltr'>in</span> <span class='ocrx_word' id='word_1_28' title='bbox 486 736 590 817; x_wconf 92' lang='lat' dir='ltr'>primo</span> <span class='ocrx_word' id='word_1_29' title='bbox 604 741 638 798; x_wconf 89' lang='lat' dir='ltr'>et</span> <span class='ocrx_word' id='word_1_30' title='bbox 649 733 792 798; x_wconf 90' lang='lat' dir='ltr'>secundo</span> <span class='ocrx_word' id='word_1_31' title='bbox 803 733 944 799; x_wconf 87' lang='lat' dir='ltr'>termino</span> <span class='ocrx_word' id='word_1_32' title='bbox 956 733 988 799; x_wconf 91' lang='lat' dir='ltr'>ei</span> <span class='ocrx_word' id='word_1_33' title='bbox 998 733 1168 816; x_wconf 86' lang='lat' dir='ltr'>assignato,</span> <span class='ocrx_word' id='word_1_34' title='bbox 1183 729 1252 797; x_wconf 92' lang='lat' dir='ltr'>duo</span> <span class='ocrx_word' id='word_1_35' title='bbox 1264 751 1344 816; x_wconf 86' lang='lat' dir='ltr'>agen</span> 
     </span>
     <span class='ocr_line' id='line_1_5' title="bbox 241 835 1342 932; baseline 0 -18"><span class='ocrx_word' id='word_1_36' title='bbox 241 835 373 915; x_wconf 84' lang='lat' dir='ltr'>dosunt</span> <span class='ocrx_word' id='word_1_37' title='bbox 391 855 522 930; x_wconf 65' lang='lat' dir='ltr'>:prima</span> <span class='ocrx_word' id='word_1_38' title='bbox 539 847 741 914; x_wconf 86' lang='lat' dir='ltr'>damnandus</span> <span class='ocrx_word' id='word_1_39' title='bbox 767 857 819 914; x_wconf 90' lang='lat' dir='ltr'>est</span> <span class='ocrx_word' id='word_1_40' title='bbox 839 849 882 914; x_wconf 92' lang='lat' dir='ltr'>ad</span> <span class='ocrx_word' id='word_1_41' title='bbox 902 847 1074 915; x_wconf 82' lang='lat' dir='ltr'>solvendas</span> <span class='ocrx_word' id='word_1_42' title='bbox 1095 865 1154 915; x_wconf 90' lang='lat' dir='ltr'>reo</span> <span class='ocrx_word' id='word_1_43' title='bbox 1173 865 1342 932; x_wconf 83' lang='lat' dir='ltr'>expensas:</span> 
     </span>
     <span class='ocr_line' id='line_1_6' title="bbox 240 963 1345 1048; baseline 0.003 -23"><span class='ocrx_word' id='word_1_44' title='bbox 240 965 378 1042; x_wconf 73' lang='lat' dir='ltr'>comodo,</span> <span class='ocrx_word' id='word_1_45' title='bbox 396 965 422 1028; x_wconf 89' lang='grc'>01</span> <span class='ocrx_word' id='word_1_46' title='bbox 436 965 590 1048; x_wconf 89' lang='lat' dir='ltr'>posteuin</span> <span class='ocrx_word' id='word_1_47' title='bbox 604 964 702 1029; x_wconf 83' lang='lat' dir='ltr'>tertio</span> <span class='ocrx_word' id='word_1_48' title='bbox 714 967 855 1029; x_wconf 90' lang='lat' dir='ltr'>termino</span> <span class='ocrx_word' id='word_1_49' title='bbox 871 983 942 1030; x_wconf 90' lang='lat' dir='ltr'>sese</span> <span class='ocrx_word' id='word_1_50' title='bbox 962 964 1064 1042; x_wconf 88' lang='lat' dir='ltr'>sistat,</span> <span class='ocrx_word' id='word_1_51' title='bbox 1079 970 1114 1030; x_wconf 90' lang='lat' dir='ltr'>et</span> <span class='ocrx_word' id='word_1_52' title='bbox 1130 970 1224 1046; x_wconf 89' lang='lat' dir='ltr'>petat</span> <span class='ocrx_word' id='word_1_53' title='bbox 1234 963 1345 1030; x_wconf 88' lang='lat' dir='ltr'>iterum</span> 
     </span>
     <span class='ocr_line' id='line_1_7' title="bbox 242 1078 1344 1164; baseline 0.001 -22"><span class='ocrx_word' id='word_1_54' title='bbox 242 1078 335 1144; x_wconf 87' lang='lat' dir='ltr'>citari</span> <span class='ocrx_word' id='word_1_55' title='bbox 353 1097 456 1157; x_wconf 90' lang='lat' dir='ltr'>reum,</span> <span class='ocrx_word' id='word_1_56' title='bbox 473 1086 604 1146; x_wconf 91' lang='lat' dir='ltr'>nonest</span> <span class='ocrx_word' id='word_1_57' title='bbox 628 1079 822 1158; x_wconf 89' lang='lat' dir='ltr'>audiendus,</span> <span class='ocrx_word' id='word_1_58' title='bbox 839 1080 902 1145; x_wconf 88' lang='lat' dir='ltr'>nisi</span> <span class='ocrx_word' id='word_1_59' title='bbox 923 1079 982 1146; x_wconf 87' lang='lat' dir='ltr'>det</span> <span class='ocrx_word' id='word_1_60' title='bbox 1004 1080 1198 1158; x_wconf 79' lang='lat' dir='ltr'>caudoucm,</span> <span class='ocrx_word' id='word_1_61' title='bbox 1218 1078 1344 1164; x_wconf 92' lang='lat' dir='ltr'>quodin</span> 
     </span>
     <span class='ocr_line' id='line_1_8' title="bbox 241 1195 1422 1282; baseline -0.003 -22"><span class='ocrx_word' id='word_1_62' title='bbox 241 1195 381 1262; x_wconf 89' lang='lat' dir='ltr'>termino</span> <span class='ocrx_word' id='word_1_63' title='bbox 396 1202 519 1261; x_wconf 90' lang='lat' dir='ltr'>statuto</span> <span class='ocrx_word' id='word_1_64' title='bbox 531 1195 672 1280; x_wconf 88' lang='lat' dir='ltr'>parebit.</span> <span class='ocrx_word' id='word_1_65' title='bbox 691 1197 726 1261; x_wconf 82' lang='grc' dir='ltr'>4ο</span> <span class='ocrx_word' id='word_1_66' title='bbox 748 1197 844 1278; x_wconf 86' lang='lat' dir='ltr'>Quod</span> <span class='ocrx_word' id='word_1_67' title='bbox 859 1197 885 1261; x_wconf 94' lang='lat' dir='ltr'>si</span> <span class='ocrx_word' id='word_1_68' title='bbox 900 1215 1005 1282; x_wconf 87' lang='lat' dir='ltr'>neque</span> <span class='ocrx_word' id='word_1_69' title='bbox 1024 1196 1058 1259; x_wconf 92' lang='lat' dir='ltr'>in</span> <span class='ocrx_word' id='word_1_70' title='bbox 1072 1195 1213 1262; x_wconf 88' lang='lat' dir='ltr'>temnino</span> <span class='ocrx_word' id='word_1_71' title='bbox 1228 1214 1346 1279; x_wconf 90' lang='lat' dir='ltr'>perem-</span> <span class='ocrx_word' id='word_1_72' title='bbox 1421 1245 1422 1256; x_wconf 70' lang='grc'>,</span> 
     </span>
     <span class='ocr_line' id='line_1_9' title="bbox 243 1289 1422 1396; baseline -0.004 -20"><span class='ocrx_word' id='word_1_73' title='bbox 243 1289 351 1395; x_wconf 87' lang='lat' dir='ltr'>ptorio</span> <span class='ocrx_word' id='word_1_74' title='bbox 373 1319 569 1395; x_wconf 81' lang='lat' dir='ltr'><strong>compareat,</strong></span> <span class='ocrx_word' id='word_1_75' title='bbox 587 1319 622 1377; x_wconf 91' lang='lat' dir='ltr'>et</span> <span class='ocrx_word' id='word_1_76' title='bbox 639 1313 803 1377; x_wconf 81' lang='lat' dir='ltr'>nesciatur</span> <span class='ocrx_word' id='word_1_77' title='bbox 825 1312 949 1390; x_wconf 91' lang='lat' dir='ltr'>ubisit,</span> <span class='ocrx_word' id='word_1_78' title='bbox 966 1320 1045 1376; x_wconf 87' lang='lat' dir='ltr'>tuuc</span> <span class='ocrx_word' id='word_1_79' title='bbox 1061 1317 1257 1395; x_wconf 88' lang='lat' dir='ltr'>procurator</span> <span class='ocrx_word' id='word_1_80' title='bbox 1272 1311 1341 1396; x_wconf 85' lang='lat' dir='ltr'>ejus,</span> <span class='ocrx_word' id='word_1_81' title='bbox 1421 1309 1422 1371; x_wconf 76' lang='lat' dir='ltr'>i</span> 
     </span>
     <span class='ocr_line' id='line_1_10' title="bbox 243 1425 1422 1514; baseline -0.001 -23"><span class='ocrx_word' id='word_1_82' title='bbox 243 1427 271 1491; x_wconf 91' lang='lat' dir='ltr'>si</span> <span class='ocrx_word' id='word_1_83' title='bbox 288 1445 385 1512; x_wconf 87' lang='lat' dir='ltr'>quem</span> <span class='ocrx_word' id='word_1_84' title='bbox 394 1426 575 1511; x_wconf 83' lang='lat' dir='ltr'><strong>reliquerit,</strong></span> <span class='ocrx_word' id='word_1_85' title='bbox 590 1427 682 1491; x_wconf 89' lang='lat' dir='ltr'>citari</span> <span class='ocrx_word' id='word_1_86' title='bbox 692 1425 796 1510; x_wconf 12' lang='lat' dir='ltr'>&#39;dehet</span> <span class='ocrx_word' id='word_1_87' title='bbox 808 1427 917 1514; x_wconf 90' lang='lat' dir='ltr'>(modo</span> <span class='ocrx_word' id='word_1_88' title='bbox 932 1447 1027 1492; x_wconf 91' lang='lat' dir='ltr'>causa</span> <span class='ocrx_word' id='word_1_89' title='bbox 1039 1445 1098 1510; x_wconf 93' lang='lat' dir='ltr'>per</span> <span class='ocrx_word' id='word_1_90' title='bbox 1109 1432 1346 1510; x_wconf 90' lang='lat' dir='ltr'>procuratorem</span> <span class='ocrx_word' id='word_1_91' title='bbox 1421 1453 1422 1478; x_wconf 61' lang='grc'>1</span> 
     </span>
     <span class='ocr_line' id='line_1_11' title="bbox 244 1540 1422 1628; baseline -0.005 -20"><span class='ocrx_word' id='word_1_92' title='bbox 244 1543 295 1626; x_wconf 87' lang='lat' dir='ltr'>agi</span> <span class='ocrx_word' id='word_1_93' title='bbox 307 1540 416 1628; x_wconf 75' lang='lat' dir='ltr'>possit)</span> <span class='ocrx_word' id='word_1_94' title='bbox 434 1544 511 1627; x_wconf 90' lang='lat' dir='ltr'>:qui</span> <span class='ocrx_word' id='word_1_95' title='bbox 525 1551 727 1625; x_wconf 87' lang='lat' dir='ltr'>procurator,</span> <span class='ocrx_word' id='word_1_96' title='bbox 742 1545 769 1608; x_wconf 92' lang='lat' dir='ltr'>si</span> <span class='ocrx_word' id='word_1_97' title='bbox 785 1552 980 1628; x_wconf 83' lang='lat' dir='ltr'>compareat,</span> <span class='ocrx_word' id='word_1_98' title='bbox 1000 1563 1074 1609; x_wconf 89' lang='lat' dir='ltr'>oum</span> <span class='ocrx_word' id='word_1_99' title='bbox 1091 1563 1131 1609; x_wconf 88' lang='lat' dir='ltr'>eo</span> <span class='ocrx_word' id='word_1_100' title='bbox 1147 1543 1241 1609; x_wconf 89' lang='lat' dir='ltr'>litem</span> <span class='ocrx_word' id='word_1_101' title='bbox 1267 1561 1346 1608; x_wconf 89' lang='lat' dir='ltr'>suam</span> <span class='ocrx_word' id='word_1_102' title='bbox 1421 1563 1422 1602; x_wconf 72' lang='lat'>3</span> 
     </span>
     <span class='ocr_line' id='line_1_12' title="bbox 245 1658 1422 1746; baseline -0.003 -22"><span class='ocrx_word' id='word_1_103' title='bbox 245 1665 464 1746; x_wconf 85' lang='lat' dir='ltr'>prosequetur</span> <span class='ocrx_word' id='word_1_104' title='bbox 484 1679 571 1725; x_wconf 91' lang='lat' dir='ltr'>reus.</span> <span class='ocrx_word' id='word_1_105' title='bbox 595 1660 626 1724; x_wconf 86' lang='lat' dir='ltr'>Si</span> <span class='ocrx_word' id='word_1_106' title='bbox 642 1679 749 1745; x_wconf 89' lang='lat' dir='ltr'>neque</span> <span class='ocrx_word' id='word_1_107' title='bbox 772 1661 851 1725; x_wconf 91' lang='lat' dir='ltr'>isin</span> <span class='ocrx_word' id='word_1_108' title='bbox 869 1658 1029 1746; x_wconf 91' lang='lat' dir='ltr'>judicium</span> <span class='ocrx_word' id='word_1_109' title='bbox 1049 1661 1173 1737; x_wconf 88' lang='lat' dir='ltr'>veniat,</span> <span class='ocrx_word' id='word_1_110' title='bbox 1194 1668 1252 1724; x_wconf 93' lang='lat' dir='ltr'>aut</span> <span class='ocrx_word' id='word_1_111' title='bbox 1267 1667 1348 1724; x_wconf 87' lang='lat' dir='ltr'>actor</span> <span class='ocrx_word' id='word_1_112' title='bbox 1421 1679 1422 1720; x_wconf 79' lang='lat' dir='ltr'>l</span> 
     </span>
    </p>

    <p class='ocr_par' dir='ltr' id='par_1_3' title="bbox 215 1775 1422 2323">
     <span class='ocr_line' id='line_1_13' title="bbox 215 1775 1349 1871; baseline -0.001 -32"><span class='ocrx_word' id='word_1_113' title='bbox 215 1863 220 1871; x_wconf 29' lang='grc' dir='ltr'>Ι</span> <span class='ocrx_word' id='word_1_114' title='bbox 245 1775 371 1840; x_wconf 90' lang='lat' dir='ltr'>nullum</span> <span class='ocrx_word' id='word_1_115' title='bbox 387 1782 633 1859; x_wconf 89' lang='lat' dir='ltr'>procuratorem</span> <span class='ocrx_word' id='word_1_116' title='bbox 648 1775 791 1860; x_wconf 89' lang='lat' dir='ltr'>reliquit,</span> <span class='ocrx_word' id='word_1_117' title='bbox 810 1775 916 1841; x_wconf 90' lang='lat' dir='ltr'>adhuc</span> <span class='ocrx_word' id='word_1_118' title='bbox 932 1776 1037 1841; x_wconf 89' lang='lat' dir='ltr'>tribus</span> <span class='ocrx_word' id='word_1_119' title='bbox 1059 1775 1185 1842; x_wconf 87' lang='lat' dir='ltr'>vicibus</span> <span class='ocrx_word' id='word_1_120' title='bbox 1199 1793 1260 1859; x_wconf 89' lang='lat' dir='ltr'>per</span> <span class='ocrx_word' id='word_1_121' title='bbox 1272 1775 1349 1840; x_wconf 89' lang='lat' dir='ltr'>trina</span> 
     </span>
     <span class='ocr_line' id='line_1_14' title="bbox 247 1889 1422 1958; baseline -0.002 -2"><span class='ocrx_word' id='word_1_122' title='bbox 247 1891 375 1956; x_wconf 88' lang='lat' dir='ltr'>dierum</span> <span class='ocrx_word' id='word_1_123' title='bbox 395 1889 513 1956; x_wconf 89' lang='lat' dir='ltr'>decem</span> <span class='ocrx_word' id='word_1_124' title='bbox 526 1892 698 1957; x_wconf 89' lang='lat' dir='ltr'>intervalla</span> <span class='ocrx_word' id='word_1_125' title='bbox 709 1890 817 1958; x_wconf 88' lang='lat' dir='ltr'>dictus</span> <span class='ocrx_word' id='word_1_126' title='bbox 833 1900 925 1957; x_wconf 90' lang='lat' dir='ltr'>actor</span> <span class='ocrx_word' id='word_1_127' title='bbox 940 1890 1088 1958; x_wconf 85' lang='lat' dir='ltr'>citandus</span> <span class='ocrx_word' id='word_1_128' title='bbox 1104 1898 1165 1957; x_wconf 90' lang='lat' dir='ltr'>est.</span> <span class='ocrx_word' id='word_1_129' title='bbox 1177 1890 1349 1957; x_wconf 85' lang='lat' dir='ltr'>Tandemsi</span> <span class='ocrx_word' id='word_1_130' title='bbox 1421 1899 1422 1902; x_wconf 75' lang='grc'>’</span> 
     </span>
     <span class='ocr_line' id='line_1_15' title="bbox 248 2007 1351 2092; baseline -0.003 -20"><span class='ocrx_word' id='word_1_131' title='bbox 248 2025 353 2092; x_wconf 87' lang='lat' dir='ltr'>neque</span> <span class='ocrx_word' id='word_1_132' title='bbox 362 2015 443 2071; x_wconf 92' lang='lat' dir='ltr'>tunc</span> <span class='ocrx_word' id='word_1_133' title='bbox 454 2016 530 2072; x_wconf 91' lang='lat' dir='ltr'>ante</span> <span class='ocrx_word' id='word_1_134' title='bbox 542 2007 688 2092; x_wconf 90' lang='lat' dir='ltr'>elapsum</span> <span class='ocrx_word' id='word_1_135' title='bbox 702 2008 877 2072; x_wconf 89' lang='lat' dir='ltr'>terminum</span> <span class='ocrx_word' id='word_1_136' title='bbox 889 2009 1146 2092; x_wconf 86' lang='lat' dir='ltr'>peremptorium</span> <span class='ocrx_word' id='word_1_137' title='bbox 1161 2013 1351 2092; x_wconf 84' lang='lat' dir='ltr'>compareat,</span> 
     </span>
     <span class='ocr_line' id='line_1_16' title="bbox 247 2123 1422 2216; baseline 0.001 -27"><span class='ocrx_word' id='word_1_138' title='bbox 247 2123 349 2208; x_wconf 85' lang='lat' dir='ltr'>jadex</span> <span class='ocrx_word' id='word_1_139' title='bbox 364 2125 480 2189; x_wconf 91' lang='lat' dir='ltr'>audire</span> <span class='ocrx_word' id='word_1_140' title='bbox 503 2123 605 2190; x_wconf 88' lang='lat' dir='ltr'>debet</span> <span class='ocrx_word' id='word_1_141' title='bbox 627 2131 726 2190; x_wconf 88' lang='lat' dir='ltr'>testes</span> <span class='ocrx_word' id='word_1_142' title='bbox 746 2131 780 2189; x_wconf 91' lang='lat' dir='ltr'>et</span> <span class='ocrx_word' id='word_1_143' title='bbox 799 2125 1006 2216; x_wconf 80' lang='lat' dir='ltr'>probationes</span> <span class='ocrx_word' id='word_1_144' title='bbox 1024 2127 1094 2205; x_wconf 88' lang='lat' dir='ltr'>Rei,</span> <span class='ocrx_word' id='word_1_145' title='bbox 1113 2135 1147 2192; x_wconf 89' lang='lat' dir='ltr'>et</span> <span class='ocrx_word' id='word_1_146' title='bbox 1170 2125 1265 2211; x_wconf 84' lang='lat' dir='ltr'>juxta</span> <span class='ocrx_word' id='word_1_147' title='bbox 1283 2143 1350 2208; x_wconf 84' lang='lat' dir='ltr'>pro</span> <span class='ocrx_word' id='word_1_148' title='bbox 1421 2147 1422 2174; x_wconf 65' lang='grc'>1</span> 
     </span>
     <span class='ocr_line' id='line_1_17' title="bbox 248 2225 1350 2323; baseline -0.002 -18"><span class='ocrx_word' id='word_1_149' title='bbox 248 2241 325 2306; x_wconf 89' lang='lat' dir='ltr'>bata</span> <span class='ocrx_word' id='word_1_150' title='bbox 345 2242 540 2306; x_wconf 85' lang='lat' dir='ltr'>sententiam</span> <span class='ocrx_word' id='word_1_151' title='bbox 563 2225 765 2306; x_wconf 87' lang='lat' dir='ltr'>definitivam</span> <span class='ocrx_word' id='word_1_152' title='bbox 782 2225 1007 2323; x_wconf 88' lang='lat' dir='ltr'>pronuntiare.</span> <span class='ocrx_word' id='word_1_153' title='bbox 1031 2241 1167 2307; x_wconf 87' lang='lat' dir='ltr'>Gurabit</span> <span class='ocrx_word' id='word_1_154' title='bbox 1189 2247 1298 2306; x_wconf 88' lang='lat' dir='ltr'>tamen</span> <span class='ocrx_word' id='word_1_155' title='bbox 1318 2247 1350 2303; x_wconf 91' lang='lat' dir='ltr'>ut</span> 
     </span>
    </p>

    <p class='ocr_par' dir='ltr' id='par_1_4' title="bbox 128 2355 1422 2442">
     <span class='ocr_line' id='line_1_18' title="bbox 128 2355 1422 2442; baseline -0.003 -20"><span class='ocrx_word' id='word_1_156' title='bbox 128 2363 133 2380; x_wconf 58' lang='lat'><em>³</em></span> <span class='ocrx_word' id='word_1_157' title='bbox 252 2375 312 2440; x_wconf 90' lang='lat' dir='ltr'>per</span> <span class='ocrx_word' id='word_1_158' title='bbox 327 2375 381 2434; x_wconf 90' lang='lat' dir='ltr'>se,</span> <span class='ocrx_word' id='word_1_159' title='bbox 399 2357 453 2422; x_wconf 87' lang='lat' dir='ltr'>vel</span> <span class='ocrx_word' id='word_1_160' title='bbox 471 2376 531 2440; x_wconf 89' lang='lat' dir='ltr'>per</span> <span class='ocrx_word' id='word_1_161' title='bbox 555 2357 696 2442; x_wconf 83' lang='lat' dir='ltr'>aliquem</span> <span class='ocrx_word' id='word_1_162' title='bbox 716 2355 807 2421; x_wconf 90' lang='lat' dir='ltr'>adid</span> <span class='ocrx_word' id='word_1_163' title='bbox 827 2375 869 2421; x_wconf 83' lang='lat' dir='ltr'>ex</span> <span class='ocrx_word' id='word_1_164' title='bbox 893 2355 995 2424; x_wconf 90' lang='lat' dir='ltr'>officio</span> <span class='ocrx_word' id='word_1_165' title='bbox 1012 2356 1224 2440; x_wconf 90' lang='lat' dir='ltr'>deputatum,</span> <span class='ocrx_word' id='word_1_166' title='bbox 1241 2378 1278 2422; x_wconf 93' lang='lat' dir='ltr'>ea</span> <span class='ocrx_word' id='word_1_167' title='bbox 1296 2374 1353 2420; x_wconf 93' lang='lat' dir='ltr'>nou</span> <span class='ocrx_word' id='word_1_168' title='bbox 1417 2383 1422 2440; x_wconf 56' lang='lat' dir='ltr'><em>st</em></span> 
     </span>
    </p>

    <p class='ocr_par' dir='ltr' id='par_1_5' title="bbox 251 2455 1422 2672">
     <span class='ocr_line' id='line_1_19' title="bbox 251 2455 1422 2558; baseline -0.001 -21"><span class='ocrx_word' id='word_1_169' title='bbox 251 2473 457 2556; x_wconf 82' lang='lat' dir='ltr'>negligantur</span> <span class='ocrx_word' id='word_1_170' title='bbox 471 2492 541 2558; x_wconf 80' lang='lat' dir='ltr'>quaa</span> <span class='ocrx_word' id='word_1_171' title='bbox 556 2473 666 2540; x_wconf 87' lang='lat' dir='ltr'>forent</span> <span class='ocrx_word' id='word_1_172' title='bbox 678 2475 711 2538; x_wconf 92' lang='lat' dir='ltr'>in</span> <span class='ocrx_word' id='word_1_173' title='bbox 726 2473 871 2539; x_wconf 82' lang='lat' dir='ltr'>favorem</span> <span class='ocrx_word' id='word_1_174' title='bbox 885 2455 1004 2538; x_wconf 86' lang='lat' dir='ltr'>actoris</span> <span class='ocrx_word' id='word_1_175' title='bbox 1022 2471 1174 2551; x_wconf 89' lang='lat' dir='ltr'>absentis,</span> <span class='ocrx_word' id='word_1_176' title='bbox 1191 2481 1230 2540; x_wconf 89' lang='lat' dir='ltr'>ut</span> <span class='ocrx_word' id='word_1_177' title='bbox 1252 2472 1294 2538; x_wconf 89' lang='lat' dir='ltr'>sic</span> <span class='ocrx_word' id='word_1_178' title='bbox 1307 2489 1353 2537; x_wconf 83' lang='lat' dir='ltr'>re</span> <span class='ocrx_word' id='word_1_179' title='bbox 1421 2497 1422 2506; x_wconf 50' lang='lat'>¹</span> 
     </span>
     <span class='ocr_line' id='line_1_20' title="bbox 251 2569 1344 2672; baseline -0.001 -18"><span class='ocrx_word' id='word_1_180' title='bbox 251 2591 331 2654; x_wconf 91' lang='lat' dir='ltr'>ritas</span> <span class='ocrx_word' id='word_1_181' title='bbox 343 2569 459 2654; x_wconf 87' lang='lat' dir='ltr'>melius</span> <span class='ocrx_word' id='word_1_182' title='bbox 475 2589 537 2672; x_wconf 90' lang='lat' dir='ltr'>ipsi</span> <span class='ocrx_word' id='word_1_183' title='bbox 549 2591 741 2654; x_wconf 90' lang='lat' dir='ltr'>innotescat.</span> <span class='ocrx_word' id='word_1_184' title='bbox 1342 2647 1344 2653; x_wconf 27' lang='lat' dir='ltr'><strong><em>s</em></strong></span> 
     </span>
    </p>

    <p class='ocr_par' dir='ltr' id='par_1_6' title="bbox 251 2703 1353 3025">
     <span class='ocr_line' id='line_1_21' title="bbox 296 2703 1353 2790; baseline -0.004 -19"><span class='ocrx_word' id='word_1_185' title='bbox 296 2707 436 2771; x_wconf 83' lang='lat' dir='ltr'>Notatur</span> <span class='ocrx_word' id='word_1_186' title='bbox 458 2713 569 2770; x_wconf 86' lang='lat' dir='ltr'>autem</span> <span class='ocrx_word' id='word_1_187' title='bbox 593 2705 651 2770; x_wconf 92' lang='lat' dir='ltr'>has</span> <span class='ocrx_word' id='word_1_188' title='bbox 666 2703 748 2790; x_wconf 87' lang='lat' dir='ltr'>juris</span> <span class='ocrx_word' id='word_1_189' title='bbox 767 2705 851 2771; x_wconf 87' lang='lat' dir='ltr'>sacri</span> <span class='ocrx_word' id='word_1_190' title='bbox 874 2704 1100 2790; x_wconf 91' lang='lat' dir='ltr'>dispositiones</span> <span class='ocrx_word' id='word_1_191' title='bbox 1114 2706 1148 2769; x_wconf 92' lang='lat' dir='ltr'>in</span> <span class='ocrx_word' id='word_1_192' title='bbox 1169 2704 1353 2772; x_wconf 87' lang='lat' dir='ltr'>nonnulllsa</span> 
     </span>
     <span class='ocr_line' id='line_1_22' title="bbox 251 2817 1353 2908; baseline -0.003 -21"><span class='ocrx_word' id='word_1_193' title='bbox 251 2823 325 2908; x_wconf 84' lang='lat' dir='ltr'>jure</span> <span class='ocrx_word' id='word_1_194' title='bbox 339 2823 540 2888; x_wconf 80' lang='lat' dir='ltr'>&#39;lastinianeo</span> <span class='ocrx_word' id='word_1_195' title='bbox 558 2821 728 2888; x_wconf 87' lang='lat' dir='ltr'>recodere.</span> <span class='ocrx_word' id='word_1_196' title='bbox 745 2821 841 2904; x_wconf 88' lang='lat' dir='ltr'>Quod</span> <span class='ocrx_word' id='word_1_197' title='bbox 861 2820 1038 2888; x_wconf 89' lang='lat' dir='ltr'>discrimen</span> <span class='ocrx_word' id='word_1_198' title='bbox 1052 2821 1086 2887; x_wconf 90' lang='lat' dir='ltr'>in</span> <span class='ocrx_word' id='word_1_199' title='bbox 1109 2841 1174 2907; x_wconf 87' lang='lat' dir='ltr'>quo</span> <span class='ocrx_word' id='word_1_200' title='bbox 1195 2829 1271 2900; x_wconf 90' lang='lat' dir='ltr'>stet,</span> <span class='ocrx_word' id='word_1_201' title='bbox 1287 2817 1353 2886; x_wconf 85' lang='lat' dir='ltr'>ride</span> 
     </span>
     <span class='ocr_line' id='line_1_23' title="bbox 255 2935 1259 3025; baseline 0.002 -23"><span class='ocrx_word' id='word_1_202' title='bbox 255 2935 344 3022; x_wconf 90' lang='lat' dir='ltr'>apud</span> <span class='ocrx_word' id='word_1_203' title='bbox 355 2937 643 3022; x_wconf 87' lang='lat' dir='ltr'>Schmalzgrueber</span> <span class='ocrx_word' id='word_1_204' title='bbox 656 2937 699 3025; x_wconf 84' lang='lat' dir='ltr'>(in</span> <span class='ocrx_word' id='word_1_205' title='bbox 709 2939 761 3003; x_wconf 89' lang='lat' dir='ltr'>tit.</span> <span class='ocrx_word' id='word_1_206' title='bbox 786 2940 836 3017; x_wconf 80' lang='lat' dir='ltr'>ll,</span> <span class='ocrx_word' id='word_1_207' title='bbox 855 2937 960 3004; x_wconf 72' lang='lat' dir='ltr'>libris</span> <span class='ocrx_word' id='word_1_208' title='bbox 977 2936 1119 3016; x_wconf 85' lang='lat' dir='ltr'>decret,</span> <span class='ocrx_word' id='word_1_209' title='bbox 1138 2959 1172 3002; x_wconf 91' lang='lat' dir='ltr'>n.</span> <span class='ocrx_word' id='word_1_210' title='bbox 1191 2937 1259 3023; x_wconf 82' lang='lat'>48).</span> 
     </span>
    </p>

    <p class='ocr_par' dir='ltr' id='par_1_7' title="bbox 254 3055 1422 4047">
     <span class='ocr_line' id='line_1_24' title="bbox 299 3055 1354 3138; baseline -0.004 -18"><span class='ocrx_word' id='word_1_211' title='bbox 299 3055 450 3136; x_wconf 79' lang='lat' dir='ltr'>Qumsrro</span> <span class='ocrx_word' id='word_1_212' title='bbox 468 3057 513 3120; x_wconf 81' lang='lat'>6¹.</span> <span class='ocrx_word' id='word_1_213' title='bbox 531 3091 576 3104; x_wconf 90' lang='lat'>—-</span> <span class='ocrx_word' id='word_1_214' title='bbox 594 3059 745 3136; x_wconf 74' lang='grc'>(1000010010</span> <span class='ocrx_word' id='word_1_215' title='bbox 756 3057 976 3138; x_wconf 76' lang='lat' dir='ltr'>procedendum</span> <span class='ocrx_word' id='word_1_216' title='bbox 989 3061 1031 3118; x_wconf 81' lang='lat' dir='ltr'>stt</span> <span class='ocrx_word' id='word_1_217' title='bbox 1047 3063 1152 3118; x_wconf 75' lang='lat' dir='ltr'>contro</span> <span class='ocrx_word' id='word_1_218' title='bbox 1170 3075 1254 3119; x_wconf 80' lang='lat' dir='ltr'>reum</span> <span class='ocrx_word' id='word_1_219' title='bbox 1267 3060 1354 3118; x_wconf 76' lang='lat' dir='ltr'>contu</span> 
     </span>
     <span class='ocr_line' id='line_1_25' title="bbox 255 3166 1355 3257; baseline -0.003 -23"><span class='ocrx_word' id='word_1_220' title='bbox 255 3191 376 3250; x_wconf 83' lang='lat' dir='ltr'>motem,</span> <span class='ocrx_word' id='word_1_221' title='bbox 396 3177 430 3234; x_wconf 83' lang='grc'>10</span> <span class='ocrx_word' id='word_1_222' title='bbox 440 3191 529 3234; x_wconf 83' lang='lat' dir='ltr'>causo</span> <span class='ocrx_word' id='word_1_223' title='bbox 543 3175 720 3235; x_wconf 78' lang='lat' dir='ltr'>criminati?</span> <span class='ocrx_word' id='word_1_224' title='bbox 734 3207 779 3220; x_wconf 89' lang='lat'>—-</span> <span class='ocrx_word' id='word_1_225' title='bbox 795 3171 982 3257; x_wconf 83' lang='lat' dir='ltr'>(Remissive</span> <span class='ocrx_word' id='word_1_226' title='bbox 1004 3166 1046 3234; x_wconf 90' lang='lat' dir='ltr'>ad</span> <span class='ocrx_word' id='word_1_227' title='bbox 1064 3173 1286 3252; x_wconf 72' lang='lat' dir='ltr'>formulartam,</span> <span class='ocrx_word' id='word_1_228' title='bbox 1302 3167 1355 3232; x_wconf 88' lang='lat' dir='ltr'>col·</span> 
     </span>
     <span class='ocr_line' id='line_1_26' title="bbox 254 3263 1355 3371; baseline -0.007 -18"><span class='ocrx_word' id='word_1_229' title='bbox 254 3288 332 3354; x_wconf 89' lang='lat' dir='ltr'>lect.</span> <span class='ocrx_word' id='word_1_230' title='bbox 359 3291 391 3364; x_wconf 76' lang='lat'>2,</span> <span class='ocrx_word' id='word_1_231' title='bbox 416 3306 488 3371; x_wconf 89' lang='lat' dir='ltr'>cap.</span> <span class='ocrx_word' id='word_1_232' title='bbox 511 3285 578 3370; x_wconf 77' lang='lat'>23.)</span> <span class='ocrx_word' id='word_1_233' title='bbox 598 3288 689 3353; x_wconf 88' lang='lat' dir='ltr'>Circa</span> <span class='ocrx_word' id='word_1_234' title='bbox 706 3263 941 3352; x_wconf 82' lang='lat' dir='ltr'>contumaciam</span> <span class='ocrx_word' id='word_1_235' title='bbox 961 3287 1020 3352; x_wconf 88' lang='lat' dir='ltr'>Rei</span> <span class='ocrx_word' id='word_1_236' title='bbox 1039 3287 1073 3351; x_wconf 91' lang='lat' dir='ltr'>in</span> <span class='ocrx_word' id='word_1_237' title='bbox 1095 3285 1199 3351; x_wconf 90' lang='lat' dir='ltr'>causis</span> <span class='ocrx_word' id='word_1_238' title='bbox 1219 3283 1355 3352; x_wconf 83' lang='lat' dir='ltr'>civilibus</span> 
     </span>
     <span class='ocr_line' id='line_1_27' title="bbox 256 3397 1422 3487; baseline -0.005 -19"><span class='ocrx_word' id='word_1_239' title='bbox 256 3403 320 3469; x_wconf 84' lang='lat' dir='ltr'>fori</span> <span class='ocrx_word' id='word_1_240' title='bbox 349 3402 574 3479; x_wconf 88' lang='lat' dir='ltr'>ecclesiastici,</span> <span class='ocrx_word' id='word_1_241' title='bbox 600 3403 703 3468; x_wconf 87' lang='lat' dir='ltr'>multa</span> <span class='ocrx_word' id='word_1_242' title='bbox 732 3411 807 3468; x_wconf 91' lang='lat' dir='ltr'>sunt</span> <span class='ocrx_word' id='word_1_243' title='bbox 838 3402 1062 3486; x_wconf 81' lang='lat' dir='ltr'>observanda3</span> <span class='ocrx_word' id='word_1_244' title='bbox 1088 3420 1160 3487; x_wconf 81' lang='lat' dir='ltr'>quaa</span> <span class='ocrx_word' id='word_1_245' title='bbox 1190 3401 1245 3467; x_wconf 89' lang='lat' dir='ltr'>hic</span> <span class='ocrx_word' id='word_1_246' title='bbox 1270 3397 1353 3467; x_wconf 88' lang='lat' dir='ltr'>omit·</span> <span class='ocrx_word' id='word_1_247' title='bbox 1421 3449 1422 3452; x_wconf 63' lang='lat'>,</span> 
     </span>
     <span class='ocr_line' id='line_1_28' title="bbox 255 3517 1352 3602; baseline -0.006 -18"><span class='ocrx_word' id='word_1_248' title='bbox 255 3525 382 3595; x_wconf 86' lang='lat' dir='ltr'>tantur,</span> <span class='ocrx_word' id='word_1_249' title='bbox 400 3535 474 3582; x_wconf 90' lang='lat' dir='ltr'>cum</span> <span class='ocrx_word' id='word_1_250' title='bbox 484 3517 518 3581; x_wconf 93' lang='lat' dir='ltr'>in</span> <span class='ocrx_word' id='word_1_251' title='bbox 529 3520 772 3602; x_wconf 77' lang='lat' dir='ltr'>presentiarum</span> <span class='ocrx_word' id='word_1_252' title='bbox 789 3518 830 3584; x_wconf 90' lang='lat' dir='ltr'>de</span> <span class='ocrx_word' id='word_1_253' title='bbox 854 3519 1010 3584; x_wconf 88' lang='lat' dir='ltr'>criminali</span> <span class='ocrx_word' id='word_1_254' title='bbox 1030 3535 1184 3602; x_wconf 88' lang='lat' dir='ltr'>processu</span> <span class='ocrx_word' id='word_1_255' title='bbox 1204 3517 1352 3602; x_wconf 79' lang='lat' dir='ltr'>precipue</span> 
     </span>
     <span class='ocr_line' id='line_1_29' title="bbox 256 3634 1353 3718; baseline -0.005 -17"><span class='ocrx_word' id='word_1_256' title='bbox 256 3653 386 3718; x_wconf 83' lang='lat' dir='ltr'>agamus</span> <span class='ocrx_word' id='word_1_257' title='bbox 400 3655 408 3718; x_wconf 90' lang='lat'>;</span> <span class='ocrx_word' id='word_1_258' title='bbox 424 3634 501 3698; x_wconf 91' lang='lat' dir='ltr'>licet</span> <span class='ocrx_word' id='word_1_259' title='bbox 511 3634 665 3700; x_wconf 86' lang='lat' dir='ltr'>nonnulla</span> <span class='ocrx_word' id='word_1_260' title='bbox 682 3634 863 3701; x_wconf 89' lang='lat' dir='ltr'>identidem</span> <span class='ocrx_word' id='word_1_261' title='bbox 876 3641 910 3701; x_wconf 91' lang='lat' dir='ltr'>et</span> <span class='ocrx_word' id='word_1_262' title='bbox 924 3635 966 3702; x_wconf 90' lang='lat' dir='ltr'>de</span> <span class='ocrx_word' id='word_1_263' title='bbox 983 3635 1070 3702; x_wconf 86' lang='lat' dir='ltr'>civili</span> <span class='ocrx_word' id='word_1_264' title='bbox 1085 3639 1240 3718; x_wconf 88' lang='lat' dir='ltr'>processu</span> <span class='ocrx_word' id='word_1_265' title='bbox 1250 3647 1353 3699; x_wconf 86' lang='lat' dir='ltr'>memo</span> 
     </span>
     <span class='ocr_line' id='line_1_30' title="bbox 255 3731 1353 3834; baseline -0.003 -20"><span class='ocrx_word' id='word_1_266' title='bbox 255 3731 376 3828; x_wconf 86' lang='lat' dir='ltr'>remus,</span> <span class='ocrx_word' id='word_1_267' title='bbox 397 3750 440 3814; x_wconf 90' lang='lat' dir='ltr'>ob</span> <span class='ocrx_word' id='word_1_268' title='bbox 464 3750 672 3815; x_wconf 88' lang='lat' dir='ltr'>materiarum</span> <span class='ocrx_word' id='word_1_269' title='bbox 697 3752 940 3828; x_wconf 81' lang='lat' dir='ltr'>connexionem,</span> <span class='ocrx_word' id='word_1_270' title='bbox 970 3757 1004 3814; x_wconf 88' lang='lat' dir='ltr'>et</span> <span class='ocrx_word' id='word_1_271' title='bbox 1026 3771 1068 3816; x_wconf 91' lang='lat' dir='ltr'>ne</span> <span class='ocrx_word' id='word_1_272' title='bbox 1093 3759 1217 3834; x_wconf 91' lang='lat' dir='ltr'>postea,</span> <span class='ocrx_word' id='word_1_273' title='bbox 1244 3747 1353 3817; x_wconf 83' lang='lat' dir='ltr'>dehoc</span> 
     </span>
     <span class='ocr_line' id='line_1_31' title="bbox 255 3865 1352 3952; baseline 0 -21"><span class='ocrx_word' id='word_1_274' title='bbox 255 3865 430 3950; x_wconf 86' lang='lat' dir='ltr'>posteriori</span> <span class='ocrx_word' id='word_1_275' title='bbox 444 3883 598 3948; x_wconf 89' lang='lat' dir='ltr'>processu</span> <span class='ocrx_word' id='word_1_276' title='bbox 618 3865 753 3950; x_wconf 88' lang='lat' dir='ltr'>agendo,</span> <span class='ocrx_word' id='word_1_277' title='bbox 771 3865 919 3952; x_wconf 89' lang='lat' dir='ltr'>quaedam</span> <span class='ocrx_word' id='word_1_278' title='bbox 930 3867 1090 3932; x_wconf 87' lang='lat' dir='ltr'>inutiliter</span> <span class='ocrx_word' id='word_1_279' title='bbox 1103 3875 1257 3951; x_wconf 90' lang='lat' dir='ltr'>repetere</span> <span class='ocrx_word' id='word_1_280' title='bbox 1277 3880 1352 3948; x_wconf 79' lang='lat' dir='ltr'>cogo·</span> 
     </span>
     <span class='ocr_line' id='line_1_32' title="bbox 255 4001 341 4047; baseline -0.012 0"><span class='ocrx_word' id='word_1_281' title='bbox 255 4001 341 4047; x_wconf 89' lang='lat' dir='ltr'>mur.</span> 
     </span>
    </p>

    <p class='ocr_par' dir='ltr' id='par_1_8' title="bbox 256 4101 1349 4303">
     <span class='ocr_line' id='line_1_33' title="bbox 298 4101 1349 4184; baseline -0.002 -18"><span class='ocrx_word' id='word_1_282' title='bbox 298 4101 450 4182; x_wconf 76' lang='lat' dir='ltr'>Quutsrto</span> <span class='ocrx_word' id='word_1_283' title='bbox 466 4107 510 4166; x_wconf 81' lang='lat'>7¹.</span> <span class='ocrx_word' id='word_1_284' title='bbox 532 4135 577 4148; x_wconf 90' lang='lat'>-·-</span> <span class='ocrx_word' id='word_1_285' title='bbox 590 4103 740 4182; x_wconf 77' lang='lat' dir='ltr'>Qtwmodo</span> <span class='ocrx_word' id='word_1_286' title='bbox 755 4103 973 4184; x_wconf 79' lang='lat' dir='ltr'>procedendum</span> <span class='ocrx_word' id='word_1_287' title='bbox 992 4107 1034 4166; x_wconf 80' lang='lat' dir='ltr'>stt</span> <span class='ocrx_word' id='word_1_288' title='bbox 1056 4109 1161 4166; x_wconf 84' lang='lat' dir='ltr'>cootro</span> <span class='ocrx_word' id='word_1_289' title='bbox 1182 4110 1349 4166; x_wconf 75' lang='lat' dir='ltr'>contentato</span> 
     </span>
     <span class='ocr_line' id='line_1_34' title="bbox 256 4202 1292 4303; baseline 0.004 -23"><span class='ocrx_word' id='word_1_290' title='bbox 256 4209 366 4281; x_wconf 77' lang='lat' dir='ltr'>testes?</span> <span class='ocrx_word' id='word_1_291' title='bbox 380 4251 425 4266; x_wconf 87' lang='lat'>--</span> <span class='ocrx_word' id='word_1_292' title='bbox 438 4215 624 4302; x_wconf 87' lang='lat' dir='ltr'>(Remissive</span> <span class='ocrx_word' id='word_1_293' title='bbox 640 4216 683 4282; x_wconf 94' lang='lat' dir='ltr'>ad</span> <span class='ocrx_word' id='word_1_294' title='bbox 696 4220 919 4300; x_wconf 74' lang='lat' dir='ltr'>sommarium,</span> <span class='ocrx_word' id='word_1_295' title='bbox 937 4219 1065 4286; x_wconf 89' lang='lat' dir='ltr'>collect.</span> <span class='ocrx_word' id='word_1_296' title='bbox 1082 4221 1114 4295; x_wconf 80' lang='lat'>2,</span> <span class='ocrx_word' id='word_1_297' title='bbox 1133 4237 1206 4303; x_wconf 83' lang='lat' dir='ltr'>cap.</span> <span class='ocrx_word' id='word_1_298' title='bbox 1225 4202 1292 4302; x_wconf 64' lang='grc'>16.)</span> 
     </span>
    </p>
   </div>
   <div class='ocr_carea' id='block_1_3' title="bbox 0 0 1446 5118">
    <p class='ocr_par' dir='ltr' id='par_1_9' title="bbox 0 0 1446 5118">
     <span class='ocr_line' id='line_1_35' title="bbox 0 0 1446 5118; baseline 0 0"><span class='ocrx_word' id='word_1_299' title='bbox 0 0 1446 5118; x_wconf 95' lang='lat' dir='ltr'> </span> 
     </span>
    </p>
   </div>
  </div>
 </body>
</html>
