2848 5118
501 349 581 398 rens
603 349 761 398 secunus.
1068 320 1071 324 ⁵
1126 338 1190 402 245

94 472 231 551 nuntiata,
250 474 372 559 absque
385 474 453 538 ullo
464 473 627 539 saecularis
641 473 775 552 brachii,
791 480 849 538 aut
862 481 1005 539 externae
1019 477 1192 542 coactionis

93 584 283 667 interventu,
312 589 463 654 effectum
486 607 579 656 suum
603 589 752 654 obtinere
780 594 900 673 potest.
927 590 1009 654 Satis
1030 591 1115 656 enim
1141 601 1193 658 est

93 700 235 785 ejusmodi
248 705 416 770 sententie
434 704 582 770 notitiam
601 704 744 787 perferri
755 702 798 798 ad
816 705 973 788 populum
984 705 1188 784 catholicum,

92 815 166 900 apud
178 837 276 903 quem
291 819 430 885 clericus
443 819 498 886 ille
512 817 613 885 officio
630 818 844 902 fungebatur3
866 817 931 904 jam
953 819 1038 884 enirn
1053 821 1192 904 populus

91 931 135 997 illc
147 952 163 998 a
176 934 233 1000 tali
248 934 365 1000 clerico
381 934 539 1018 refugiet,
558 941 593 1000 et
608 954 657 1012 ea,
679 951 750 1018 quae
774 932 818 998 ad
838 933 909 1019 ejus
932 933 1069 1000 officium
1092 935 1194 1018 perti»

91 1048 207 1130 nebant,
221 1051 264 1117 ab
277 1071 317 1118 eo
327 1053 474 1135 recipere
488 1051 667 1134 recusabit3
684 1069 744 1134 per
758 1049 847 1136 quod
861 1050 1058 1117 sufficienter
1070 1052 1103 1115 in
1117 1069 1194 1118 exe-

91 1165 240 1232 cutionem
256 1167 406 1232 transibit
421 1167 549 1251 prolata
564 1165 775 1250 depositionis
789 1169 960 1232 sententia.

126 1283 179 1346 [il.
196 1284 282 1348 Item
303 1301 432 1366 poenam
452 1280 671 1367 pecuniariam
692 1283 833 1366 ahasqne
851 1283 1029 1348 sententias
1043 1283 1077 1348 in
1090 1285 1194 1350 causis
1237 1299 1241 1308 ·

90 1397 225 1480 civilibus
249 1399 312 1465 fori
334 1400 561 1478 ecclesiastici,
587 1399 710 1482 poterit
731 1417 817 1481 sepe
831 1397 934 1484 judex
960 1400 1195 1466 ecclesiasticus

90 1511 126 1577 ad
139 1517 360 1582 executionem
381 1515 559 1594 deducere,
586 1533 739 1580 censuras
762 1500 993 1581 ecclesiasticas
1006 1516 1040 1580 in
1054 1515 1195 1582 rebelles

90 1631 313 1708 comminando.
331 1635 420 1698 Tunc
435 1632 522 1698 enirn
539 1631 686 1697 catholici
704 1631 876 1716 litigantes,
894 1633 954 1697 nisi
967 1633 1030 1698 Dei
1043 1633 1194 1698 timorem

89 1762 208 1827 prorsus
225 1745 417 1832 abjecerint,
443 1754 559 1831 sponte
591 1753 625 1812 et
651 1747 772 1832 ubsque
796 1746 862 1812 ullo
887 1747 1049 1812 secularis
1072 1745 1196 1812 brachii

89 1863 195 1929 auxilio
225 1865 403 1929 sententias
435 1869 651 1950 exequentur.
684 1865 732 1928 Ex
759 1881 822 1947 qua
849 1865 948 1928 etiam
983 1881 1194 1929 censurarum

89 1980 324 2045 comminatione
340 1978 513 2044 efficaciam
535 1997 620 2062 saepe
641 1976 773 2043 habebit
795 1974 905 2042 citatio
920 1979 979 2044 Rei
994 1985 1028 2044 et
1045 1979 1191 2044 testium.

126 2095 177 2158 IV.
195 2096 286 2159 Tunc
299 2093 501 2160 solummodo
514 2095 549 2160 in
562 2093 656 2158 dictis
670 2092 855 2176 regionibus
871 2094 999 2159 irretita
1013 2094 1197 2160 remanebit

87 2205 193 2291 judicis
217 2209 427 2275 ecclesiastici
452 2217 616 2294 potestas,
646 2208 777 2294 quando
801 2209 823 2274 ii
849 2208 987 2301 (quibus
1000 2208 1061 2294 *jus
1086 2207 1197 2275 dicere

88 2320 228 2403 debebit,
257 2326 353 2391 aliter
380 2343 477 2410 quam
505 2343 566 2408 per
590 2325 783 2391 sententiam
811 2342 882 2408 qne
910 2323 1063 2401 effectum
1087 2341 1197 2390 secum

88 2441 204 2526 trahat)
233 2460 389 2508 censuras
415 2440 648 2507 ecclesiasticas
677 2446 940 2519 contemnentes,
969 2441 1196 2506 soli-externe

89 2558 237 2624 coactioni
254 2555 374 2622 cedere
386 2558 492 2640 parati
505 2565 591 2622 sunt.
609 2557 646 2621 In
663 2556 782 2641 quibus
795 2555 930 2635 casibus,
947 2573 1026 2620 num
1040 2555 1082 2620 ad
1095 2554 1198 2620 dictas

88 2690 233 2740 censuras
252 2673 422 2751 devenire,
436 2692 478 2738 an
495 2672 603 2756 potius
617 2672 658 2738 ab
675 2673 723 2738 eis
742 2672 905 2738 abstinere
927 2671 1097 2754 expediat,
1122 2671 1197 2755 Epi·
1262 2738 1264 2746 ,

88 2807 252 2873 scaporum
264 2798 326 2867 est,
341 2808 401 2873 pro
413 2789 509 2854 variis
519 2790 667 2856 locorum
681 2795 715 2854 et
728 2795 928 2872 temporum,
943 2807 1197 2873 personarumve

88 2905 328 2971 circumstantiis
346 2903 537 2972 decernere.

127 3022 165 3086 V.
182 3021 287 3088 Hodie
302 3023 337 3085 in
351 3019 464 3099 Galba,
479 3027 654 3105 praestatur
668 3021 830 3086 secularis
846 3019 972 3086 brachii
985 3019 1140 3087 auxilium
1155 3021 1198 3090 ad

89 3136 291 3221 exequendas
312 3138 488 3202 sententias
507 3136 717 3220 depositionis
741 3143 775 3202 ct
797 3136 985 3220 privationis
1007 3138 1041 3202 in
1061 3137 1198 3204 clericos

90 3253 234 3334 prolatas.
249 3253 430 3337 Episcopus
449 3271 568 3337 nempe
582 3253 741 3338 gubernio
761 3261 874 3319 notum
888 3253 966 3318 lacit
984 3253 1082 3321 fuisse
1098 3255 1198 3321 talem

91 3367 237 3433 clericum
250 3387 269 3432 a
283 3387 341 3435 suo
362 3368 465 3434 officio
487 3369 632 3453 parochi,
656 3369 854 3453 capellanive
874 3378 1048 3435 remotum.
1060 3369 1115 3436 'Ex
1133 3385 1199 3455 quo
1244 3429 1247 3436 .

88 3481 147 3567 jam
165 3486 303 3550 clericus
320 3483 386 3562 itte,
405 3486 467 3550 nisi
482 3505 500 3550 a
517 3485 693 3569 parochiali
705 3473 845 3552 'ecclesia
861 3491 896 3552 et
913 3487 1128 3572 praesbyterio
1146 3506 1199 3553 ca-

90 3599 210 3680 pellave
228 3607 344 3682 sponte
361 3599 546 3677 recederet,
564 3601 598 3664 vi
613 3600 742 3683 publica
762 3600 912 3684 gubernii
932 3600 1086 3667 recedere
1103 3621 1199 3686 coge·

90 3722 192 3798 retur;
212 3722 244 3779 ot
259 3717 394 3798 insuper
412 3714 562 3799 gubernii
576 3717 699 3799 pensio,
722 3717 830 3783 eidem
844 3717 962 3782 clerico
985 3717 1068 3783 solvi
1090 3719 1196 3799 solita,

92 3829 276 3909 retrahitur,
293 3839 328 3898 et
341 3832 518 3897 successori
533 3831 604 3917 ejus
618 3833 809 3916 assignatur.

133 3945 187 4009 vl.
207 3945 286 4012 Cum
305 3954 415 4013 autem
428 3947 585 4030 predicta
595 3949 709 4014 notitia
723 3949 765 4015 ab
778 3949 936 4034 Episcopo
951 3947 994 4015 ad
1005 3950 1199 4034 gubernium
1324 3997 1327 4001 -
1388 3969 1390 3974 ·

93 4060 289 4140 ransmissa,
311 4055 389 4128 vera
410 4063 452 4128 sit
471 4063 640 4129 sententies
662 4065 696 4128 in
716 4066 867 4133 clericum
887 4066 1020 4149 prolatae
1036 4070 1195 4148 executio,

94 4177 236 4262 sequitur
246 4176 289 4243 ad
303 4195 376 4244 eam
385 4197 459 4276 ¹non
471 4197 565 4262 posse
580 4180 773 4264 Episcopum
792 4181 936 4265 legitime
953 4181 1121 4261 devenire,
1138 4184 1200 4250 nisi

96 4291 222 4375 qnando
233 4293 273 4360 ad
288 4296 458 4363 sententias
474 4296 702 4363 executionem
718 4297 875 4366 devenire
893 4319 934 4366 ex
949 4295 1023 4392 jure
1040 4297 1203 4372 communi

95 4407 214 4475 licitum
223 4416 280 4474 cst.
305 4450 309 4456 »
