2836 5118
500 429 580 478 rans
601 429 760 479 secunus.
1122 415 1184 480 277

89 557 263 636 mutuatus,
282 556 401 640 quibam
413 555 551 640 J'udexa
568 575 634 641 quo
650 561 792 622 testatur
810 571 847 618 se
863 553 1113 638 appellationem
1129 552 1191 620 od·

87 669 207 746 misisse,
228 689 294 734 non
312 669 356 736 ob
368 669 439 755 ejus
449 669 617 756 justitiam,
638 669 702 736 sed
712 669 882 736 dumtaxat
905 668 948 735 ob
966 668 1187 734 reuerentiam
1249 707 1257 728 .

85 785 260 867 superioris.
288 786 323 850 3ο
340 789 534 867 Refutctcrc'c',
559 785 677 871 quibus
689 782 789 869 judex
805 805 824 850 a
839 803 904 869 quo
917 789 1058 850 testatur
1072 802 1108 850 se
1122 801 1188 850 non

83 897 237 966 admisisse
249 901 516 985 appellationem
528 909 562 968 et
575 902 608 966 in
618 899 775 966 hisdelset
783 900 967 983 exprimere
977 917 1115 977 oaumm,
1127 917 1187 966 our

78 1031 143 1079 eam
153 1034 217 1082 uon
230 1015 407 1096 admiserit,
420 1025 520 1100 prout
533 1024 660 1083 constat
674 1015 796 1099 exlege
811 1013 1071 1101 succiduntur.
1086 1017 1187 1097 culp

78 1132 141 1212 pell.
151 1129 342 1217 rccipiutd.);
360 1133 486 1199 sienim
502 1134 752 1218 appellationem
764 1131 888 1217 rejiciat
901 1150 1029 1196 oausam
1040 1131 1187 1197 nonalle·

78 1246 184 1329 gando,
201 1250 349 1332 punitur,
368 1257 468 1332 prout
476 1248 670 1316 decernitur
677 1251 752 1333 lege
762 1253 910 1329 puniam
922 1244 1184 1334 (21,c.cclpp.);

77 1379 140 1446 qua
157 1363 229 1430 duoe
246 1365 336 1448 leges
348 1365 539 1432 Iustinianei
558 1363 640 1449 juris
659 1363 827 1430 censendae
849 1371 927 1429 sunt
949 1364 1049 1428 etiam
1073 1363 1185 1446 rigere

76 1477 190 1544 mloro
206 1480 437 1545 ecclesiastico.
461 1481 497 1544 4⁰
518 1481 752 1558 Testimoututcs,
770 1479 889 1564 quibus
909 1478 1063 1555 notarius,
1090 1477 1185 1544 aliive

71 1591 192 1660 -honesti
208 1595 273 1660 uiri
293 1596 337 1682 (in
363 1613 440 1661 casu
456 1615 521 1682 quo
544 1595 658 1662 haberi
678 1615 742 1661 non
758 1597 903 1679 potuerit
926 1595 1017 1678 copia
1033 1592 1186 1679 judicisa

75 1723 142 1790 quo,
169 1709 223 1774 vel
243 1710 271 1774 is
296 1711 458 1794 apostolos
481 1709 559 1776 dare
587 1708 811 1794 recusaverit),
829 1715 992 1775 testantur
1017 1727 1126 1774 coram
1150 1727 1184 1774 se

74 1819 163 1887 fuisse
181 1823 402 1908 appellatum
418 1833 517 1908 prout
542 1825 615 1890 lieri
632 1843 725 1909 posse
749 1831 875 1889 constat
892 1843 934 1888 ex
958 1822 1117 1890 decretali
1135 1823 1186 1888 ul·

73 1936 142 2001 tima
158 1940 249 2004 tituli
263 1941 301 2003 de
318 1943 587 2022 Appelluttouc'dus.
609 1945 643 2005 5⁰
659 1943 916 2018 Couucutiuuulcs,
937 1958 1019 2024 quos
1033 1937 1090 2004 dat
1111 1957 1185 2022 pars

73 2050 215 2134 adversa,
245 2055 496 2138 appellationem
520 2061 704 2139 acceptans,
725 2056 795 2120 sire
809 2062 902 2119 extra
921 2051 1091 2139 judicium,
1115 2055 1184 2120 alre

72 2167 160 2232 etiam
178 2169 212 2233 in
226 2168 362 2254 judicio,
380 2169 510 2256 quando
523 2169 627 2256 judex
641 2169 792 2236 cosdore
806 2189 872 2236 non
890 2169 973 2247 vult,
992 2170 1047 2236 uel
1059 2167 1118 2236 dat
1132 2189 1185 2236 re-

72 2280 249 2348 futatorios.
269 2287 318 2352 Ex
333 2286 372 2350 iis
388 2287 611 2370 apostolorum
627 2285 809 2368 speciebus,
828 2287 964 2350 maxime
984 2285 1018 2348 in
1033 2304 1094 2350 usu
1108 2293 1184 2349 sunt

68 2401 310 2466 reverenticles.
326 2401 546 2469 Relutatorios
560 2410 670 2468 autem
686 2420 751 2467 non
763 2401 859 2467 facile
875 2399 954 2466 dnre
971 2398 1183 2484 debetjudex

69 2529 170 2596 aquo,
187 2534 232 2580 ne
245 2513 377 2599 justitias
395 2517 481 2582 rium
497 2515 703 2600 praecludere
720 2517 805 2582 velle
823 2515 985 2584 videatur.

107 2629 458 2709 QUAEST103¹.-—An
485 2637 604 2696 omutuc
627 2651 741 2696 uccessc
765 2638 825 2712 stt,
854 2638 920 2715 pctc‘
946 2634 1118 2714 apostolus?
1138 2667 1183 2683 -ψ

71 2768 86 2806 u
99 2747 160 2812 Eos
177 2748 366 2814 necessario
385 2757 499 2833 petere
514 2748 618 2816 debet
630 2749 795 2832 appellans
811 2749 928 2835 (capite
943 2752 989 2814 Ab
1010 2769 1055 2828 co,
1073 2752 1111 2814 dc
1124 2753 1183 2833 Ap

72 2885 85 2922 u
91 2867 180 2946 pell,
192 2865 230 2928 in
241 2867 279 2948 63
295 2884 417 2931 canone
428 2871 503 2930 Post
513 2867 743 2948 appellationem
754 2869 786 2943 2,
799 2884 830 2950 q.
846 2863 892 2950 6);
906 2867 952 2930 ita
961 2873 999 2931 nt
1012 2866 1038 2930 si
1048 2886 1115 2932 non
1125 2883 1183 2950 pe-

69 3001 84 3040 «
97 2987 208 3047 tantur
231 2987 324 3046 certo
345 2979 442 3048 modo
463 3000 501 3046 ac
522 2990 683 3065 tempore,
701 2982 877 3065 appellatio
892 2989 1021 3048 maneat
1033 2980 1176 3064 deserta,

66 3117 84 3156 c
102 3105 135 3163 et
149 3098 321 3182 appellans
331 3106 536 3181 presumatur
548 3099 750 3164 renuntiasse
764 3100 962 3183 interpositus
983 3118 1054 3164 ase
1069 3099 1181 3184 appel·

69 3233 83 3270 u
95 3211 207 3280 lationi
218 3213 431 3300 (Clementiae
442 3219 597 3295 Quamuis,
610 3217 647 3280 dc
656 3212 805 3298 Appclt.):
820 3220 934 3300 estque
948 3215 1017 3280 haeo
1026 3234 1181 3299 praesum-

68 3351 83 3387 (ι
102 3330 169 3411 ptio
177 3335 266 3413 juris
278 3336 308 3392 et
323 3332 360 3393 dc
367 3335 449 3411 juce,
463 3337 574 3396 eontra
588 3347 686 3414 mam
700 3348 767 3395 non
783 3329 965 3396 admittitur
979 3332 1129 3414 probatio
1146 3333 1178 3398 in

69 3446 311 3521 «contrarium,
330 3445 435 3526 posito
449 3443 540 3528 quod
552 3445 735 3528 neglexerit
753 3453 885 3530 petere3
899 3465 991 3512 secus
1002 3448 1029 3512 si
1041 3466 1106 3513 non
1122 3465 1180 3532 po-

68 3559 170 3626 «tuit.
192 3561 299 3626 Porro
317 3558 467 3642 procedit
480 3560 548 3626 haec
570 3560 745 3625 necessitas
758 3559 895 3644 petendi
913 3562 1086 3645 apostolos,
1107 3563 1175 3628 sive

67 3675 301 3759 «appellatum
319 3674 362 3738 sit
383 3673 425 3738 ab
442 3674 700 3753 interlocutoria,
720 3675 769 3740 vel
785 3676 971 3759 gravamus
992 3675 1083 3742 illato
1103 3683 1178 3742 ante

54 3791 293 3855 ›asenteutiam
307 3787 525 3873 definitivam
538 3791 606 3855 sive
624 3811 644 3855 a
659 3789 827 3865 definitiva
842 3813 851 3856 :
868 3810 943 3856 cum
967 3799 1067 3874 caput
1083 3795 1131 3858 Ab
1144 3813 1178 3856 co

66 3927 80 3964 c
97 3905 143 3990 (dc
167 3909 306 3988 Appell,
327 3906 359 3968 in
376 3903 414 3989 6)
435 3905 589 3990 loquatur
614 3905 826 3983 indistincte,
847 3905 988 3972 dicendo
1009 3911 1177 3991 appellauit

66 4022 258 4102 «apostotos.
286 4021 369 4085 Item
389 4019 550 4104 procedit,
580 4021 647 4085 sive
672 4023 855 4105 appelletur
879 4041 898 4086 a
923 4021 1033 4107 judice
1062 4041 1177 4108 proce-

66 4134 196 4202 «dente
218 4135 253 4202 et
270 4144 426 4220 gravanda
442 4135 653 4221 judicialiter,
674 4138 742 4204 sive
756 4136 1081 4222 extra-judicialiter;
1101 4157 1176 4207 cum

66 4249 177 4316 «adsit
199 4251 256 4336 qui
274 4271 330 4316 eos
353 4250 430 4316 dare
453 4252 564 4334 possit,
582 4271 701 4334 nempe
718 4250 818 4336 juder
842 4273 861 4317 a
882 4269 948 4338 quo
965 4253 1173 4337 appellatur:

67 4385 192 4432 «secus
206 4375 266 4445 est,
285 4387 344 4433 seu
358 4387 489 4434 necesse
504 4388 569 4434 non
585 4375 635 4433 est
651 4368 724 4452 illos
739 4373 866 4453 petere,
885 4368 1016 4453 quando
1030 4367 1175 4452 appella·

66 4505 80 4540 u
93 4489 148 4547 tur
163 4485 378 4566 signamine
395 4490 488 4552 extra
497 4482 656 4569 judicium
670 4483 711 4550 ab
721 4483 785 4552 alio
800 4501 898 4573 quom
909 4503 928 4552 s
939 4481 1051 4571 judice
1060 4483 1175 4574 illatos
