2848 5118
255 346 318 410 252
585 357 771 406 rmoruros
796 359 840 406 uu
866 358 1014 409 runicus.

251 481 314 550 sibi
327 481 428 560 illuto,
449 479 542 548 odire
552 480 654 548 debet
665 484 861 567 Episcopum
877 501 936 550 seu
949 483 1149 554 ordinarium
1161 484 1346 570 pomrbirri

252 617 390 682 munus
407 601 448 664 sit
461 599 529 682 ipse
550 599 736 681 Episcopus,
757 598 928 666 adeundus
940 601 1003 666 erit
1018 601 1225 706 Metropolim
1241 621 1249 668 ι
1266 609 1298 666 et
1312 601 1348 666 sio
1413 667 1414 710 ἕ

253 713 296 781 de
307 715 387 782 aliis.

178 923 179 927 Ἰ
296 829 352 893 IV.
371 832 398 894 A
416 831 520 910 reptile
536 832 670 910 penoroli
683 849 776 912 supro
791 833 940 911 stabilito,
960 834 1143 914 eooipleodae
1160 839 1231 926 runt
1245 835 1349 914 upton

252 964 359 1028 porum
379 951 532 1010 sententies
548 964 588 1008 oco
609 949 774 1026 informato
787 951 968 1010 contuentia
983 950 1123 1028 prototo.
1140 983 1186 996 -
1203 946 1349 1032 Ejusmodi

254 1061 341 1126 enim
354 1063 540 1140 sententias,
558 1080 629 1146 qum
648 1061 802 1127 feruntur
820 1061 1137 1148 extra-judicialiter,
1157 1063 1273 1130 suffieit
1290 1082 1351 1148 pro·

254 1175 337 1242 ferri
350 1177 385 1242 iu
401 1177 467 1242 vim
484 1178 597 1261 eapitis
615 1181 690 1242 Cum
702 1180 854 1244 hortentius
868 1179 911 1265 (1,
930 1197 1007 1244 sess„
1029 1180 1080 1258 14,
1098 1177 1226 1264 dolles.)
1239 1179 1352 1244 Trideu·
1414 1197 1415 1202 ’

254 1293 329 1358 tiuae
352 1293 485 1378 synodi,
511 1301 548 1360 ut
573 1302 736 1378 nequeunt
760 1313 822 1378 per
841 1290 984 1362 tribuual
1011 1294 1160 1380 superius
1182 1295 1350 1362 reformari.

254 1407 508 1492 Rostringuutur
530 1413 642 1474 autem
665 1410 832 1475 sententio
848 1429 890 1476 ex
912 1409 1086 1476 informato
1103 1409 1299 1476 oonsoientiu
1320 1407 1354 1474 ed

255 1522 324 1590 baeo
343 1521 410 1588 duo
428 1543 435 1587 ε
451 1529 562 1604 primo,
575 1523 618 1590 nd
632 1523 865 1606 prohibitiones
881 1525 923 1592 nb
944 1544 1078 1594 rsoensu
1099 1526 1144 1592 ed
1162 1524 1308 1607 ordines3
1322 1544 1355 1586 ss

172 1714 177 1722 ,
254 1641 361 1715 eundo,
375 1636 417 1703 ad
432 1639 675 1722 suspensionem
695 1659 714 1704 a
735 1637 801 1724 jum
822 1641 981 1724 susceptis
1003 1639 1186 1708 ordinibus.
1209 1639 1355 1706 Porroin

255 1753 344 1820 dioto
357 1753 463 1837 cupite
481 1773 633 1838 expresse
653 1756 789 1820 sancivit
806 1754 996 1824 Tridentino
1012 1755 1170 1841 synodus,
1188 1763 1227 1821 ut
1240 1754 1299 1834 uli,
1314 1753 1357 1818 oui
1415 1733 1416 1742 ἵ

256 1888 423 1936 ostensum
434 1868 477 1935 ad
487 1869 617 1936 ordines
628 1870 793 1953 probibuit
807 1872 993 1954 Episcopus,
1009 1873 1098 1938 nulla
1106 1869 1356 1955 recipiendorum

256 1983 409 2053 ordinum
421 1985 550 2052 boontio
560 1985 804 2069 suffragaretur.
818 1987 859 2052 Et
870 1989 992 2069 pariter
1002 1994 1040 2052 ut
1054 1987 1120 2065 ille,
1135 2004 1234 2072 quem
1243 1986 1357 2070 Episoo

257 2117 319 2184 pus
342 2119 360 2164 a
385 2100 542 2183 susceptis
564 2099 733 2166 ordinibus
752 2101 936 2184 suspendit,
954 2102 987 2166 in
1007 2100 1201 2168 eorumdem
1219 2099 1359 2180 ordinum

258 2215 577 2283 exercitioonemiue
593 2217 722 2282 restitui
730 2226 854 2299 posset.
869 2217 964 2284 Unde
976 2218 1153 2302 appellatio
1164 2216 1208 2282 ud
1221 2215 1360 2300 superius

257 2331 411 2408 tribunal,
428 2331 537 2417 quoad
549 2331 709 2417 ejusmodi
724 2335 911 2414 sententias,
930 2341 1043 2418 aperte
1058 2334 1122 2400 fuit
1139 2355 1158 2400 n
1175 2330 1361 2398 Tridentinis

258 2447 412 2515 Patribus
429 2448 565 2514 sutton.
582 2450 624 2514 Et
637 2449 831 2533 relinquitur
844 2448 1013 2515 dumtaxat
1027 2467 1183 2516 recursus
1195 2445 1361 2514 adsedem

257 2563 491 2648 Apostolioam;
519 2565 575 2649 qui
594 2583 746 2633 reoursus
766 2584 894 2649 semper
912 2573 1013 2649 putet,
1041 2584 1104 2632 neo
1123 2563 1225 2630 debet
1247 2559 1362 2630 censeri

258 2698 319 2764 per
334 2679 459 2747 dictum
476 2681 700 2752 Tridentinum
715 2679 886 2750 decretum
908 2682 1068 2747 exclusus.
1092 2679 1190 2762 Quod
1205 2699 1287 2746 roro
1311 2679 1361 2744 boo

259 2815 355 2864 sensu
374 2795 586 2880 intelligendo
608 2795 651 2862 sit
674 2802 854 2863 memorate
876 2794 1062 2862 Tridentino
1086 2794 1270 2879 dispositio,
1294 2792 1360 2861 vide

259 2911 332 2978 fuse
350 2912 523 2995 probatum
541 2910 627 2978 infra
640 2912 746 2999 (purte
762 2917 794 2990 2,
816 2913 960 2978 sectione
972 2912 1005 2989 l,
1025 2910 1231 2978 subseotioue
1246 2907 1294 2994 3),
1314 2909 1363 2974 ubi

260 3047 301 3094 ex
315 3027 462 3111 professo
475 3027 519 3094 de
532 3028 703 3095 sententiis
719 3047 761 3092 ex
775 3028 947 3124 informato
960 3029 1159 3094 couscientia
1171 3026 1361 3094 disserimus.

305 3144 456 3224 Quusno
470 3145 516 3209 4³.
537 3181 582 3216 ,-
598 3147 646 3210 dn
672 3147 761 3208 detur
781 3147 946 3227 appellatio
967 3147 1116 3224 asturus
1147 3148 1245 3206 elium
1264 3159 1365 3224 proeo-

261 3263 416 3327 mommo?
438 3297 483 3310 -
502 3259 728 3327 Diversimode
750 3260 905 3346 solvendo
933 3267 984 3326 est
1005 3259 1142 3344 quaestio
1168 3257 1249 3336 baeo,
1277 3262 1366 3341 prout

262 3376 369 3460 agitur
388 3375 433 3446 vde
454 3376 693 3461 grovmiuibus
713 3378 747 3442 in
767 3375 890 3462 juditio
910 3376 963 3442 vel
988 3382 1081 3441 extra
1106 3372 1268 3459 judicium
1293 3371 1365 3438 inio-

263 3492 385 3560 rendis.
1006 3555 1010 3566 .

259 3681 263 3694 ,
307 3616 333 3681 Ι.
350 3618 376 3680 Α
393 3619 568 3696 pronomine
579 3615 725 3696 judiciali
741 3615 855 3694 futuro,
872 3613 951 3676 idest
962 3612 1095 3674 nondum
1106 3610 1206 3687 illoto,
1225 3608 1367 3690 appellari

262 3738 375 3815 nequit.
394 3769 440 3780 —
457 3755 472 3792 o
488 3732 527 3798 In
538 3727 672 3814 judicio,
689 3729 736 3796 eit
747 3727 926 3794 Leureuius
946 3727 1066 3815 (Forum
1084 3722 1367 3799 ostensionum

230 3844 235 3853 '
267 3847 348 3911 «tit,
363 3847 417 3921 28,
432 3843 489 3910 lib.
508 3841 645 3919 idern,
662 3861 695 3927 q.
717 3838 826 3925 1083),
841 3839 1000 3924 appellari
1013 3837 1128 3924 nequit
1148 3857 1169 3902 e
1186 3835 1365 3921 grevomim

267 3959 446 4027 «noudum
459 3966 630 4043 presente,
646 3957 707 4024 sod
725 3958 828 4024 solum
847 3977 868 4022 o
884 3955 1070 4040 gravandus
1093 3953 1205 4037 illoto3
1232 3971 1275 4018 eo
1292 3945 1371 4034 quod

268 4076 474 4162 «appellatio
486 4075 707 4159 interponitur
719 4073 763 4140 ud
777 4091 950 4158 monumen
970 4069 1166 4138 tollendum.
1187 4092 1203 4131 s
1221 4067 1329 4152 Atque
1343 4065 1371 4128 iu

219 4274 221 4278 ¹
266 4213 305 4262 oo
330 4192 490 4260 tradenda
519 4193 633 4278 regulo
655 4191 855 4260 oonoordont
879 4189 1049 4262 doctores.
1078 4207 1150 4256 eum
1175 4187 1370 4256 deducentes

266 4329 309 4378 os
329 4309 492 4376 nonnullis
510 4307 595 4395 iuris
615 4307 776 4386 textibus,
798 4325 879 4393 quos
896 4306 971 4374 vide
992 4302 1081 4391 apud
1099 4303 1236 4373 oitotum
1250 4303 1366 4370 teure-

267 4441 369 4492 nrum.
