2848 5118
248 319 310 382 242
597 333 783 382 rmcxxncs
805 335 850 381 nn
871 333 1019 383 inntens.

248 479 265 520 u
280 461 323 525 sit
335 465 482 542 certum
497 459 572 544 quia
584 465 664 523 tunc
678 456 884 526 non'transltt
896 459 929 542 tn
941 473 1012 523 ¹rein
1027 457 1222 543 judicatam,
1235 465 1268 524 et
1278 461 1335 526 cen·

211 577 214 585 '
246 597 263 636 a
279 583 455 661 sequenter
464 575 727 642 executionidari
734 593 798 641 nou
810 581 930 659 petest.
946 579 981 640 3⁰
992 575 1023 639 Si
1034 575 1075 640 sit
1086 574 1206 660 injusta
1215 573 1334 660 quien,

245 714 262 752 a
279 690 338 756 sed
348 699 457 756 tamen
469 689 631 770 valida...,
644 708 787 774 egocum
798 687 1260 774 Pirrhingntordistinctione,
1271 692 1339 784 inter

244 808 474 872 «sententiam
492 818 566 892 quae'
584 809 795 875 materialiter
811 808 927 885 solum,
947 815 982 873 ct
1002 825 1072 873 eum
1089 825 1161 892 quae
1180 807 1338 874 formaliter

174 962 176 966 >
245 922 397 1008 «injusta
412 931 462 988 est
479 945 487 988 :
503 899 530 988 si
544 925 745 988 materialiter
763 923 869 989 solum
887 922 1006 1009 injuste
1023 923 1082 1000 sit,
1101 941 1141 989 eo
1155 922 1243 1008 quod
1258 921 1339 1008 judex

243 1059 348 1122 ceam
376 1039 515 1105 ferendo
543 1039 722 1106 secundum
751 1042 888 1125 allegata
915 1047 949 1105 et
979 1040 1116 1125 probata
1143 1039 1337 1123 processerit,

243 1159 355 1216 «tunc
375 1158 532 1216 executor
552 1151 679 1238 (saltem
698 1152 731 1215 in
750 1171 846 1217 causa
863 1149 967 1234 civili)
989 1150 1182 1215 sententiam
1201 1147 1342 1235 ejusmodi

243 1267 364 1332 «licite
379 1267 572 1351 exequitur,
586 1264 651 1331 irno
669 1265 775 1331 debet·
789 1249 908 1350 exequi
926 1267 953 1330 si
969 1265 1116 1348 superior
1135 1267 1339 1349 praecipiat...

206 1432 209 1437 .
242 1380 316 1446 «At
336 1381 363 1446 si
384 1381 544 1446 sententia
568 1380 633 1446 lata
657 1381 698 1446 sit
719 1384 892 1461 formaliter
913 1379 1051 1464 injuste,
1077 1381 1152 1464 quia
1171 1379 1273 1464 judex
1292 1397 1343 1444 non

241 1485 436 1580 «processit
460 1496 639 1562 secundum
664 1496 802 1580 allegata
825 1504 861 1562 et
885 1493 1035 1579 probatu,
1055 1494 1115 1560 sed
1140 1513 1183 1559 ex
1200 1493 1343 1578 imperitis

195 1664 202 1676 .
242 1612 330 1677 uvel
354 1610 430 1678 dolo
451 1611 495 1676 its
516 1609 685 1695 judicavit,
703 1619 782 1675 tunc
796 1617 965 1688 executor,
990 1611 1018 1674 si
1038 1609 1100 1674 hoc
1115 1610 1146 1675 ei
1163 1618 1286 1676 certum
1300 1608 1340 1684 sit,

240 1745 333 1792 cneo
348 1725 450 1792 debet
464 1745 525 1792 nec
542 1732 652 1810 potest
669 1726 769 1791 talem
785 1725 981 1791 sententium
1001 1726 1129 1810 exequi.
1152 1749 1168 1785 u
1188 1720 1344 1811 (Schelle
1408 1731 1410 1818 l

237 1842 396 1928 grueber,
413 1842 448 1906 in
462 1843 514 1906 tit.
533 1843 587 1920 27,
604 1840 712 1906 libri2
729 1841 835 1920 decr,
852 1861 885 1906 n.
907 1839 995 1925 tot.)

281 1959 433 2039 Quesxto
450 1949 556 2020 5·.'-
570 1957 618 2020 Ae
630 1950 674 2018 'eb
692 1963 863 2019 coercitione
882 1957 1034 2036 appellari
1050 1959 1172 2037 possit?
1193 1993 1239 2004 -
1265 1955 1344 2019 alle·
1409 1929 1410 2018 l

240 2097 256 2135 u
277 2071 423 2156 spondeo
434 2089 509 2136 cum
523 2072 686 2142 communi
697 2072 864 2155 negative3
876 2071 936 2134 nisi
950 2071 1035 2136 forto
1047 2069 1228 2136 excedatur
1244 2068 1345 2136 medes

241 2188 308 2251 cin
319 2185 529 2271 exequend03
547 2194 627 2252 tunc
640 2185 726 2251 e'nim
741 2176 877 2268 apellati
893 2193 1013 2268 potest,
1034 2184 1094 2250 sed
1107 2187 1247 2268 exprimi
1258 2185 1346 2252 debet

240 2326 257 2365 u
276 2305 372 2367 cause
381 2320 534 2366 excessus
542 2309 578 2366 et
592 2301 796 2384 gravaminis.
812 2325 828 2362 l
845 2301 1045 2388 (Leurenius,
1057 2305 1168 2365 Forum
1178 2305 1342 2382 occentent,
1408 2311 1410 2428 Α

238 2419 339 2484 tnttt.
358 2416 696 2496 27,lihri2decret.,
715 2433 747 2500 q.
766 2416 858 2502 991.)
982 2455 984 2460 ·
1264 2432 1267 2437 ·
1399 2410 1405 2431 '

286 2536 439 2615 Qunsuo
464 2535 508 2598 6·.
534 2569 579 2582 -·-
592 2535 650 2598 ¹Au
673 2536 715 2597 ert
737 2540 937 2598 executioeeu
964 2540 1136 2616 requiretur
1160 2539 1288 2600 citello?
1309 2569 1346 2582 -
1408 2501 1410 2596 i

241 2652 273 2714 1⁰
288 2647 426 2731 Quando
442 2668 461 2713 a
479 2649 639 2714 sententie
664 2648 728 2713 fuit
756 2648 970 2732 appellatum,
996 2657 1031 2714 et
1058 2649 1136 2716 dein
1158 2649 1287 2717 deserta
1298 2667 1345 2734 up
1408 2699 1410 2786 ι

225 2763 381 2848 pollutio,
405 2763 437 2828 in
453 2763 645 2828 executione
663 2761 763 2828 debet
781 2781 857 2846 pars
871 2764 979 2846 citari;
997 2765 1156 2837 aliusnon
1174 2766 1262 2832 velet
1276 2783 1346 2840 ‚exe
1409 2791 1410 2806 ¹

189 2862 339 2946 'cutio
369 2880 419 2944 lta
448 2878 600 2944 doctores
630 2879 857 2951 communiter.
887 2881 922 2943 2⁰
948 2881 1049 2945 Extra
1078 2897 1188 2946 casum
1216 2881 1345 2948 deserte

217 3033 219 3037 ·
242 2995 484 3078 appellationis,
501 2994 556 3059 vel
569 2994 720 3059 executio
735 2992 882 3083 faciende
896 3001 946 3060 est
959 2995 991 3058 in
1003 2997 1072 3077 ipsa
1086 3013 1136 3074 re,
1153 2995 1196 3060 (le
1212 3015 1274 3081 qua
1289 2996 1346 3060 latu

59 3101 62 3108 ’
154 3184 156 3189 ,
240 3109 305 3174 fuit
325 3110 497 3187 sententia,
515 3110 568 3174 vel
583 3110 616 3173 in
635 3127 672 3173 re
688 3107 841 3174 diversa:
859 3115 887 3172 si
900 3115 999 3192 prim,
1022 3111 1173 3176 citatione
1195 3111 1277 3195 opus
1290 3128 1346 3174 non

242 3233 313 3309 est;
334 3232 361 3288 sl
375 3231 546 3307 posterius,
570 3223 698 3316 citanda
721 3231 863 3308 estpars
881 3222 923 3288 ad
939 3224 1147 3309 allegandum
1165 3246 1265 3312 quare
1282 3243 1346 3290 sen·

241 3341 343 3406 tentia
354 3359 419 3404 nen
430 3337 550 3404 debeat
561 3337 708 3404 mandari
719 3339 915 3404 executioni.
931 3337 1244 3425 (Vide'Leunenium,
1257 3342 1346 3406 uitato

241 3455 327 3534 lece,
346 3453 569 3540 quescitur.)
814 3451 816 3454 ’
845 3454 847 3458 ’

154 3633 157 3638 Α
285 3572 437 3652 qusrro
454 3577 497 3635 7¹.
513 3605 558 3618 ·-
571 3573 620 3634 let
634 3589 708 3651 quas
721 3589 869 3652 cepelses
885 3573 951 3634 litis
963 3573 1204 3636 condemnassem
1218 3579 1257 3636 sil
1268 3579 1347 3634 lcule-

243 3694 345 3752 rarius
368 3689 517 3768 liliputer,
543 3694 572 3749 et
594 3693 661 3768 quis
686 3689 823 3768 liliputer
847 3692 1022 3749 temerarius
1043 3691 1206 3751 censendus
1225 3691 1347 3752 sili·-

243 3804 271 3866 Ι.
289 3789 443 3884 Expensae
462 3801 528 3865 litis
542 3801 610 3865 aliae
626 3808 703 3865 sunt
723 3801 922 3883 voluntarie,
940 3801 1009 3864 aliae
1026 3803 1229 3868 necessarie.
1246 3805 1346 3867 Velim·

245 3926 342 3999 terite,
358 3933 429 4002 quae
442 3925 476 3982 et
488 3919 624 3980 delicate
635 3925 803 3993 vocantur,
818 3923 894 3981 sunt
906 3917 928 3980 ii
939 3924 1096 4000 sumptus,
1112 3920 1170 4001 qui
1183 3939 1273 3985 causa
1287 3935 1346 3982 non

244 4035 394 4117 enecante
412 4033 513 4116 fiunt,
539 4041 577 4097 ut
599 4033 627 4097 si
649 4013 778 4115 litigans
792 4049 849 4119 spe
865 4030 1048 4098 obtinendae
1065 4033 1221 4111 victoriae,
1237 4033 1347 4098 libers·

244 4146 360 4215 liorem
374 4146 469 4212 solito
483 4163 560 4228 erga
574 4143 748 4210 advocatos
766 4144 886 4209 aliosve
903 4163 974 4208 sese
989 4143 1155 4210 exhibeat.
1177 4149 1346 4238 Necessarie

246 4281 338 4340 rere,
352 4280 423 4346 quae
436 4265 469 4326 et
480 4263 690 4342 lepilimaeseu
704 4257 879 4325 moderate
894 4257 1059 4337 dicuntur,
1074 4253 1185 4328 suntii
1194 4266 1343 4344 olimpius,

245 4381 302 4460 qui
316 4376 409 4461 juxta
427 4376 590 4443 curiarum
608 4395 732 4442 merem
751 4374 794 4441 ad
812 4375 1012 4443 ennoean
1030 4375 1096 4442 litis
1113 4375 1344 4460 expeditionem
