2878 5114
512 325 592 374 rsus
614 326 774 374 sucunon.
1144 311 1209 376 nrt

108 467 160 516 cur
176 449 334 516 inutiliter
359 449 503 516 omnium
525 450 655 517 omniuo
677 449 892 517 iorruulurum
913 459 1069 534 congesto
1085 452 1210 522 seretur

105 568 230 632 onustus
242 568 398 632 mutatus
416 561 569 646 prodiret
591 562 648 650 (t).

343 1073 696 1170 COLLECTlO
736 1075 962 1174 PRIMA.

152 1337 337 1412 Fermulae
357 1363 434 1438 quae
451 1323 500 1412 orl
517 1344 625 1414 corice
643 1342 854 1442 episcopalis
876 1341 1148 1416 ordinationem

541 1464 761 1563 reseruntur.

637 1767 662 1828 l.

177 2025 336 2074 rontium
358 1987 596 2079 nuruufflortls
619 2029 833 2078 concubuisti
863 2029 923 2078 SEU
947 2027 1113 2076 Acwnbn.

137 2285 226 2354 Hauc
245 2286 352 2368 primo
366 2287 439 2354 loco
455 2289 615 2372 ponimus,
634 2288 709 2373 quia
733 2306 807 2352 curn
829 2287 972 2354 debeant
994 2293 1112 2352 colera
1133 2285 1210 2368 Epi-

92 2401 176 2482 scopi
203 2406 278 2466 actu
308 2421 369 2485 pur
401 2403 583 2468 cancellarii
610 2403 879 2486 subscriptionem
905 2400 1141 2476 authentiam,
1176 2399 1209 2464 in

92 2512 293 2582 ruminanda
321 2518 409 2584 suia
435 2517 586 2601 expedit,
616 2527 652 2584 ut
677 2526 752 2584 unic
775 2519 882 2586 omniu
903 2535 996 2584 suum
1026 2516 1205 2598 Episcopus

92 2633 316 2702 cmosllsrium
345 2635 531 2704 constituat.
567 2635 659 2702 lllom
691 2653 772 2701 vero
799 2635 972 2703 formulam
1003 2633 1051 2700 sic
1078 2629 1211 2698 exbibet

92 2747 287 2816 llouuccllus
304 2749 539 2834 (Formolorlem
552 2754 658 2834 lepole,
679 2758 773 2835 porte
792 2755 822 2830 1,
839 2751 890 2818 tit.
912 2753 942 2828 l,
960 2748 1102 2816 formula
1118 2745 1161 2831 5).

136 2887 151 2923 c
168 2868 209 2930 Ν.
214 2913 225 2945 ,
241 2867 406 2948 Episcopus
417 2871 447 2931 Ν
450 2912 457 2932 .
474 2902 518 2917 -
531 2870 658 2947 Dilecto,
673 2875 729 2932 ete.
740 2903 785 2916 -
799 2871 874 2932 Cum
889 2869 925 2930 dc
939 2868 1043 2930 tdouoo
1054 2863 1210 2931 coercito

93 2985 136 3044 rto
142 2984 304 3063 providero
318 2988 487 3063 cupiamus,
505 2990 557 3064 pot
571 2987 663 3048 Nobis
678 2992 709 3047 et
728 2987 874 3048 tricocco·
888 2989 990 3048 nostro
1006 2985 1165 3058 inserviat,
1180 2986 1210 3042 et

92 3099 272 3175 purricello
290 3101 406 3179 opererio
417 3106 488 3165 mot
500 3102 662 3181 dtltpeoter
676 3102 853 3181 adimplent,
878 3107 906 3162 et
923 3103 1089 3180 scripturos
1106 3099 1210 3162 libros·

92 3231 145 3292 poe
167 3215 210 3276 od
230 3221 365 3277 oostrom
389 3217 609 3279 Comellortom
635 3223 799 3297 spectantes
814 3214 1117 3294 fidelitermcstodiot,
1137 3231 1210 3294 erpo

127 3479 163 3542 (t)
182 3480 454 3542 Superrueaneumtoret
471 3494 622 3543 promouere,
633 3482 662 3530 dc
678 3485 730 3545 iure
749 3483 874 3536 communi,
890 3494 965 3544 neque
978 3482 1017 3530 bic
1032 3480 1148 3530 exhibitus
1163 3480 1210 3530 tor-

94 3573 177 3635 natus,
192 3587 269 3636 neque
281 3575 369 3623 similes
378 3589 429 3638 quo
438 3575 499 3636 apud
509 3583 615 3626 unctores
629 3585 764 3638 occurrunt,
778 3589 830 3624 esse
843 3575 975 3624 necessario
992 3573 1144 3648 adhibendas.
1166 3576 1209 3624 lus

94 3677 174 3730 nempe
188 3669 280 3717 nullum
293 3669 424 3731 praescribit
442 3678 530 3718 certum
545 3682 586 3720 scu
601 3669 778 3722 determinatum
793 3669 945 3721 formularum
960 3677 1076 3731 tenorem
1093 3667 1134 3718 sed
1153 3669 1209 3718 sutis

94 3768 165 3810 estut
177 3762 289 3824 quislibet
304 3762 413 3825 formula,
431 3777 576 3827 quocumque
594 3765 663 3814 modo
681 3767 807 3826 scribetur,
822 3779 849 3813 eo
867 3778 917 3827 quae
938 3764 967 3812 do
986 3765 1039 3825 jure
1058 3759 1210 3825 requiruntur

93 3857 218 3905 contineat.
234 3859 293 3908 Cum
306 3865 440 3907 autemnon
454 3859 587 3908 udeotscilo
602 3861 642 3920 sit,
652 3861 775 3923 tyronibus
788 3860 927 3922 presertim,
942 3859 997 3908 huic
1009 3857 1135 3908 conditioni
1153 3870 1210 3919 pro·

93 3951 143 4012 prio
156 3959 234 4001 murts
246 3951 388 4016 satisfacere,
398 3953 451 4004 ideo
464 3955 613 4006 utilissimum
624 3964 661 4006 cst
671 3958 694 4004 iu
703 3969 842 4020 unoquoquo
854 3956 919 4004 curio
936 3941 1093 4004 ecclcsiultios
1104 3959 1177 4002 certos
1187 3961 1211 4003 ct

94 4043 261 4096 murrinam
282 4048 371 4098 hebere
387 4047 509 4110 formulas,
523 4064 573 4112 quc
595 4064 610 4098 u
629 4051 686 4100 viris
699 4050 854 4112 prudentibus
874 4050 1003 4112 disposito,
1024 4049 1060 4096 rel
1077 4049 1146 4110 longo
1165 4060 1210 4098 usu

93 4148 200 4204 receptu,
218 4141 266 4202 jam
280 4147 407 4192 noscuntur
421 4143 483 4203 juris
501 4145 562 4193 socri
579 4145 722 4206 prescriptis
738 4144 877 4194 conformes.
899 4144 949 4192 imo
968 4142 1083 4206 ejusmodi
1103 4141 1209 4190 formum

92 4240 192 4296 possunt
204 4234 254 4284 lieri
269 4237 413 4300 obligatorias
430 4251 458 4286 er
475 4240 568 4287 statutis
580 4238 717 4288 dioeccsanis
729 4241 765 4288 rei
779 4253 806 4287 er
819 4240 879 4302 stylo
892 4237 971 4288 curiae.
987 4238 1114 4285 luctomm
1130 4243 1208 4284 autem

93 4329 237 4388 privatorum
252 4330 396 4390 formularis,
412 4331 478 4379 raldo
489 4331 600 4394 prodesse
613 4340 712 4396 possunt
725 4333 753 4380 ud
764 4331 877 4394 ejusmodi
887 4339 962 4380 rectos
975 4330 1087 4379 lormulus
1101 4331 1124 4378 iu
1139 4343 1210 4392 usum

93 4419 247 4476 inducendas.
