2948 5126
223 355 266 420 lo
565 368 753 420 concretus
775 371 819 420 on
841 371 989 420 summus.

266 498 405 566 ommi
415 455 823 578 7·.-Addeooeuanoom,
834 499 1340 581 uzomomerer,q1oommqm

218 619 355 700 proximi
376 615 540 688 delictum,
569 615 869 695 reuolomteromoos
894 619 1043 678 imitor.
1066 651 1111 663 —
1136 615 1338 698 Proeceptum
1444 677 1445 686 ,

153 775 155 780 f
223 730 310 800 enim
328 729 446 796 Christi
459 728 559 817 (apud
576 729 773 808 lllattbaeum,
794 728 847 817 18)
865 732 1017 816 generale
1030 738 1091 810 est,
1105 737 1145 798 et
1166 731 1209 798 ud
1227 749 1340 798 omnes

223 847 398 914 directum.
416 844 510 913 Idem
523 847 671 931 sequitur
686 866 728 913 ex
741 845 816 932 jure
832 847 991 932 naturali3
1006 867 1047 913 ex
1063 847 1206 933 generali
1220 847 1344 912 scilieet

223 963 389 1030 charitatis
407 970 589 1047 praecepto,
609 964 642 1044 vi
656 961 751 1048 cujus
774 971 909 1030 tenetur
931 964 1069 1050 quisque
1092 969 1221 1030 aeternae
1246 962 1344 1031 soluti

223 1081 362 1168 proximi
384 1080 567 1146 consulere.
588 1079 737 1147 Diximus
759 1088 870 1148 autem
885 1085 1079 1165 recolortter,
1100 1079 1142 1147 ob
1169 1087 1346 1167 sequentes
1447 1155 1448 1174 χ

225 1195 432 1280 excipiendos
452 1213 569 1262 casus:

273 1316 304 1380 1⁰
319 1313 351 1380 Si
368 1313 447 1378 nihil
458 1311 631 1396 profutura
642 1314 685 1380 sit
699 1313 886 1398 evangelicu
905 1311 1108 1378 denuntiatio
1123 1331 1131 1395 ;
1152 1313 1187 1376 2⁰
1200 1311 1228 1378 si
1239 1309 1347 1396 mujns
1448 1329 1449 1334 ¹

225 1430 380 1498 domnum
395 1430 553 1514 allatura3
568 1432 604 1495 3ο
628 1428 655 1494 si
680 1431 795 1498 nocivo
814 1429 1020 1498 denuntianti
1037 1429 1150 1497 futura
1166 1427 1348 1514 praevideo·
1449 1495 1450 1518 ἦ

225 1555 293 1614 tur.
311 1549 361 1614 De
377 1565 441 1632 quo
453 1545 528 1611 vide
543 1545 731 1630 theologos.

270 1665 351 1732 Dari
363 1671 473 1730 autem
484 1681 577 1728 casus
588 1662 621 1726 in
638 1663 757 1748 quibus
771 1661 921 1730 etiamad
942 1661 1202 1731 denuntiandum
1212 1665 1351 1746 Juouta-
1450 1649 1451 1654 ’

229 1788 299 1848 tter
309 1788 427 1866 urgeat
441 1778 607 1864 obligatio,
623 1779 709 1847 inira
716 1782 902 1864 exponitur.

272 1899 349 1965 Haec
364 1895 407 1964 de
422 1896 610 1980 evangelice
625 1894 884 1977 denuntiatione,
908 1905 1063 1983 tanquam
1076 1895 1119 1962 de
1134 1897 1269 1965 materie
1291 1897 1352 1964 mi·
1452 1965 1453 1980 ἦ

229 2033 291 2082 nus
306 2013 349 2080 ad
363 2018 560 2097 presentem
572 2017 750 2079 tractatum
765 2014 962 2097 pertinente,
973 2012 1095 2079 cursim
1108 2010 1349 2079 adnotavimus.

233 2135 282 2199 De
296 2129 443 2217 judiciali
452 2147 532 2196 vero
547 2126 805 2208 denuntiatione,
824 2147 896 2214 quoe
911 2129 1063 2216 proprius
1074 2135 1124 2196 est
1131 2124 1228 2214 hujus
1237 2127 1356 2213 capitis

233 2265 367 2332 scopus,
389 2242 592 2312 enucleando
614 2245 767 2313 canonico
790 2242 875 2330 juri,
896 2265 982 2313 nunc
997 2245 1096 2329 poulo
1120 2243 1223 2329 magis
1239 2243 1356 2312 immo·
1454 2255 1455 2284 ¹

236 2361 388 2432 randum.

672 2667 674 2671 ⁸
751 2593 849 2674 snt.

501 2829 521 2876 l
551 2839 598 2892 quo
618 2825 669 2876 lieri
691 2826 767 2889 possit
783 2827 904 2892 judicialis
930 2825 1083 2877 denuntiatio.

288 3058 395 3124 Facile
409 3063 546 3136 nonest,
561 3055 604 3123 ob
621 3053 702 3142 juris
718 3057 802 3123 sacri
820 3065 970 3124 textuum
990 3055 1050 3123 boe
1064 3059 1098 3123 in
1116 3076 1152 3124 re
1167 3063 1360 3142 egestatem,

242 3175 431 3242 dbcernere
447 3173 578 3258 quinem
602 3170 646 3238 ed
656 3171 854 3256 judicialiter
871 3171 1128 3240 denuntiandum
1146 3172 1270 3240 habiles
1283 3175 1360 3253 sint,

246 3293 302 3359 vel
325 3289 494 3357 inhabiles.
521 3291 587 3356 Nec
616 3294 733 3356 mirum
763 3291 995 3358 vetustioribus
1020 3290 1163 3357 decretis
1186 3291 1363 3377 eliquatrun

245 3408 457 3494 questionem
471 3406 654 3492 noniuisee3
664 3425 738 3472 oum
749 3407 952 3475 denuntiatio
966 3426 1030 3473 nou
1038 3406 1226 3476 introducta
1238 3409 1292 3490 sit,
1303 3410 1367 3478 uisi

248 3533 286 3592 ut
300 3522 343 3590 ud
350 3524 586 3610 inquisitor-ium
592 3541 777 3609 processum
785 3524 834 3589 via
840 3529 1059 3609 stemeretur3
1074 3524 1367 3610 inquisitoriavero

246 3643 441 3710 iormoante
454 3639 663 3707 undecimum
682 3639 812 3706 circiter
830 3641 983 3707 saeculum
1004 3641 1052 3728 (ut
1069 3641 1154 3707 infru
1175 3641 1366 3730 probemus)

245 3762 284 3825 in
298 3757 499 3826 ordinarium
513 3756 716 3844 procedendi
728 3756 860 3824 modum
880 3776 946 3823 non
972 3758 1154 3843 transierit3
1170 3759 1301 3846 soloque
1318 3777 1370 3829 re·

252 3877 408 3962 gulariter
433 3876 610 3962 antiquitus
627 3875 806 3941 obtinuerit
830 3875 1028 3941 accusatorio
1046 3876 1109 3942 via.
1139 3876 1223 3944 Hinc
1250 3877 1370 3947 sedulo

251 3991 469 4079 expendenda
482 3998 645 4059 momento
660 3992 777 4070 omnia,
792 4011 810 4058 e
823 3989 942 4078 quibus
955 3989 1075 4058 deduci
1087 4011 1182 4076 posse
1204 3994 1370 4063 conclusio

253 4108 419 4177 videatur.

250 4264 256 4272 -
298 4228 325 4292 1.
340 4226 660 4307 Qrcidcoooludcndom
669 4229 709 4287 sit
724 4243 764 4288 ec·
774 4226 995 4307 tmttoojmts
1005 4229 1172 4308 quiefferri
1178 4235 1372 4308 possunt.-

241 4347 290 4410 l.
304 4341 354 4410 lo
364 4360 435 4410 rem
448 4342 558 4409 fecere
570 4340 702 4408 videtur
716 4339 892 4407 decretalis
898 4339 1077 4407 Innocentii
1093 4341 1141 4407 III
1152 4345 1228 4406 Com
1241 4343 1373 4408 ortuum

259 4459 298 4548 (c.
317 4461 371 4540 io,
388 4457 475 4525 tituli
492 4460 522 4536 i,
536 4455 612 4524 libri
627 4459 646 4524 5
661 4451 898 4542 decretalium),
915 4452 1008 4542 cujus
1022 4456 1226 4524 ocoosiohaec
1236 4457 1369 4527 extitit:
