2914 5122
426 347 430 354 '
496 361 573 408 runs
597 362 754 408 secunus.
827 341 831 346 ’
1114 347 1174 409 157

118 493 235 556 tt‘ltem
251 487 414 574 quomodo
429 486 613 554 faciendum
632 488 673 552 sit
693 507 827 553 examen
851 489 983 553 testium
1007 491 1039 551 et
1055 463 1174 552 ἰιιεῐιιιζ

87 615 242 671 uentorum
256 606 290 668 in
307 622 462 688 processu
475 604 695 680 informativ0‚
715 601 815 668 habes
825 604 857 667 io
871 605 1070 668 Formutorio.

118 725 143 786 3.
160 722 203 785 An
221 729 331 786 autem
358 727 391 784 et
406 718 568 808 quomodo
592 718 731 784 testibus
754 727 928 804 antequam
948 719 1177 783 examinentur

85 833 277 902 deferendum
292 834 566 920 sitjuramentum
586 833 628 898 de
653 831 794 901 dicenda
812 835 960 912 veritate,
975 854 1100 901 necnon
1119 853 1179 900 cae·

86 939 141 1017 tera
152 971 218 1036 quae
233 950 275 1017 de
290 952 430 1016 testibus
449 959 483 1016 et
495 949 719 1015 instrumentis
734 947 896 1015 noscenda
913 958 1004 1034 snut;
1019 949 1179 1016 tradimus

85 1069 166 1147 infra,
181 1067 235 1134 ubi
251 1067 293 1133 de
310 1071 554 1132 Probattontbus.
1169 1045 1175 1062 ’

524 1356 656 1420 CAPUT
683 1357 717 1420 V.

447 1625 488 1670 Dii
522 1625 696 1672 ctTA'rlottn
735 1624 800 1670 unt.

100 1899 103 1904 '
121 1891 161 1954 Ne
172 1891 204 1954 in
219 1888 447 1974 persequenda
463 1907 634 1972 processus
655 1890 826 1955 criminalis
850 1891 915 1956 tela
930 1889 1106 1975 quidquam
1127 1891 1184 1956 ali-

86 2005 323 2089 cujusmomenti
341 2007 539 2082 omittamus
559 2005 609 2070 hic
626 2005 848 2072 adnotandum
868 2008 969 2085 venit,
995 2007 1183 2090 contingere

86 2137 173 2202 posse,
193 2131 229 2188 ut
245 2141 324 2188 reus
340 2131 514 2206 antequam
528 2123 659 2194 citetur.
678 2123 796 2188 resciat
810 2124 945 2189 formari
958 2111 1075 2189 contra
1088 2143 1122 2189 se
1134 2119 1183 2190 in*-

86 2235 278 2304 formativum
298 2259 495 2322 processum.
520 2239 609 2304 Tunc
626 2247 736 2304 autem
753 2247 860 2323 potest
873 2239 1017 2325 judicem
1039 2240 1129 2306 adire
1150 2248 1186 2307 et

86 2363 305 2436 compositionem
321 2362 459 2439 petere:
480 2374 550 2448 quoe
571 2356 598 2420 si
620 2355 681 2438 ipsi
701 2354 911 2435 concedatur,
928 2357 1094 2441 processui
1113 2331 1186 2422 finis

86 2470 255 2550 imponitur.
279 2471 329 2535 De
341 2469 400 2536 huo
413 2479 523 2535 autem
536 2475 745 2552 compositione
763 2477 940 2552 peccatoria
959 2473 990 2536 in
1006 2472 1109 2537 causis
1124 2473 1187 2536 cri·

86 2586 252 2664 ninalibuS‚
268 2585 347 2672 quid
363 2585 571 2652 sentiendum
588 2587 649 2664 sit,
670 2595 704 2653 et
718 2587 881 2672 quomodo
905 2598 1091 2672 peragatur,
1111 2571 1188 2656 satis

87 2700 205 2770 dicimus
216 2706 249 2769 iu
264 2707 456 2768 Formulurio
472 2705 613 2791 (collect.
639 2709 670 2783 2,
692 2723 762 2789 cap.
784 2701 849 2790 18).
863 2703 958 2771 Unde
973 2705 1036 2784 hic,
1055 2725 1093 2770 ea
1105 2724 1189 2791 prae·

88 2823 239 2901 immissa,
266 2821 309 2888 ad
334 2822 392 2888 Rei
414 2823 680 2888 constitutionem
702 2829 735 2886 et
760 2823 945 2888 citationem
975 2819 1114 2907 gradum
1141 2821 1189 2887 fa-

89 2937 188 3003 cimus.

125 3055 220 3137 Igitur
234 3055 381 3122 absoluto
393 3055 600 3120 informativo
609 3073 775 3139 processu,
789 3053 885 3133 idest,
898 3055 1039 3140 juridico
1056 3031 1189 3123 testium

89 3176 118 3233 et
128 3171 411 3241 instrumentorum
427 3172 584 3250 examine,
599 3170 701 3256 judex
718 3171 906 3256 expendere
926 3171 1026 3240 debet
1042 3193 1189 3268 anexeo

90 3297 219 3373 emergat
206 3291 348 3356 tsaltem
361 3309 452 3355 serm-
432 3290 633 3373 ptlenacon
635 3309 671 3354 ra
686 3307 779 3354 reum
791 3289 918 3373 probat
910 3309 952 3355 ιο.
967 3283 1048 3355 Etsi
1040 3269 1189 3378 quidem

90 3408 241 3487 perpensis
255 3407 404 3474 omuibus
419 3425 510 3471 semr—
492 3405 638 3502 'plenam
647 3405 875 3490 probationem
890 3427 955 3472 non
971 3407 1190 3492 reportatam

92 3519 128 3583 cit
144 3519 307 3588 decretum
334 3521 376 3589 de
399 3542 464 3586 non
477 3521 616 3586 ulterius
631 3520 859 3604 procedendo,
883 3529 917 3586 et
936 3523 981 3586 sic
996 3541 1099 3592 cause
1116 3493 1191 3587 finis

91 3632 261 3719 imponitur.
280 3639 312 3702 st
326 3657 406 3704 vero
422 3635 584 3704 existimet
598 3636 712 3701 haberi
732 3637 861 3720 plenam
881 3643 937 3702 aut
962 3637 1082 3707 saltem
1095 3640 1191 3703 semi

91 3750 204 3830 penam
222 3756 460 3856 probationem,
476 3754 583 3819 facere
600 3751 700 3818 debet
715 3752 828 3818 decret
814 3761 885 3818 tum
902 3752 943 3819 de
963 3762 1079 3820 constit
1040 3743 1191 3854 t'tuendo

97 3883 153 3948 reo,
170 3879 202 3938 et
216 3879 417 3956 consequent
419 3891 459 3936 er
468 3867 584 3954 jubere
599 3878 638 3935 ut
656 3887 733 3936 reus
746 3847 877 3935 citetur.

130 3986 205 4052 Cum
216 3995 327 4054 autem
347 3986 388 4052 de
408 3985 568 4072 ejusmodi
587 3986 737 4051 citatione
760 3986 855 4069 plura
874 3983 1037 4053 noscenda
1055 3989 1129 4066 sint,
1149 3987 1192 4080 de

95 4096 161 4164 his
152 4105 343 4187 mpraesemi
356 4104 460 4188 eapite
477 4101 568 4167 venit
584 4099 821 4168 disserentium.

132 4218 275 4299 Qunsrro
294 4225 335 4286 1¹.
349 4223 488 4301 -Qaat
503 4225 530 4282 si
532 4224 680 4283 tottatto.
677 4223 690 4268 ⁹
705 4255 750 4266 -—
778 4219 988 4287 «Citatiot
938 4229 988 4288 est
1009 4232 1101 4288 actus
1116 4223 1195 4307 lem-

104 4334 219 4402 «timus
231 4355 323 4422 ‚quo
339 4336 412 4421 quis
432 4333 585 4401 mandato
608 4331 726 4418 judicis
745 4344 882 4400 uocatur
902 4335 935 4400 in
949 4335 1129 4430 judicium
1115 4327 1199 4454 Juris

101 4451 444 4535 «experiundicaus'au
454 4453 523 4516 Et
529 4451 625 4515 sumit
629 4469 667 4514 nr
680 4467 722 4515 ex
735 4451 806 4534 lege
823 4455 887 4514 Ιιι’
872 4473 933 4532 pas·
938 4453 981 4539 (1,
991 4448 1024 4518 n:
1046 4421 1197 4537 ι’ὶιῚιιῘιιι
