2838 5114
497 380 575 433 rsus
597 385 757 434 suenrus.
1113 369 1177 432 357

80 531 274 598 suspensum3
293 533 331 580 ao
357 512 510 598 proinde,
526 533 567 580 ex
592 533 632 582 eo
648 513 738 600 quod
763 514 863 597 possit
877 512 1052 596 Episcopus
1070 522 1179 579 extru-

75 627 255 714 judicialiter
274 628 315 694 ab
334 627 436 694 officio
451 628 667 712 suspendere,
693 649 759 695 nou
775 631 923 714 sequitur
950 645 1044 711 posse
1062 627 1176 694 eadem

76 747 119 810 uia
135 745 360 830 suspenderes
376 745 547 812 beneficio.

111 864 139 926 2.
159 863 222 926 Nec
242 861 345 927 robur
367 862 467 928 habet
487 863 625 928 alterum
649 867 892 945 argumentum,
911 858 1036 926 includi
1058 879 1175 944 nempe
1237 905 1240 910 ·

72 985 253 1061 potestatem
268 977 597 1063 extrc·judioialitera
613 977 771 1044 beneficio
786 973 1016 1060 suspendendi,
1031 977 1065 1041 in
1077 976 1179 1044 facul·

71 1097 129 1156 tate
141 1111 158 1156 a
170 1091 359 1158 ,tridentius
380 1091 505 1177 synodo
526 1092 692 1178 Episcopis
711 1111 878 1172 concessa,
900 1091 1124 1176 suspendendi
1137 1097 1175 1158 ab

19 1269 27 1280 ,
70 1210 225 1288 ordinibus,
245 1211 463 1291 dependentibus,
482 1211 627 1291 proditus
646 1217 676 1272 ct
693 1211 864 1274 lemuribus.
884 1208 1173 1276 monumemtum

69 1330 191 1388 nonest
213 1322 307 1401 ordo,
331 1342 393 1389 nec
409 1323 564 1408 dignitas,
587 1343 649 1390 nce
671 1325 807 1409 gradm,
827 1325 1007 1391 nechonor
1026 1325 1173 1392 insensu

66 1437 154 1522 juris3
180 1459 218 1504 ac
242 1439 382 1523 proinde
400 1443 500 1524 gratis
525 1442 680 1508 asseritur
702 1441 764 1506 sub
787 1441 836 1505 his
858 1439 1173 1506 denominationibus
1204 1477 1210 1488 ·

67 1554 296 1638 comprehendi.
314 1556 394 1620 Cum
405 1562 514 1622 autem
528 1556 656 1622 aliunde
667 1555 891 1622 Tridentinum
905 1555 988 1622 illud
999 1553 1170 1620 decretum

63 1667 120 1752 juri
138 1672 300 1736 communi
319 1669 487 1756 derogatio
513 1673 568 1750 sit,
591 1673 704 1737 stricte
727 1681 777 1738 est
798 1670 1101 1754 interpretandum
1126 1672 1171 1736 ita

64 1793 95 1850 ut
110 1786 273 1871 Episcopis
298 1787 344 1852 ihi
369 1807 557 1854 concessum
584 1789 753 1854 dumtaxat
777 1787 975 1854 censendum
999 1788 1055 1865 sit,
1080 1786 1169 1872 quod

64 1901 145 1966 oleris
161 1909 195 1968 et
214 1905 378 1986 expressis
395 1904 504 1970 verbis
523 1908 722 1972 enuntiatur.

100 2017 153 2082 lli.
177 2019 385 2084 probabilius
411 2028 476 2099 est,
505 2027 632 2086 attento
653 2017 841 2084 Tridentino
868 2024 977 2093 textu,
1006 2016 1166 2101 Episcopo

62 2147 116 2194 non
135 2139 324 2216 competere
341 2153 359 2197 a
374 2132 534 2198 beneficio
549 2133 852 2218 extra-judicialiter
872 2131 1095 2217 suspendendi
1110 2152 1167 2215 po·

61 2251 212 2314 testatem.
234 2251 316 2314 Nam
339 2267 403 2314 non
426 2249 496 2314 sine
512 2250 669 2334 mysterio
687 2249 868 2316 tridentini
887 2251 1014 2326 Patres,
1029 2248 1138 2316 dumi
1156 2285 1167 2298 -

60 2362 199 2430 cultatem
218 2365 379 2448 Episcopo
400 2365 552 2430 iecerunt
566 2364 789 2449 suspendendi
803 2365 844 2432 ab
863 2368 1039 2442 ordinibus,
1062 2367 1164 2446 diput-

60 2481 169 2559 tctibus,
186 2483 347 2562 proditus,
368 2482 537 2560 umoribus,
557 2481 735 2546 omiserunt
750 2501 805 2548 eas
819 2501 916 2548 voces
928 2490 958 2544 et
969 2501 988 2543 a
1000 2481 1159 2558 beneficiis.

58 2591 84 2655 si
96 2596 175 2660 enim
190 2584 370 2663 voluissent
396 2598 639 2682 suspensionem
653 2599 751 2664 etiam
772 2619 790 2664 a
805 2598 971 2664 beneficiis
986 2598 1018 2661 in
1033 2617 1091 2663 suo
1105 2595 1163 2662 de·

57 2717 137 2778 sreto
146 2713 442 2800 comprehendere,
455 2713 490 2780 id
502 2715 763 2812 exprimereuec
775 2714 869 2780 obliti
878 2721 997 2790 esseut,
1013 2731 1074 2778 nec
1090 2713 1162 2776 inu-

56 2823 104 2890 tile
121 2837 341 2912 reputassent.
366 2829 469 2914 Atque
494 2829 571 2896 iude
590 2832 670 2898 mihi
689 2831 822 2898 videtur
839 2832 917 2896 satis
936 2831 1028 2896 innui
1046 2847 1160 2896 eorum

56 2950 204 3028 mentem3
231 2964 290 3010 eos
314 2945 439 3011 scilieet
461 2947 613 3025 noluisse,
640 2957 679 3015 ut
702 2969 742 3016 er
766 2949 938 3016 informata
964 2947 1159 3014 couscientia

54 3069 169 3140 possent
192 3045 346 3145 Episcopi
376 3062 512 3130 clericos
538 3061 704 3130 boneficiis
734 3066 878 3148 privare,
901 3083 975 3130 cnm
995 3063 1056 3128 hoc
1073 3077 1158 3147 saepe

54 3171 127 3239 toret
148 3176 190 3242 ad
213 3183 393 3260 egestatem
421 3198 477 3244 eos
503 3178 654 3263 adigere3
681 3177 771 3263 quod
794 3197 858 3243 uon
878 3176 961 3244 adeo
987 3184 1098 3261 urget,
1120 3185 1158 3242 ut

53 3288 347 3374 extra-judicialiter
364 3289 437 3356 fieri
452 3290 613 3358 ordinarie
634 3291 798 3374 expediat.

87 3404 146 3470 Sed
170 3404 331 3491 quidquid
356 3407 398 3472 sit
422 3405 464 3474 de
490 3407 551 3473 hac
574 3417 684 3474 mente
710 3406 974 3474 <tridentinorum
999 3408 1151 3486 Petrum,
1275 3423 1278 3432 ’

51 3527 128 3586 certa
142 3530 192 3588 est
205 3522 368 3605 generalis
382 3525 496 3606 regula
514 3525 588 3611 (qua
610 3525 811 3608 potissimum
833 3520 1025 3608 innitimur),
1044 3542 1156 3607 quam-

49 3630 117 3700 libet
129 3635 194 3720 juri
207 3638 372 3702 communi
386 3637 630 3722 derogationem
645 3639 758 3704 stricte
773 3657 843 3704 esse
856 3635 1153 3721 interpretandam,

49 3762 100 3810 nec
118 3747 360 3814 admittendum
375 3751 409 3814 iu
432 3771 489 3829 ea,
514 3752 575 3816 nisi
598 3749 687 3836 quod
710 3751 797 3816 clare
822 3751 1015 3833 exprimitur
1036 3771 1044 3814 ε
1065 3751 1152 3834 atqui

48 3857 171 3930 iacrdtas
186 3885 230 3930 er
244 3865 418 3930 informata
434 3868 632 3956 couscientia·
644 3866 884 3950 suspendendi,
903 3865 967 3931 fuit
982 3864 1051 3950 juri
1066 3884 1153 3932 coru·

47 3980 123 4042 muni
146 3979 331 4065 derogatio,
359 3991 458 4065 prout
482 3983 632 4049 fatentur
657 4002 769 4050 omues
796 4005 803 4048 :
832 3981 962 4048 aliunde
987 3985 1068 4046 clarc
1092 3987 1172 4046 uou'

46 4101 215 4173 exprimitur
240 4115 312 4162 eam
338 4096 472 4165 extendi
495 4097 535 4164 ad
560 4099 802 4181 suspensionem
826 4098 922 4163 etiam
938 4117 957 4162 a
972 4096 1149 4176 beneficio,

46 4218 133 4287 prout
145 4213 252 4294 palam
267 4211 393 4278 faciunt
406 4221 442 4278 et
457 4221 565 4280 textus
580 4213 660 4296 ipse,
678 4219 713 4278 et
728 4214 967 4278 canonistarum
982 4211 1041 4276 hac
1058 4211 1099 4276 de
1113 4231 1150 4276 re

46 4328 256 4396 controversia
272 4335 306 4394 et
323 4326 502 4411 dubitatio;
529 4346 608 4412 ergo
631 4327 777 4396 extensio
802 4325 896 4396 dicta
921 4328 1084 4396 facultatis
1109 4327 1150 4395 ad
