2948 5126
237 383 278 448 56
578 402 766 452 maturos
787 403 832 451 nn
852 403 1002 452 marcus.

236 527 448 615 coarmantur
458 529 601 598 scienter
613 548 671 596 seu
685 549 727 596 ex
742 529 958 602 mandatust
974 529 1195 609 denuntiasse,
1207 530 1348 601 mbatur

232 651 386 740 tanquam
407 665 495 708 aeras
524 649 735 724 calumniator,
762 651 796 711 et
818 664 930 730 poenus
956 628 1224 715 calumniatorum
1238 645 1348 712 subire

234 757 347 825 debet.
369 762 419 825 Ita
438 759 589 828 doctores
600 761 817 828 unammrter
833 759 908 828 uide
928 778 1042 826 eorum
1056 761 1307 831 commentarios
1316 762 1349 828 iu
1392 755 1394 758 ’

232 876 408 973 tituluml,
425 876 501 941 libri
516 876 768 974 5decretalium

187 982 190 990 ’
277 993 309 1056 si
323 991 475 1058 deficiat'
439 999 502 1058 tm
515 994 805 1061 criminisintentat
806 993 1029 1076 iprobatioue,
1042 993 1179 1072 horest,
1191 995 1219 1062 si
1233 1015 1349 1064 varum

231 1095 296 1172 non
311 1109 496 1190 reperiatur
518 1105 690 1174 debctum.
703 1107 793 1194 quod
811 1106 1027 1198 denuntiavit,
1051 1107 1225 1176 habetur
1213 1129 1280 1194 ιιι]
1309 1129 1350 1177 ax

231 1223 292 1291 hoc
309 1225 377 1290 solo
389 1205 545 1308 tanquam
555 1232 758 1308 praesumptus
775 1228 995 1290 commutator:
1014 1233 1048 1290 et
1060 1225 1103 1292 ab
1121 1225 1279 1308 officione
1293 1227 1351 1294 be·

232 1337 346 1404 reficio
365 1336 519 1421 suspendi
529 1344 648 1422 potest,
662 1337 767 1405 donec
780 1341 998 1405 innocentiam
1017 1341 1222 1424 purgaverit,
1234 1339 1347 1422 idest,

232 1452 338 1543 donec
353 1441 587 1537 probaverit‘se
604 1451 770 1520 bonafide
788 1453 982 1550 sufficientes
999 1462 1168 1540 reputasse
1184 1474 1265 1540 quas
1276 1475 1352 1539 sug·

231 1570 331 1654 gessit
341 1570 560 1653 probationes.
576 1569 709 1637 Constat
724 1592 765 1636 ex
776 1570 934 1638 decretali
943 1575 1018 1639 aaa
1034 1575 1161 1638 dilectas
1179 1572 1222 1659 (2,
1244 1573 1298 1640 tit.
1315 1575 1348 1649 2,

231 1684 339 1751 libri5
358 1683 513 1769 decret),
535 1685 568 1750 in
582 1705 645 1770 qua
672 1687 717 1752 sic
735 1688 942 1780 Innocentius
968 1689 1035 1758 III:
1059 1711 1075 1749 a
1102 1688 1183 1754 Cum
1210 1687 1352 1754 ddectus

234 1784 252 1863 Ι«
270 1801 357 1868 fflius
372 1802 525 1885 magister
536 1801 728 1869 scholarium
737 1803 933 1880 'Palaestinns
946 1803 990 1874 ad
1004 1801 1121 1870 Sedem
1135 1803 1352 1888 apostolicam

236 1941 252 1979 a
267 1917 461 1994 accessisset,
475 1916 559 1984 etde
567 1936 626 1982 suo
638 1919 1067 2004 Episcopoexcessusvarios
1076 1920 1267 2006 nuntiasset,
1279 1938 1353 1986 exa·

237 2023 257 2125 'a
268 2033 476 2124 minationem
489 2033 705 2101 commisimus
716 2052 884 2100 excessum
892 2031 1106 2118 obJectorum.
1114 2081 1137 2098 ..
1147 2033 1232 2105 uum
1240 2041 1352 2120 autem

237 2143 254 2209 a
270 2167 459 2233 processum
469 2147 591 2230 negotii
601 2148 891 2214 examinaverimus
899 2146 1083 2244 diligenter,
1097 2149 1352 2240 nec—intelligere

238 2259 255 2327 a
271 2265 473 2349 potuerimus
485 2261 658 2346 probatum
675 2282 744 2328 esse
756 2262 961 2358 ¹sufficienter
973 2263 1106 2348 aliquod
1116 2263 1158 2330 de
1174 2263 1350 2352 praedictis,
1369 2259 1386 2285 ‘

238 2405 255 2443 a
272 2380 424 2447 eumdem
438 2381 631 2464 Episcopum
647 2378 883 2447 absolvendum
898 2377 1106 2450 decernimus
1119 2379 1166 2458 ⁸ab
1185 2379 1324 2464 objectis
1342 2402 1350 2446 :
1458 2465 1459 2474 ἢ

239 2495 365 2565 «uobis
388 2495 577 2561 mandamus
601 2503 761 2580 quatenus
777 2503 992 2587 memoratum
1013 2497 1204 2580 magistrum
1222 2495 1353 2574 schola·
1458 2489 1459 2528 ³

239 2638 256 2677 a
272 2617 369 2692 rium,
390 2612 495 2681 donec
506 2612 658 2677 canonice
672 2631 762 2678 suam
777 2613 968 2698 purgaverit
982 2613 1211 2692 innocentiam,
1229 2613 1354 2694 sedicet

240 2756 256 2794 a
277 2730 366 2818 quod
383 2750 448 2797 non
468 2727 683 2794 calumniandi
696 2729 803 2800 animo
822 2727 865 2794 ad
878 2728 1063 2826 hujusmodi
1079 2730 1214 2806 camina-
1234 2747 1354 2814 propo-

241 2847 382 2914 cnenda
399 2846 567 2931 processit,
589 2845 630 2910 ab
648 2845 751 2940 officio
766 2853 800 2915 et
817 2844 976 2913 beneficio
992 2844 1196 2929 suspendatis
1213 2867 1221 2912 :
1238 2852 1279 2913 ut
1292 2864 1353 2910 cae-

244 2964 340 3030 ateri
358 2963 451 3027 simili
470 2982 566 3047 poena
581 2980 642 3046 per
643 2962 762 3037 attriti,
784 2960 827 3028 ad
846 2960 1010 3028 infamiam
1027 2979 1160 3029 suorum
1176 2981 1242 3036 non
1256 2961 1352 3028 facua

244 3103 261 3141 a
277 3078 457 3166 procedant
468 3078 731 3144 mulacrum.»

287 3196 536 3261 anmantuus
554 3215 594 3258 aa
608 3195 714 3276 officio,
733 3193 835 3280 qualis
853 3203 904 3260 est
918 3147 1033 3260 fiscalis
1052 3200 1231 3278 promotor,
1248 3193 1356 3260 elsim

242 3309 412 3398 probando
424 3308 566 3387 deficiat,
586 3328 652 3375 ιιοιι
667 3309 778 3376 evadit
790 3317 992 3392 presumptor
1010 3311 1221 3374 calumniator.
1253 3308 1285 3375 Si
1307 3315 1357 3374 ta-

243 3448 317 3494 men
332 3427 518 3509 reperiatur
532 3431 657 3490 sauata
675 3445 734 3491 seu
747 3426 906 3493 malitiose
925 3424 1006 3492 falsu
1015 3425 1190 3490 intentasse
1208 3423 1354 3500 camma,

242 3563 303 3630 pro
324 3562 392 3606 vero
417 3535 634 3623 calumniatore
656 3539 806 3618 habetur,
829 3547 863 3606 et
878 3539 1046 3610 calumniae
1066 3557 1186 3630 poenas·
1201 3537 1352 3622 incurrit.

245 3685 263 3723 a
280 3659 373 3726 Ratio
385 3665 435 3723 est
449 3656 523 3742 quia
538 3657 690 3742 obligatio
704 3655 797 3722 officii
816 3673 871 3728 ιοι,
886 3663 1020 3723 excusat
1035 3659 1274 3740 apraesumpta
1287 3671 1357 3726 'non

247 3800 263 3839 a
279 3779 357 3842 item
371 3796 391 3840 a
405 3794 483 3856 vera
498 3774 667 3840 calumnia.
688 3798 705 3836 o
732 3771 964 3860 (Reiffeuatuel,
982 3773 1015 3837 in
1032 3773 1090 3838 tit.
1109 3775 1141 3862 2,
1155 3771 1234 3841 libri
1252 3773 1274 3836 5
1299 3769 1357 3838 de-

244 3899 341 3972 cret,
362 3911 395 3957 n.
422 3887 469 3974 5.)

748 4063 834 4143 §DL

447 4279 547 4332 numus
560 4277 740 4328 denuntiationis
747 4275 866 4340 judicialis
884 4278 962 4342 quoad
974 4277 1143 4332 denuntiatum.
1254 4309 1258 4314 ·
1303 4280 1306 4289 “

264 4463 266 4470 ⁴
288 4451 964 4552 Buoom1·.-Penu'aadaaoatuuoaa,
995 4493 1055 4540 aaa
1075 4481 1174 4570 potest
1194 4476 1355 4560 mausua-
