2948 5126
244 319 286 395 ill
589 333 776 382 rmornros
798 333 842 380 ou
863 331 1011 382 runicus.

245 482 348 526 comem
366 467 458 526 etiam
473 481 539 526 cam
551 464 704 526 Prolatos
718 464 846 541 excedit,
865 466 960 544 siper
976 463 1134 523 commem
1145 466 1177 522 et
1187 451 1302 541 sermm
1317 461 1358 522 od
1459 507 1460 512 η

244 598 332 642 acres
346 584 508 660 superioris
522 584 695 660 pcroemrit
713 577 789 664 (noa
805 580 956 659 quidemn
976 580 1131 640 malevolis
1144 585 1174 641 ct
1187 579 1353 657 atalecliois,

245 697 297 760 secl
311 716 337 774 a
361 698 499 776 procidis
512 703 550 762 et.
569 696 721 773 locestis;
739 714 793 757 acc
817 696 906 756 semel
929 702 1064 772 tactam,
1092 696 1144 757 secl
1163 713 1254 775 sape,
1281 697 1360 775 qaod

247 810 369 876 clamor
385 817 498 889 iaaoit,
522 818 556 874 et
574 809 748 876 diffamatio
768 807 973 894 monifestat);
997 813 1082 874 delet
1100 826 1200 874 coram
1221 813 1361 873 Ecclesia

246 930 411 992 scalaribus
428 933 586 990 veritatem
602 930 780 1008 dlllpcatlcs
796 932 998 1016 perscrutari·
1022 934 1057 989 ut
1077 926 1121 1013 (sl
1134 932 1180 988 rei
1190 932 1362 1008 poposcerit

245 1040 389 1128 qualitas)
405 1049 546 1109 coaoaico
561 1046 711 1107 districtio
729 1044 848 1123 culpam
861 1044 955 1122 sociat
982 1043 1198 1123 coloquentes·
1211 1061 1272 1104 aoa
1293 1049 1363 1104 taa-

246 1181 337 1241 qaam
356 1163 435 1224 idea
459 1167 500 1224 sit
519 1167 673 1224 accusator
691 1167 720 1222 et
733 1161 843 1241 jodoco,
871 1161 922 1222 scd
948 1163 1034 1238 qaasl
1050 1161 1245 1222 denuntiante
1262 1161 1359 1239 sama,

247 1279 295 1338 vel
308 1279 456 1357 deserente
470 1278 614 1354 cbmore,
639 1275 735 1355 officii
750 1278 799 1337 sai
817 1275 949 1337 debltam
965 1281 1140 1354 eceqaotor.

292 1393 339 1456 Ne
356 1409 436 1458 vero
451 1392 522 1476 quis
535 1397 631 1474 putet
644 1391 775 1456 noviter
792 1408 810 1454 a
825 1388 918 1455 nobis
930 1390 1145 1473 excogitatam
1160 1389 1243 1454 hanc
1254 1391 1362 1455 citata

223 1502 420 1574 ,decretalis
453 1506 770 1589 interpretationem,
797 1511 960 1570 vetustam
990 1505 1101 1589 glossa
1128 1505 1364 1588 expositionem

249 1620 458 1709 subjiciamus
475 1644 482 1686 :
504 1622 622 1688 «Tunc
640 1629 755 1702 autom,
768 1619 869 1685 debet
885 1621 1043 1686 Proelatus
1059 1619 1239 1704 procedere
1254 1619 1297 1685 ad
1314 1621 1365 1685 in-

252 1761 269 1800 «
287 1738 501 1824 quirendum,
520 1757 594 1805 cum
607 1738 726 1804 famam
741 1745 775 1805 et
790 1736 998 1822 frequentem
1018 1737 1192 1802 clamorem
1208 1737 1367 1820 intelligit

221 1913 222 1918 ,
252 1877 269 1916 «
287 1853 328 1922 de
344 1855 531 1920 excessibus
545 1853 690 1941 alicujus,
709 1874 767 1920 seu
778 1854 876 1919 etiam
888 1853 1078 1938 aliquorum,
1098 1861 1196 1937 prout
1212 1859 1306 1937 patet
1322 1873 1365 1918 ex
1462 1835 1463 1848 ¹

252 1976 400 2038 «tenore
424 1971 516 2038 istius
542 1971 799 2053 constitutionis3
827 1977 863 2034 et
879 1968 967 2054 quod
987 1970 1029 2034 sit
1049 1969 1237 2047 infamatus,
1255 1987 1324 2034 non
1347 1950 1381 2033 α’

252 2109 269 2148 «
285 2087 450 2153 malevolis
465 2095 501 2151 et
516 2082 668 2169 iuimicis;
684 2085 743 2152 sed
755 2106 773 2150 a
785 2085 879 2152 bonis
893 2093 928 2150 et
943 2084 1131 2151 discretis...
1149 2083 1192 2150 Et
1204 2071 1284 2150 t'unc
1296 2083 1368 2150 dis-

254 2226 270 2266 c
287 2201 503 2286 tinguendum
520 2225 527 2268 :
552 2203 626 2287 quia
649 2210 706 2269 aut
723 2201 879 2285 'procedit
897 2221 938 2266 ex
961 2201 1063 2268 officio
1081 2219 1158 2280 suo,
1180 2207 1238 2266 aot
1254 2201 1367 2285 aliquo

251 2319 473 2402 «postulante
493 2297 743 2404 inquisitionem.
773 2319 805 2383 Si
823 2338 864 2384 ex
888 2317 990 2385 officio
1008 2334 1083 2398 sno,
1107 2327 1186 2384 tunc
1206 2319 1369 2386 Prolatus
1463 2293 1464 2310 ¹

258 2456 275 2498 a
293 2453 367 2498 cum
380 2433 539 2519 aliquibus
554 2432 596 2500 de
608 2433 768 2500 canonicis
781 2435 847 2498 suis
861 2433 961 2500 debet
972 2433 1172 2500 descendere
1185 2434 1226 2499 ad
1236 2421 1365 2519 locum;

254 2574 270 2614 o
287 2552 363 2636 quie
377 2551 424 2616 ibi
438 2557 547 2634 potest
562 2549 678 2618 melios
695 2551 855 2634 inquiri...
879 2551 910 2616 Si
926 2569 1006 2617 vero
1027 2539 1183 2635 procedat
1202 2549 1304 2636 judex
1324 2550 1368 2616 ad
1464 2639 1465 2668 1

253 2689 270 2730 a
288 2668 480 2752 petitionem
498 2665 632 2750 alicujus
645 2666 850 2748 procurantis
866 2666 1114 2750 inquisitionem,
1132 2664 1200 2732 sive
1214 2667 1256 2732 sit
1269 2666 1369 2733 Ordi-
1464 2689 1465 2740 ;

254 2803 271 2842 a
291 2780 400 2846 narius
414 2779 484 2846 sive
502 2777 683 2861 delegatus,
704 2777 871 2844 adlocum
884 2777 1019 2844 accedat
1032 2779 1058 2844 si
1071 2787 1181 2863 potest
1196 2801 1204 2845 ε
1221 2769 1255 2845 et'
1269 2787 1370 2846 vocet

252 2917 274 2956 a
287 2895 376 2962 illum
398 2901 511 2962 corruo
530 2911 625 2978 quem
640 2891 821 2976 procedere
836 2892 949 2970 debet,
971 2901 1006 2959 et
1022 2902 1101 2960 tunc
1117 2895 1250 2979 recipiat
1263 2901 1370 2962 testes

253 3026 368 3092 «quos
386 3008 439 3074 ille
458 3005 619 3092 producet
638 3007 696 3092 qui
710 3007 899 3090 impetravit
921 3007 1173 3091 inquisitionem.
1199 3011 1320 3075 Tamen
1342 3011 1371 3074 si

252 3147 269 3189 o
287 3125 342 3192 ille
365 3133 502 3208 negaret
526 3123 691 3190 infamiam
707 3124 926 3207 precessisse,
948 3133 1121 3208 cognoscet
1139 3125 1246 3210 primo
1263 3123 1371 3212 jadex

252 3264 270 3304 c
289 3246 401 3307 utrum
416 3241 457 3305 sit
474 3239 669 3324 infamatus3
696 3248 731 3306 et
744 3249 859 3326 postea
874 3239 1034 3325 procedet
1051 3261 1150 3327 super
1165 3243 1204 3308 iis
1221 3261 1294 3330 quae
1308 3243 1371 3310 de-

254 3379 271 3420 a
288 3357 436 3450 nuntiata
450 3364 525 3422 suist
543 3357 643 3423 :abas
656 3376 723 3423 non
736 3354 916 3440 procedat,
939 3358 1001 3423 nisi
1016 3358 1121 3442 primo
1135 3365 1262 3426 constet
1277 3360 1371 3446 quod

255 3473 464 3541 «mauretus
488 3454 577 3538 sit.»
597 3473 728 3560 (Glossa
750 3473 785 3538 in
811 3491 882 3557 cap.
897 3449 1037 3554 Qualiter
1055 3475 1108 3552 rt,
1130 3474 1182 3542 tit.
1210 3478 1240 3555 l,
1261 3476 1322 3543 lib.
1350 3481 1370 3542 5

251 3587 391 3667 decret,
408 3589 500 3654 verb.
517 3592 566 3655 Aa
581 3587 816 3673 iaqoiraodcm.)

296 3705 388 3774 Idem
408 3713 534 3772 constat
556 3726 597 3771 ox
611 3705 769 3774 decretali
783 3709 859 3770 Cam
880 3713 1014 3788 oporteat
1030 3706 1096 3793 (19,
1112 3707 1164 3772 tit.
1185 3711 1215 3786 l,
1232 3709 1255 3773 l.
1278 3708 1373 3776 5de-

251 3817 348 3903 oret.)
366 3817 512 3903 ejusdem
524 3819 704 3886 Innocentii
719 3819 778 3884 III.
797 3817 848 3884 Ibi
860 3819 947 3884 enim
964 3820 1072 3902 agitur
1087 3818 1129 3884 de
1143 3819 1284 3905 quodam
1296 3823 1372 3906 Epi·

251 3955 371 4019 scopo,
398 3953 497 4019 quem
522 3935 701 4012 multorum
727 3953 919 4002 excessuum
944 3955 1039 4002 reum
1072 3935 1149 4002 sedi
1174 3938 1369 4020 Apostolicoe

252 4051 524 4142 denuntiaverant
544 4051 691 4116 nonnulli
711 4051 856 4118 canonici
872 4073 879 4117 :
896 4050 939 4117 ad
953 4051 1035 4116 hanc
1049 4069 1148 4136 porro
1166 4067 1294 4120 causam
1307 4053 1369 4122 de-

251 4168 367 4250 legatis
387 4165 552 4251 judicibus
575 4166 621 4230 sic
642 4166 821 4248 prescribit
845 4166 999 4232 Pontifex
1023 4185 1030 4230 :
1054 4172 1237 4233 Discretioal
1259 4178 1370 4236 vestra

236 4286 441 4361 'macomus
458 4285 536 4362 qaod
550 4287 611 4345 atsi
628 4301 717 4363 saper
732 4285 888 4364 praelialis
900 4286 1014 4364 somam
1028 4286 1111 4367 opscos
1123 4287 1223 4350 locam
1237 4305 1299 4350 esse
1312 4306 1370 4350 ao-

254 4405 371 4479 ooroas,
389 4418 441 4462 vos
455 4379 498 4460 oo
516 4403 738 4483 toqoaamoo
751 4401 873 4464 itteram
885 4419 945 4482 aon
963 4402 1061 4466 atico
1072 4404 1254 4484 potetates.
1280 4403 1369 4470 nam
