2914 5122
518 351 596 400 PARS
618 351 776 400 SECUNDA.

599 625 614 698 §
631 621 686 686 IV.

471 840 630 905 inquisitionis
643 843 720 891 mixte
733 853 823 889 nonno.

142 1071 206 1134 iam
216 1088 314 1153 supro
330 1069 357 1156 (ἕ
373 1067 404 1154 2)
425 1071 638 1153 expendimus
653 1069 873 1155 questionem,
892 1088 933 1135 on
948 1069 1070 1155 ubsque
1083 1071 1204 1154 praevio

106 1184 222 1251 infamio
242 1185 406 1270 inquisitio
425 1187 525 1252 mixtu
546 1187 673 1252 institui
695 1205 713 1250 a
738 1185 906 1269 superiore
924 1187 1041 1252 volout.
1057 1187 1205 1252 Diximus

107 1312 210 1377 nempe
230 1314 296 1360 non
314 1315 408 1379 posse
428 1294 550 1380 ubsque
566 1293 775 1379 praecedente
791 1294 887 1371 fumo,
902 1292 1098 1379 judicialiter
1115 1297 1206 1361 insti·

108 1409 149 1474 tui
163 1411 397 1497 inquisitionem
419 1413 553 1478 mixtum
567 1410 663 1497 hujus
681 1411 792 1477 formos
807 1432 848 1475 on
861 1417 959 1476 Titius
976 1415 1080 1494 atiquo
1096 1415 1206 1478 delicta

105 1531 274 1608 patraoe'rtt,·
287 1527 373 1593 bene
394 1547 475 1593 vero
499 1529 592 1593 istius
614 1525 743 1605 iormae',
764 1533 831 1609 quis
852 1531 912 1592 tote
932 1531 1074 1592 delictum
1094 1528 1207 1615 (verbi

108 1646 205 1726 potio,
217 1645 283 1710 tale
302 1643 523 1730 homicidium)
534 1652 719 1728 patraverit.
738 1646 852 1710 Potest
869 1652 979 1712 sutem
989 1644 1082 1732 juxto
1099 1654 1208 1730 poste-

108 1761 212 1828 riorem
230 1762 314 1830 hono
339 1763 476 1828 mimum
492 1763 618 1830 institui
633 1764 732 1828 mixtu
750 1762 924 1848 inquisitio,
946 1763 1046 1830 etiam
1072 1764 1099 1828 si
1127 1783 1209 1832 non-

109 1873 175 1942 dum
185 1895 224 1944 ex
236 1879 393 1963 perfectis
403 1878 658 1962 probationibus,
680 1878 740 1944 sed
757 1899 799 1944 cx
812 1883 935 1944 indiciis
950 1887 1069 1944 tantum
1081 1889 1208 1948 constet

108 1991 144 2058 de
156 2015 288 2080 corpore
299 1995 421 2075 delicti,
435 1995 471 2062 id
485 2003 545 2074 est,
562 1996 626 2062 tole
639 1994 796 2062 delictum
810 2015 929 2062 revera
938 1995 979 2062 ab
991 1996 1098 2081 aliquo
1110 1997 1209 2066 fuisse

107 2117 276 2198 putrumm3
294 2121 332 2178 ut
345 2121 460 2178 tenent
480 2112 695 2179 communiter
716 2110 879 2179 doctores.
906 2113 1032 2194 Quibus
1050 2120 1209 2198 praenoiu·

107 2225 151 2304 tis,
169 2227 239 2294 dnos
255 2237 425 2296 remanent
443 2229 528 2296 circo
538 2227 779 2314 inquisitionem
788 2229 922 2294 mixtam
937 2228 1144 2316 subjiciendus
1156 2250 1210 2298 re·

107 2343 190 2424 gnie.

143 2455 277 2528 orcum
295 2464 337 2526 1⁸.
351 2466 443 2526 -In
460 2467 653 2544 inquisitione
670 2467 781 2540 minin,
799 2463 933 2542 peneroii
943 2467 1022 2528 circu
1033 2481 1204 2544 personam,

107 2582 255 2658 etspecicli
267 2581 366 2660 quood
381 2581 535 2658 delicium,
555 2585 668 2642 cerium
688 2585 732 2641 est
751 2580 886 2678 subditos
900 2580 941 2642 nd
956 2581 1209 2659 manifestandum

107 2697 238 2758 nocitum
258 2697 363 2759 delicti
381 2703 532 2758 auctorem
553 2697 736 2775 sequioriter
753 2714 812 2757 non
831 2700 935 2758 teneri.
956 2731 1001 2742 -
1018 2717 1034 2755 u
1051 2695 1109 2760 Est
1123 2714 1210 2761 com-

109 2831 123 2870 u
134 2813 231 2877 munis
246 2812 406 2877 sententio
421 2809 609 2890 doctorum,
628 2819 663 2876 et
678 2811 839 2894 colligitur
860 2829 901 2876 ex
918 2799 1094 2877 canonibus
1112 2830 1210 2895 supro

109 2926 235 2993 «dictis
251 2927 348 2994 Ratio
365 2936 414 2994 est
437 2929 512 3015 quio
532 2927 681 3011 superior
698 2945 763 2994 non
776 2934 885 3011 potest
899 2926 1044 3011 obligare
1063 2926 1210 2996 subditos

109 3054 167 3110 «ut
183 3046 329 3112 revelent
346 3046 491 3112 occultos
508 3051 710 3130 peccatores,
729 3043 788 3110 sed
804 3045 909 3110 solum
927 3064 982 3110 eos
1003 3045 1058 3130 qui
1078 3045 1210 3111 infamio

110 3161 232 3248 uuiiquo
243 3162 407 3228 laborant.
427 3159 529 3228 linito
546 3163 651 3226 minus
665 3161 812 3227 occutus
831 3168 984 3244 peccator
998 3167 1134 3248 tenetur
1147 3164 1210 3230 sei-

98 3287 221 3362 ·upsum
245 3277 400 3364 prodere.
416 3301 432 3339 o
451 3279 501 3343 ito
518 3278 645 3343 Lessins
669 3277 966 3364 (detinentium,
991 3277 1016 3342 i.
1041 3279 1072 3356 2,
1098 3297 1127 3342 c.
1151 3282 1206 3360 29,

108 3411 135 3457 n.
152 3393 234 3481 118);
252 3397 309 3481 qui
318 3394 440 3460 ibidem
449 3393 627 3477 respondet
635 3393 677 3459 sd
688 3392 863 3479 quemdem
876 3398 1009 3459 textum·
1017 3396 1121 3460 suncti
1131 3395 1210 3462 (ire-

108 3512 190 3592 gorii,
207 3533 248 3578 ex
261 3529 328 3598 quo
344 3517 454 3595 posset
473 3509 613 3596 objectio
636 3509 774 3575 desumi.
799 3511 946 3576 Diximus
968 3517 1078 3576 autem
1092 3516 1210 3595 requin-

109 3632 281 3695 rotomum
301 3627 360 3692 nsi
374 3627 499 3692 crimen
521 3625 628 3692 adhuc
652 3634 740 3692 esset
758 3625 1016 3710 perpetrandum
1036 3627 1085 3693 vei
1111 3632 1210 3696 conti·

112 3745 322 3830 nnunndnm3
341 3745 394 3810 vel
414 3744 441 3810 si
460 3764 501 3810 ex
519 3761 558 3810 eo
574 3761 673 3828 grove
696 3742 849 3809 domnum
872 3743 968 3809 alieni
989 3745 1207 3835 impenderet,

113 3861 219 3945 «quod
232 3863 293 3928 olio
308 3862 433 3927 ratione
450 3879 517 3924 non
532 3867 641 3944 posset
663 3858 831 3925 commode
855 3862 969 3940 suerii,
991 3862 1211 3948 interrogatus

97 3986 241 4060 'opossei
256 3985 290 4043 et
308 3979 404 4044 etium
424 3975 563 4042 deberet
588 3982 757 4042 auctorem
776 3975 980 4060 patefecere,
1004 3979 1066 4044 etsi
1081 3983 1211 4048 omnino

115 4095 307 4160 «occuitum.
326 4117 342 4155 n
362 4093 510 4180 (lessius,
530 4094 586 4158 cit.
600 4093 683 4171 ioco,
703 4113 735 4157 n.
754 4090 867 4178 iiiii
1133 4085 1136 4092 ’

151 4207 282 4275 Iinounn
290 4211 335 4272 li.
346 4211 552 4272 -Pnsdioto
559 4213 715 4289 inquisitio
728 4213 838 4287 micio,
855 4212 1124 4291 qenerniissciiicet
1133 4219 1213 4278 urta

99 4339 266 4403 personum,
285 4327 416 4406 tepittmo
434 4329 518 4386 oium
535 4327 635 4406 operit
654 4327 843 4405 inquisitioni
864 4327 997 4407 opsonii.
1016 4361 1063 4378 --
1074 4327 1212 4409 Quando

115 4435 253 4506 uidelicet
271 4440 313 4507 nd
334 4441 416 4505 banc
432 4439 618 4523 generalem
638 4441 858 4524 questionem,
880 4447 947 4523 quio
967 4446 1049 4524 seuit,
1074 4445 1214 4514 interro-
