2838 5114
238 337 301 406 iri
586 353 774 403 amorreus
798 357 840 402 us
864 353 1012 402 Junrcns.

236 481 325 546 bulla
342 478 590 546 canonizationis
603 481 706 546 sancti
718 475 808 546 Petri
822 477 985 566 martyris,
996 480 1075 564 'qnae
1094 481 1205 563 incipit
1224 485 1330 546 laento

235 617 314 673 rum,
329 617 348 661 a
363 597 453 660 Sixto
469 597 496 659 V
513 594 601 662 edita
615 596 667 661 dic
689 599 725 662 13
744 598 854 680 aprilis
871 599 955 663 teas
973 597 1017 682 (in
1029 595 1171 661 bullario
1185 601 1331 661 Darniniea·

234 734 351 793 norum,
371 718 396 776 t.
418 716 449 789 5,
471 731 543 796 pag.
561 710 651 796 447),
666 715 700 777 in
713 733 774 798 qua
788 716 832 778 sie
848 714 989 780 hahetur
1007 735 1014 776 ε
1032 717 1065 776 Is
1079 710 1123 798 (1)
1136 719 1214 776 enim
1224 717 1333 796 praem

234 849 286 892 rus
305 831 429 895 Ordinis
447 831 685 892 Proedieotomm
699 832 894 909 alumnus...,
914 835 1083 892 imitatione
1104 849 1241 892 accensus
1261 833 1333 893 Beati

233 950 339 1009 Putris
355 949 514 1021 Dominiei,
531 953 566 1008 ut
578 947 630 1008 itis
639 953 793 1028 perpetuis
814 954 844 1009 et
865 949 1051 1010 concionibus
1067 953 1096 1008 et
1114 949 1333 1026 disputationum
1354 1007 1357 1014 .

231 1065 435 1142 conpressibus
451 1061 602 1142 officioque
616 1067 820 1142 inquisitionis
837 1063 926 1148 (quod
940 1069 968 1124 ei
978 1068 1110 1144 primum
1123 1065 1334 1143 prodecessores

231 1185 328 1242 nostri
346 1182 537 1242 Innocentius
552 1182 603 1242 III
615 1185 644 1240 et
656 1182 807 1241 Honorius
823 1183 877 1242 III
894 1175 1114 1261 summiserunt)
1135 1186 1239 1241 contra
1262 1180 1334 1240 iure·

232 1301 305 1356 ticos
316 1297 498 1356 mirabiliter
510 1313 540 1356 se
556 1299 658 1374 pessit,
675 1301 719 1356 ita
732 1300 805 1376 ipse,
825 1315 891 1357 eum
903 1297 1020 1357 muitum
1034 1300 1074 1355 iis
1083 1297 1263 1374 perditionis
1272 1294 1333 1371 filiis

230 1414 384 1474 monendis
407 1414 502 1472 laeum
531 1416 563 1473 ia
584 1416 665 1472 omui
688 1430 819 1474 sermone
848 1431 979 1491 unquam
1002 1413 1192 1490 reliquisset,
1226 1417 1283 1472 ium
1307 1415 1333 1472 in

229 1529 360 1589 obeundo
371 1531 560 1606 inquisitoris
572 1545 702 1602 munere,
715 1527 774 1588 sibi
786 1527 898 1588 litteris
907 1528 1079 1608 apostolicis
1089 1530 1254 1604 cornmisso,
1268 1530 1332 1586 mira

227 1646 357 1723 quadam
370 1645 531 1723 diiiqentio
542 1645 611 1704 ilios
620 1647 762 1704 misertori
777 1649 866 1722 atque
879 1661 987 1722 urqere
998 1661 1059 1703 non
1067 1643 1228 1704 destitit...
1238 1645 1331 1720 (num-

227 1761 325 1821 obrem
339 1767 410 1841 post
426 1763 552 1822 Beatum
572 1761 760 1821 Dominicum
783 1777 842 1820 non
864 1763 1014 1820 immerito
1033 1762 1177 1838 princeps
1199 1758 1331 1838 appellari

227 1879 311 1938 debet
330 1881 523 1939 sacrosancti
543 1875 635 1954 offleii
653 1880 871 1955 inquisitionis,
892 1880 1037 1954 cumipse
1055 1879 1177 1954 primus
1201 1875 1276 1936 iliud
1288 1891 1330 1935 sua

195 1965 200 1978 Χ
226 1998 371 2073 sanquine
395 1997 620 2055 consecraverit.
650 1989 831 2055 Fatendum
861 1997 911 2055 est
943 1991 1075 2054 maximi
1100 1989 1253 2070 ponderis
1272 2006 1330 2052 esse

226 2107 385 2192 ejusmodi
408 2107 726 2190 testimoniumque
749 2114 817 2171 tum
840 2111 953 2190 aperte
969 2106 1003 2169 in
1025 2105 1163 2170 solemni
1178 2103 1330 2170 Pontificio

225 2223 315 2289 bulla
337 2234 446 2289 sancto
475 2224 644 2290 Dominico
662 2228 764 2287 Primi
787 2229 977 2304 inquisitoris
998 2222 1116 2287 titulus
1142 2221 1327 2286 decernitur.

226 2341 285 2404 Cui
308 2349 418 2406 tamen
443 2341 578 2405 Romani
608 2339 775 2404 Pontifieis
808 2347 932 2404 asserto
961 2357 1026 2401 non
1058 2357 1130 2403 esse
1161 2335 1330 2404 necessario

225 2455 467 2523 assentiendum
509 2456 678 2522 contendit
716 2457 978 2550 cisterciensium
1012 2455 1177 2521 Annalista
1205 2453 1331 2536 Angelus

226 2577 393 2658 Maurique
413 2573 466 2659 (ud
481 2591 600 2639 annum
619 2573 714 2650 tuot,
740 2593 811 2656 cap.
828 2577 859 2649 3,
881 2593 914 2638 n.
941 2571 1005 2656 13),
1032 2571 1192 2637 adnotans
1211 2573 1242 2635 in
1254 2569 1331 2634 hunc
1406 2611 1407 2616 κ

227 2690 358 2762 modum
375 2712 382 2755 :
402 2713 419 2752 u
436 2691 506 2755 'Una
524 2689 617 2753 nobis
637 2689 717 2753 Sixti
733 2690 760 2754 V
775 2689 952 2753 auctoritas
970 2689 1087 2753 incutit
1110 2688 1328 2760 reverentiam,

229 2807 422 2871 «incuteret
432 2810 568 2881 metum,
593 2806 619 2868 si
638 2806 835 2869 nesciremus
862 2804 1028 2868 materiam
1054 2803 1136 2868 hane
1156 2804 1276 2868 omnino
1291 2819 1330 2866 ex

229 2945 245 2983 «
259 2923 320 2986 illis
337 2941 417 3000 esse,
442 2923 475 2985 in
502 2920 619 3004 quibus
650 2939 851 2986 successores
877 2921 968 2984 Petri
991 2937 1156 3004 nunquam
1183 2935 1327 2992 asserere,

230 3040 381 3104 «nedum
398 3039 550 3122 definire;
567 3035 626 3104 sed
647 3039 780 3121 praeeise
800 3037 843 3103 ad
863 3057 1077 3114 communem,
1103 3045 1138 3103 et
1151 3040 1329 3121 plerumque

230 3155 304 3220 uad
320 3155 502 3239 petentium
518 3163 662 3218 mentem
680 3154 769 3238 loqui
788 3155 821 3218 in
835 3173 897 3218 usu
917 3153 1068 3218 habeant.
1090 3177 1107 3215 a
1133 3156 1205 3219 llaec
1227 3153 1263 3218 de
1283 3152 1331 3214 in-

227 3272 404 3356 quisitionis
424 3270 580 3352 delegate
597 3271 730 3353 origine.
758 3268 988 3334 adnotandum
1010 3279 1160 3335 remanet
1179 3265 1330 3354 quomodo

225 3392 258 3452 in
273 3389 443 3471 pleresque
461 3387 547 3452 orbis
564 3387 712 3452 catholici
727 3394 838 3470 partes
852 3387 1013 3450 institutio
1028 3386 1095 3451 haec
1108 3387 1285 3470 permeant.

271 3505 326 3570 IV.
346 3508 389 3566 De
398 3509 613 3585 propaqatione
627 3505 769 3584 deieqatce
785 3509 989 3584 inquisitionis
996 3523 1053 3584 per
1063 3507 1144 3566 uois
1157 3505 1329 3585 pauidas.

226 3657 270 3668 -
284 3622 364 3685 Cum
378 3620 494 3702 singuli
513 3618 654 3701 delegati
667 3621 872 3704 inquisitores
891 3623 923 3683 in
944 3621 1078 3703 singulis
1098 3620 1159 3686 sibi
1176 3615 1332 3700 assignatis

226 3737 411 3820 regionibus
437 3755 493 3800 suu
517 3736 723 3818 particularia
750 3736 924 3800 tribunalia
953 3735 1124 3815 haberent,
1148 3745 1180 3801 et
1200 3730 1332 3800 cilicium

226 3870 319 3916 snum
335 3858 538 3927 exercerent,
554 3848 629 3914 Sedi
646 3851 835 3933 Apostolicae
856 3852 959 3915 visum
982 3858 1032 3915 est
1061 3860 1099 3916 nt
1120 3851 1221 3916 Roma
1240 3845 1332 3910 insti·

225 3975 377 4032 tueretur
390 3987 557 4048 supremum
576 3972 609 4030 et
624 3970 794 4029 uniuersale
809 3965 968 4051 ejusmodi
982 3965 1138 4050 delegata
1157 3963 1331 4048 inquisitio-

224 4084 274 4149 nis
291 4085 443 4159 tribunal,
470 4086 522 4148 eui
541 4085 652 4148 caeteri
679 4083 757 4148 dieti
781 4085 987 4168 inquisitores
1008 4103 1069 4168 per
1089 4084 1202 4149 'orbem
1225 4080 1330 4162 sparsi

225 4199 473 4285 subjicerentur,
489 4207 523 4264 et
543 4220 562 4263 a
582 4219 645 4283 quo
662 4219 807 4266 normam
833 4208 867 4265 et
895 4199 1110 4267 directionem
1134 4199 1329 4280 acciperent.

257 4463 293 4538 (1)
306 4467 393 4529 Nempe
404 4469 485 4518 heatus
496 4471 577 4519 Petrus
589 4480 686 4535 martyr.
