2948 5126
509 361 591 414 nm
614 362 774 428 anama.
1156 353 1198 416 27

98 485 489 574 aemimontum,
507 492 601 571 parta
615 488 648 564 λ
662 505 734 571 cap.
748 484 817 572 al);
837 486 1212 576 sedprehanllamperu

97 603 229 672 aarum
252 602 393 686 riguim
410 601 531 671 infern
551 603 769 670 ecclesiastico
783 604 870 672 riam
883 605 1106 684 amanum
1126 623 1202 674 cum

95 719 292 802 imapmae
318 725 354 813 ep
369 719 502 788 talionis
520 737 628 803 pena.
650 719 784 788 Constet
809 719 952 806 laamas
974 738 1018 788 ax
1040 721 1209 790 comnia

94 832 256 900 doctorum
269 852 438 913 consensu,
451 834 508 919 qui
518 841 673 919 tunquam
687 843 816 902 certum
827 835 960 916 habent,
975 836 1112 904 Romani
1117 835 1209 922 juta

93 948 324 1019 orarationem
335 948 378 1016 de
388 949 488 1020 moda
502 948 705 1035 procedendi
717 968 781 1036 per
791 953 1004 1023 accusationis
1011 953 1109 1032 dnn,
1126 969 1201 1020 cum

93 1067 295 1154 iumriptione
306 1077 342 1136 ct
358 1069 486 1136 talionis
503 1087 613 1155 pona,
634 1069 677 1136 a'd
692 1071 802 1138 iorum
815 1071 967 1141 scelesta
981 1091 1140 1138 manasse.
1204 1138 1207 1149 ,

130 1187 327 1254 Prorosmo
340 1186 445 1252 lla*-
460 1189 574 1253 ranan
583 1189 765 1270 procudenda·
772 1204 830 1270 per
842 1194 925 1253 olam
943 1194 1151 1269 meloda,
1172 1195 1206 1253 ct

92 1321 151 1364 acm
163 1306 392 1384 rotimum,
406 1311 501 1386 procl
515 1309 548 1370 io
563 1306 697 1368 Ecclesia
711 1311 828 1388 acceptu
847 1311 902 1382 ast,
924 1324 977 1370 aea
990 1310 1110 1389 inaucta
1123 1307 1197 1386 seit,

93 1436 138 1480 aec
150 1437 215 1480 eam
229 1417 335 1482 lodait
350 1421 610 1500 imperfectionem,
628 1439 687 1502 qua
714 1421 817 1484 eodem
837 1423 937 1501 soemo
952 1425 1063 1503 injure
1071 1423 1204 1484 Rooaooo

93 1535 252 1598 laborabat.
273 1569 320 1582 —
336 1535 365 1596 l.
385 1531 541 1620 lnjustam
554 1553 618 1600 non
634 1534 735 1599 fuisse
762 1535 917 1602 evincunt
931 1536 1073 1602 rationes
1087 1534 1205 1620 quibus

94 1646 234 1714 eamdem
246 1645 330 1733 juris
340 1647 475 1713 Romani
486 1646 730 1732 dispositionem
738 1648 779 1715 ab
791 1648 949 1736 injustitia
955 1649 1201 1716 vindicavimus.

93 1761 179 1828 tude
192 1781 324 1848 poenom
338 1763 500 1846 sanguinis
509 1762 551 1828 ab
564 1763 708 1831 Ecclesia
721 1783 884 1850 nunquam
895 1763 1179 1832 adhibitamfuisse
1192 1785 1201 1832 ι

94 1876 148 1943 sed
158 1883 251 1943 raum
262 1876 323 1943 laac
334 1894 430 1961 poena
444 1877 665 1960 plectendum,
684 1878 818 1946 brachio
828 1880 974 1946 saecnlari
988 1880 1087 1946 luisse
1102 1873 1210 1946 tradi·¹

94 1998 168 2058 tum.
176 1993 257 2059 Hinc
266 1998 446 2072 accusator,
455 1991 536 2081 quia
541 1993 651 2080 judice
662 1994 879 2062 ecclesiastico
890 1994 1204 2081 deprehendebatur

94 2108 226 2195 aliquem
251 2109 396 2194 capitalis
424 2110 565 2176 criminis
586 2111 669 2177 falso
698 2130 885 2190 accusasse,
918 2129 1047 2195 poenam
1072 2111 1200 2177 talionis

98 2224 300 2303 mentuenda,
321 2225 510 2292 incurrebat
524 2233 653 2292 tantum
663 2226 874 2294 traditionem
885 2226 1018 2294 machin
1029 2225 1177 2292 mordaci
1193 2247 1201 2294 ε

95 2339 177 2425 quod
191 2348 303 2406 auten
321 2341 483 2408 secularis
497 2339 602 2427 juder
625 2339 721 2426 juxta
745 2343 858 2428 rigens
877 2350 956 2409 tunc
971 2343 1128 2427 temporis
1141 2342 1205 2408 Ro-

95 2471 255 2522 manorum
283 2455 629 2542 jaacaiannieomem
646 2476 687 2525 eo
705 2477 782 2524 casu
797 2459 871 2526 neci
891 2457 1057 2537 traderet,
1083 2457 1119 2524 id
1138 2457 1211 2525 non?

98 2571 251 2652 Ecclesia,
268 2571 330 2638 sed
347 2572 495 2647 seculari
512 2573 690 2657 legislatori
701 2572 925 2641 tribuendum.
943 2576 982 2639 ln
998 2573 1125 2641 ceteris
1147 2591 1205 2639 an-

97 2691 158 2752 tem
171 2688 301 2755 casibus
324 2707 421 2774 praua
441 2689 604 2754 tolionisa
625 2687 735 2774 judice
757 2690 975 2756 catamerica
996 2687 1207 2772 pronunm

97 2821 156 2867 non
168 2803 271 2890 major
290 2811 363 2869 erat
380 2823 430 2882 ea,
449 2822 545 2888 quom
560 2806 719 2889 potuisset
734 2825 775 2871 ex
789 2803 946 2889 prudenti
968 2803 1105 2870 arbitrio
1115 2802 1204 2889 juste

97 2914 281 2986 decernere.
307 2919 504 2998 Canonious,
523 2919 750 3004 remigando,
774 2921 831 3006 qui
848 2920 989 2986 scienter
1009 2938 1070 3004 per
1090 2918 1205 2986 samm

99 3035 330 3100 accusationem
343 3034 493 3112 tentavit,
511 3042 550 3099 nt
569 3034 603 3100 in
623 3034 721 3100 adum
739 3035 927 3102 canonicum
944 3033 1153 3119 depositionis
1164 3032 1207 3100 ab

99 3147 192 3214 officio
219 3149 382 3217 sententia
402 3151 683 3232 pronuntiaretur,
702 3169 811 3216 mura
822 3148 909 3234 juste
925 3157 1062 3234 propter
1078 3155 1207 3216 tentum

98 3265 214 3332 facinus
224 3273 259 3334 et
273 3267 342 3351 ipse
353 3263 455 3332 officio
470 3282 530 3330 suo
536 3264 742 3349 privabitur?
753 3265 891 3332 Talionis
901 3283 980 3350 ergo
987 3284 1095 3350 poena,
1108 3270 1208 3349 prout

99 3381 129 3452 ic
141 3381 212 3467 jure
225 3382 449 3452 ecclesiastiae
455 3380 532 3449 olim
546 3382 665 3464 uiguit,
674 3381 796 3450 nullam
803 3379 993 3465 inimatum
1006 3379 1204 3456 involvebat.

99 3499 129 3563 2.
147 3497 331 3584 sedereque
345 3496 533 3583 adiunctam
557 3496 670 3568 habuit
690 3516 762 3565 eam
784 3496 1065 3588 imperfectionem
1078 3513 1143 3580 ama
1154 3493 1213 3592 jue,

100 3615 270 3688 Romanum
291 3613 472 3684 laborabat.
498 3615 580 3681 llam
605 3614 640 3682 in
670 3634 710 3685 ao
734 3610 911 3688 deficiebat¹
931 3611 985 3698 jus
1011 3611 1213 3692 Romanum,

101 3731 191 3815 quod,
205 3749 281 3801 orna
289 3731 383 3799 unica
390 3737 519 3814 pateret
526 3729 742 3801 accusationis
751 3730 814 3807 uia,
830 3729 873 3804 ol>
884 3726 1092 3804 tremcndum
1100 3725 1214 3813 quoad·

100 3856 314 3916 accusatorem
329 3844 489 3930 probandi
502 3864 595 3924 onus,
615 3846 777 3930 impunita
797 3844 1026 3922 assumamus
1044 3851 1213 3913 cauato

102 3963 184 4032 ribus
195 3972 405 4035 remanerent
419 3964 521 4031 multa
538 3962 670 4041 delicta,
685 3983 753 4036 non
764 3963 832 4030 sine
845 3961 980 4035 notabili
990 3961 1069 4031 honi
1084 3961 1214 4046 publicis

103 4077 306 4152 detrimento.
326 4083 448 4149 dinero
460 4080 692 4150 inconveniens
705 4079 767 4148 lsoc
784 4099 849 4146 non
871 4095 989 4161 parum
1003 4079 1214 4163 temperate

105 4200 157 4259 tur
165 4197 270 4282 quoad
281 4195 406 4284 judicia
431 4195 658 4264 ecclesiastiea.
684 4195 780 4266 relus
796 4195 884 4268 anim
911 4194 1057 4264 tuenda
1080 4193 1160 4265 adei
1175 4202 1213 4265 et

106 4313 285 4384 removendi
297 4312 448 4381 sooudda
462 4311 538 4381 satis
548 4308 662 4384 lidelee
675 4311 816 4396 urgebat
826 4309 869 4381 ad
878 4309 1133 4395 amiciendam,
1151 4308 1215 4388 ubi

105 4444 179 4510 opus
195 4438 276 4510 erat,
305 4430 518 4500 accusationis
534 4421 640 4501 oum:
662 4437 697 4496 et
711 4437 871 4518 proterea
889 4428 1048 4517 indidit*
1069 4425 1216 4523 WW
