2914 5122
497 383 576 434 PARS
599 383 758 433 saeuum.

587 651 676 732 5111.

161 875 195 927 Bt
209 875 373 926 iniorrnatioae
387 878 524 937 summario,
536 875 630 940 quando
643 891 684 940 per
698 877 759 926 riona
769 875 950 927 denuntiationis
963 877 1107 941 proceditur.

129 1119 336 1184 Sustinuimus
359 1139 455 1202 supra
486 1118 701 1206 (subsectioue
728 1121 756 1196 t,
781 1137 852 1202 cup.
871 1124 903 1196 3,
927 1125 943 1198 5
965 1116 996 1204 2)
1013 1122 1195 1202 repulerim

96 1251 149 1299 aon
161 1231 305 1300 sufficere
316 1253 443 1301 merum
459 1234 607 1302 libellum
622 1234 911 1311 denuntiatorium‚
928 1245 964 1302 ut
980 1237 1078 1320 possit
1092 1233 1195 1321 judex

98 1357 193 1414 contra
209 1347 436 1416 denuntiatum
456 1350 660 1436 procedere;
686 1350 743 1417 sed
759 1352 880 1436 requiri
902 1353 998 1421 ctiam
1020 1361 1099 1418 tuuc
1115 1369 1196 1435 pren-

99 1465 167 1532 uiam
185 1465 225 1532 tle
244 1465 366 1532 delicto
376 1467 505 1531 famam.
521 1467 601 1532 Cum
615 1475 724 1533 tumen
743 1468 903 1552 generalis
914 1469 967 1534 iiia
986 1467 1111 1554 regulo,
1130 1485 1196 1534 uon

98 1583 131 1646 sit
141 1583 262 1649 otunino
287 1590 381 1648 extra
396 1583 649 1648 controversiam
664 1585 779 1668 posita,
799 1590 833 1649 ct
851 1583 1022 1650 nonnullas
1038 1590 1197 1667 praeterea

99 1699 289 1783 exceptiones
304 1697 466 1776 admittat,
489 1697 542 1764 hic
557 1697 767 1784 supponimus
787 1701 908 1766 uersari
929 1699 1075 1788 judicem
1092 1700 1197 1766 cecle-

99 1819 242 1883 siasticum
257 1817 291 1881 in
306 1837 440 1894 occasu,
459 1835 525 1902 quo
539 1817 600 1902 ipsi
614 1819 692 1883 licet
712 1817 893 1902 procedere
907 1839 947 1882 ec
964 1821 1028 1880 sota
1042 1819 1199 1882 denuntio·

100 1939 175 2010 tione,
191 1953 248 2000 scu
264 1933 353 2000 nulla
369 1940 481 1999 contra
497 1953 590 1999 rcum
611 1933 818 2019 procedente
842 1934 983 1999 infamia.
1009 1935 1049 1999 Et
1064 1935 1198 2018 quaestio

100 2056 149 2127 cst,
161 2051 311 2115 utrumiu
326 2051 465 2116 talicasu
477 2051 576 2134 possit
584 2048 686 2136 judex
701 2070 795 2116 reum
806 2052 914 2116 statim
930 2053 1045 2134 citare3
1060 2071 1101 2116 uu
1119 2069 1200 2118 vero

100 2175 239 2235 teneatur
253 2177 349 2234 antea
365 2168 624 2236 informationem
639 2169 843 2235 summarium
858 2169 1040 2247 instituere,
1060 2176 1094 2235 ct
1109 2169 1200 2236 semi-

102 2284 215 2366 plenam
239 2286 355 2351 saltem
381 2285 604 2369 probationem
625 2283 766 2370 juridice
789 2283 962 2352 obtinere?
987 2283 1197 2368 Respondeo,

101 2404 181 2460 teneri
195 2406 263 2462 tuac
271 2401 406 2481 judicem
420 2401 649 2462 ecclesiasticum
664 2401 706 2462 od
713 2401 959 2480 promittendum
974 2401 1200 2479 informativctm

96 2533 261 2595 processum.
280 2513 351 2580 Nou
361 2513 446 2581 onim
459 2515 521 2599 ipsi
534 2515 610 2581 licet
624 2533 821 2602 quemquam
834 2517 934 2581 citare
952 2523 986 2582 et
1008 2533 1102 2582 reum
1124 2532 1201 2590 cotr-¹

99 2631 220 2698 stituere
248 2629 305 2720 (l),
325 2633 386 2698 uisi
412 2632 563 2698 habuerit
594 2641 705 2702 contra
726 2651 802 2698 eum
827 2632 942 2698 saltem
971 2630 1199 2716 serni-plenam

101 2745 310 2830 probationem
329 2756 387 2814 aut
412 2749 521 2832 grauia
538 2748 665 2815 indicia.
695 2750 789 2815 Ratio
811 2756 862 2814 est
876 2749 952 2835 quia
979 2767 1022 2813 ex
1051 2746 1112 2810 hoc
1127 2745 1198 2829 ipso

100 2864 176 2949 quod
188 2867 258 2952 quis
272 2867 481 2932 criminaliter
492 2866 623 2944 citetur,
637 2873 671 2932 et
685 2883 762 2932 rcus
785 2866 1012 2942 constituatur,
1031 2863 1070 2929 iit
1085 2881 1199 2948 suspe-

100 2990 163 3048 ctus
176 2983 264 3069 apud
282 2982 450 3068 populum,
469 2991 502 3048 ct
517 3002 616 3068 grave
635 2981 789 3048 damnum
806 2984 941 3066 patitur,
964 2999 1090 3048 necnon
1104 2978 1202 3046 trodio

101 3106 129 3162 et
145 3119 283 3168 moerore
295 3100 443 3168 afficitur.
462 3102 659 3186 Ipsa'autem
673 3102 728 3166 lex
744 3099 899 3166 naturalis
909 3099 1075 3183 prohihet,
1086 3117 1128 3164 ue
1139 3097 1204 3166 aut

101 3232 186 3299 quam
202 3224 330 3284 tautum
344 3237 520 3302 gravamen
534 3218 656 3304 absque
671 3237 762 3281 causa
784 3217 944 3297 sufficienti
962 3215 1125 3281 inferatur
1142 3235 1150 3279 ε
1169 3221 1204 3280 et

102 3349 186 3398 causa
202 3333 257 3399 illa
270 3333 431 3400 sufficiens
442 3353 645 3419 nequaquam
663 3332 766 3411 adest,
780 3330 1033 3418 quandoeoutra
1050 3349 1145 3396 reum
1161 3348 1203 3395 ue

100 3449 274 3534 semi-plena
286 3449 420 3536 quidem
434 3449 575 3515 habetur
588 3450 748 3534 probatio,
764 3468 823 3515 nco
839 3449 948 3532 gravia
963 3447 1091 3513 indicia.
1109 3443 1203 3511 Unde

103 3579 210 3631 revera
225 3575 300 3632 autc
323 3565 466 3632 habitam
479 3565 796 3651 semi-probationem
815 3565 941 3642 saltem,
958 3571 1014 3628 aut
1026 3564 1137 3648 gravia
1156 3562 1205 3627 in·

101 3675 183 3757 dicia,
202 3699 266 3747 non
288 3681 364 3747 licet
388 3677 489 3767 judici
506 3699 600 3748 reum
622 3683 722 3748 citare
746 3689 780 3747 ct
796 3681 1004 3746 constituere.
1024 3679 1096 3744 tam
1123 3695 1202 3744 uero

98 3792 216 3864 libellus
232 3798 563 3884 denuntiatoriusper
576 3819 610 3865 se
621 3799 724 3866 solum
732 3795 907 3884 judieiuou
922 3795 1112 3881 suppeditat
1124 3785 1204 3880 prae·¹

101 3905 189 3978 iatam
210 3915 534 4000 semi-probationem
561 3923 618 3981 aut
641 3917 752 4000 gravia
777 3911 906 3980 indicia.
936 3912 1091 3996 Quamvis
1119 3908 1204 4004 enirn

127 4225 160 4288 (i)
177 4227 264 4280 ttioitur
272 4230 346 4294 index
359 4245 433 4282 roano
448 4233 610 4291 consutam,
624 4231 718 4296 quando
729 4231 793 4294 cogit
806 4238 861 4280 eum
874 4237 938 4280 sture
951 4239 1030 4278 cotum
1040 4225 1206 4279 manutere

100 4322 120 4364 et
131 4330 219 4372 tronea
232 4325 322 4375 subire.
338 4327 398 4376 ltiac
410 4327 535 4380 canonista
545 4332 626 4376 rocoat
634 4327 765 4390 primum,
783 4325 939 4383 emendum,
954 4329 1011 4382 ota,
1023 4321 1205 4384 ooottttutaot,
1259 4335 1262 4342 Δ

100 4410 198 4478 prinum,
210 4417 345 4485 secuudum,
362 4427 418 4485 eto,
434 4419 637 4482 interrogatorium
652 4419 704 4478 tici,
720 4419 847 4467 sicconem
862 4415 974 4466 tribunali
989 4413 1083 4476 otram,
1093 4425 1135 4463 teu
1150 4424 1208 4469 too·

99 4507 175 4564 aaut.
