2838 5114
534 353 614 404 runs
636 353 794 403 manans.
1158 337 1221 404 tls

104 483 254 548 «tamtus
273 481 360 546 clare
381 479 583 546 demonstrat
603 479 774 545 laudatum
788 479 981 546 Pontificem
999 499 1064 546 non
1083 481 1223 548 vultune
1299 565 1308 572 ·

104 620 120 658 a
135 597 278 663 formam
292 595 405 680 judicii
418 615 436 658 a
451 613 487 660 se
502 597 722 678 prescriptam
736 595 796 660 nisi
809 597 842 660 in
853 595 979 662 casibus
995 595 1101 662 dubiis
1115 595 1224 662 mnan

102 735 119 775 a
138 710 292 794 vendam
306 713 436 776 munina
452 731 532 776 vero
550 711 604 776 ubi
620 712 750 776 nullitas
766 711 900 776 evidens
915 720 999 778 asset
1015 719 1114 796 atque
1128 718 1224 778 anto-

102 829 195 893 «ria.
216 825 312 908 Quod
333 825 544 892 confirmatur
568 847 609 892 ex
634 827 842 910 dispositione
861 845 1028 893 sacrorum
1049 847 1220 904 canonum,

103 942 260 1027 aquibus
274 943 497 1025 prescribitur
516 943 765 1026 appellationem
787 945 819 1008 in
840 945 976 1010 notoriis
991 963 1055 1009 non
1078 963 1149 1010 eme
1167 941 1225 1008 ud·

103 1082 120 1121 a
137 1057 331 1124 mittendam
352 1059 436 1144 (post
457 1067 556 1142 eaput
572 1063 647 1124 Can
663 1067 703 1123 stt
720 1063 750 1138 5,
774 1065 811 1124 rte
831 1063 1111 1143 simultationibus·
1125 1067 1224 1144 capnt

103 1201 121 1240 a
134 1183 281 1242 Peruenit
299 1180 350 1254 13,
370 1185 404 1243 et
417 1186 515 1260 caput
533 1181 691 1242 Consuluit
708 1180 758 1255 ll,
770 1178 919 1263 ejusdem
933 1181 1038 1262 tituli;
1054 1179 1218 1254 Viestner,

103 1316 121 1356 «
138 1291 180 1359 ad
198 1292 349 1359 eumdem
371 1294 514 1370 titulum,
532 1315 564 1357 n.
585 1291 639 1378 47)
657 1317 663 1359 :
682 1303 715 1360 et
736 1297 853 1360 merito
871 1316 879 1360 :
895 1315 969 1360 nam
988 1295 1224 1379 appellationes

104 1408 328 1494 «hujusmodi
354 1427 506 1474 essenon
528 1417 663 1492 possunt
691 1411 752 1474 nisi
775 1411 916 1495 frivolae3
941 1411 1059 1496 quibus
1085 1405 1222 1494 proinde

104 1550 120 1588 a
135 1525 264 1612 justitia
278 1545 343 1592 nou
359 1526 480 1602 defert,
501 1545 562 1591 inec
583 1535 632 1591 est
649 1525 790 1611 ajudiee
807 1526 1024 1593 deferendum
1043 1525 1095 1612 (ex
1117 1525 1225 1607 eapite

106 1647 220 1708 «Cum
251 1647 503 1726 appellationibus
532 1647 569 1720 5,
599 1643 633 1706 in
660 1640 705 1727 6).
736 1645 849 1728 Neque
872 1637 958 1709 aliud
985 1663 1025 1707 ex
1054 1639 1147 1725 praxi
1171 1640 1226 1705 sas

104 1781 121 1820 a
133 1777 198 1824 crae
211 1759 474 1842 congregationis
492 1759 601 1843 colligi
620 1757 761 1837 videtur,
786 1779 869 1838 cum,
893 1761 918 1824 si
936 1777 1048 1824 omnes
1070 1756 1225 1822 evolvas»

103 1901 122 1939 c
136 1887 193 1943 tur
216 1895 319 1943 eausae
342 1877 592 1942 matrimoniales
609 1879 642 1942 in
665 1875 781 1944 eadem
798 1881 1017 1961 pertractatae,
1035 1881 1091 1940 cut
1119 1891 1219 1957 grave

104 2017 122 2057 a
140 2003 199 2060 aut
212 1996 286 2062 leve
302 1993 437 2060 dubium
452 1992 493 2059 de
509 1991 687 2073 validitate,
703 1995 817 2060 saltem
832 1995 873 2060 ab
886 1995 988 2071 initia,
1004 2011 1070 2078 pre
1086 2009 1120 2057 se
1134 1991 1223 2056 ierre

103 2133 120 2173 a
134 2110 377 2195 dignoscantur.
395 2108 488 2175 Unde
500 2109 757 2176 haudimmerito
768 2111 878 2176 licebit
891 2109 1027 2188 inferre,
1042 2106 1173 2193 judicia,
1187 2108 1220 2171 in

104 2227 256 2313 «quibus
281 2218 455 2294 evidenter
481 2235 571 2310 patet
602 2227 643 2292 de
672 2227 824 2292 nullitate
855 2226 1071 2302 matrimonii,
1100 2223 1224 2288 absolvi

105 2363 233 2428 «posse
256 2341 361 2408 forma
385 2345 485 2426 magis
508 2343 603 2408 brevi
625 2361 722 2427 quam
743 2363 792 2421 ea,
822 2362 892 2427 quae
911 2342 1046 2426 praefata
1067 2341 1224 2405 constitu-

105 2461 227 2524 «tione
248 2457 475 2524 demandatur.
506 2482 521 2518 »

148 2575 193 2640 Π.
208 2576 350 2638 Rationes
364 2595 428 2655 qaae
444 2575 570 2638 sasacm
584 2577 736 2652 uidentur,
757 2541 848 2638 eliaba
864 2580 946 2636 casui
959 2577 1084 2636 notoria
1098 2573 1225 2634 natata

103 2696 145 2754 tis
161 2691 377 2772 applicandam
391 2701 452 2752 asse
467 2681 692 2753 Benedictinalm
707 2695 957 2753 constipationem.
976 2721 1021 2733 ·-
1036 2689 1098 2752 Eas
1111 2687 1143 2750 in
1155 2705 1225 2752 me·

103 2812 232 2871 morata
251 2823 346 2870 causa
365 2805 536 2871 Sonorensi
556 2805 737 2889 descriptas
756 2805 856 2870 habes
874 2806 934 2871 hoc
952 2802 1075 2870 modo:
1098 2803 1225 2868 «licet

106 2942 122 2982 a
136 2922 295 2986 hactenus
317 2920 459 2987 deducta
479 2923 609 2987 minime
634 2921 819 3006 spernanda
842 2920 1028 2998 videantur,
1048 2919 1158 2984 verius
1176 2923 1225 2981 ta·¹

106 3061 124 3099 a
140 3055 218 3102 men
234 3037 430 3102 cointrarinm
450 3035 515 3102 dici
529 3044 647 3120 potest.
670 3035 954 3102 Praestantissimus
970 3036 1056 3101 enim
1072 3033 1225 3101 Pontifex

106 3177 124 3213 a
137 3151 338 3218 Benedictus
356 3151 430 3216 mv
446 3151 554 3216 verbis
569 3153 674 3216 utitur
689 3151 905 3235 generalibus,
924 3151 967 3216 ad
984 3151 1096 3217 brunes
1113 3161 1224 3216 causas

107 3269 394 3334 «matrimoniales
417 3267 673 3351 pertinentibus3
689 3270 734 3332 ita
759 3275 796 3332 ut
819 3267 944 3332 nullum
969 3258 1226 3351 posuerit'inter

107 3383 248 3450 adnhiae
262 3404 300 3448 ac
318 3382 480 3448 evidentis
499 3383 655 3449 nullitatis
668 3383 791 3469 judicia
804 3383 989 3450 discrimen.
1011 3383 1163 3465 Quinimo
1182 3383 1223 3448 ad

107 3523 124 3560 a
141 3517 271 3564 omnem
287 3503 480 3583 praetextum
495 3505 528 3562 et
545 3499 781 3565 cavillationem
797 3499 1059 3583 propulsandam,
1075 3505 1228 3564 mentem·

106 3637 121 3675 c
137 3632 230 3680 snam
249 3616 420 3680 clarissime
437 3613 608 3697 patefecit,
629 3616 778 3700 inquiens
794 3637 802 3680 :
815 3619 958 3680 Nutantes
973 3623 1008 3678 ut
1023 3618 1085 3677 utto
1100 3621 1132 3677 tn
1152 3632 1228 3678 aaut·

107 3757 120 3789 c
136 3735 326 3794 matrimonii
350 3733 502 3794 vinculum
525 3734 704 3794 dissolutum
723 3739 887 3810 censeatur,
910 3737 972 3794 nisi
1002 3733 1061 3793 cluo
1081 3731 1224 3810 fidicula

106 3851 184 3911 coel
196 3850 389 3910 resolutiones
404 3856 458 3910 ant
470 3853 750 3930 mutentiaapanitus
759 3849 871 3910 similas
883 3855 912 3910 et
923 3850 1125 3927 conformas...
1143 3864 1224 3908 ama-

107 3969 290 4028 «neaniai.
310 3962 373 4028 Ubi
401 3981 478 4046 ergo
504 3963 654 4028 Pontifex
679 3963 755 4028 alibi
779 3965 924 4028 meminit
942 3960 984 4028 de
1002 3963 1222 4028 controversia

108 4105 123 4140 a
141 4087 175 4144 in
190 4101 249 4161 pua
260 4082 297 4143 ale
311 4086 498 4144 matrimonii
513 4083 675 4144 caliditate
692 4083 891 4160 dubitabitur,
912 4078 1000 4145 haud
1014 4080 1060 4144 ita
1076 4080 1224 4164 loquitur

109 4223 125 4260 c
140 4207 290 4264 utcasus
302 4197 443 4280 excipiat
458 4198 669 4264 evidentes...
688 4199 773 4279 Quin
789 4197 910 4282 aliquid
928 4198 1048 4282 negotii
1062 4197 1223 4262 facessant

111 4339 125 4376 a
140 4313 288 4400 superius
316 4315 405 4380 allati
432 4335 585 4390 cananea,
612 4315 792 4400 exquibus
819 4314 961 4380 infertur
991 4312 1223 4399 appellationes

111 4457 126 4494 a
141 4431 173 4496 in
199 4431 333 4497 aratoriis
359 4449 428 4496 esse
451 4429 658 4518 rejiciendas;
680 4451 752 4496 nam
772 4417 987 4516 preterquam
1009 4429 1097 4514 quod
1113 4427 1223 4504 inillis
