2878 5114
515 389 594 438 nnus
616 390 774 439 sncnnnn.
1132 371 1192 438 533

131 517 182 582 IV.
200 514 324 581 Poterit
343 519 452 580 nutem
473 513 655 580 executioni
675 512 866 580 demandari
883 521 918 580 et
934 514 969 579 in
982 512 1063 580 actis
1077 512 1196 579 referri

91 631 224 700 secunde
239 640 273 699 et
287 631 385 698 tertie
400 631 535 696 monitio
550 631 583 695 in
598 630 685 714 hunc
700 630 835 696 modum
851 651 858 697 :

132 753 377 830 «Cmtscqumter
395 753 504 810 iterum
519 753 548 810 et
567 752 667 826 tertio,
685 750 831 828 simulque
845 751 1055 828 peremptorie,
1074 750 1198 810 monito

89 868 200 928 rictitcr
218 869 330 928 citatus
344 867 406 944 fuit
420 865 559 926 dominus
573 867 604 927 Ν
608 886 635 942 .,·
650 882 775 944 quarum
789 866 1018 925 monitoriormn
1035 869 1118 925 tenor
1135 863 1197 941 suit

88 989 119 1045 ut
136 986 279 1062 sequitur,
306 981 445 1043 videlicet
473 977 519 1065 (et
545 977 591 1043 ibi
613 975 825 1062 inserantur).
850 981 876 1042 A
899 980 1005 1059 quitus
1027 982 1197 1041 monitoriis

87 1101 258 1180 exequendis
279 1115 415 1160 reversas
434 1097 475 1158 ad
490 1114 535 1157 mc
550 1099 719 1158 actuarium
733 1098 863 1158 loannes
879 1098 917 1158 Ν.
922 1143 932 1174 ,
951 1098 1043 1158 curiae
1056 1099 1192 1172 nuntius,

87 1216 185 1278 retulit
204 1215 370 1295 prelatum
385 1213 538 1276 dominum
553 1215 584 1276 N
587 1260 609 1290 .,
628 1213 824 1292 respondisse,
842 1210 1002 1277 inutiliter
1016 1207 1115 1288 redis,
1131 1229 1196 1276 non

85 1329 144 1408 ibo.
160 1333 236 1394 Acta
251 1336 321 1392 sunt
335 1328 438 1392 iac...
450 1331 565 1408 —qu
580 1331 610 1392 N
613 1375 635 1406 .,
653 1329 828 1408 episcopatis
841 1332 932 1390 carice
946 1346 1061 1405 cursor,
1078 1326 1196 1406 affirmo

85 1453 228 1528 utsupra.
244 1446 438 1524 -Ean.‚
456 1447 623 1506 actuarius.
991 1423 994 1428 ¹

127 1584 142 1622 a
158 1565 261 1643 luitur
269 1563 419 1642 prefatus
433 1562 574 1622 Vicarius
589 1560 751 1639 emeratis,
766 1564 802 1622 ut
814 1563 931 1622 muneri
943 1578 996 1622 mo
1009 1559 1191 1638 satisfaciat,

84 1687 110 1742 et
128 1682 185 1742 tate
208 1679 417 1740 inobedimticc
439 1677 582 1738 delictum
597 1677 695 1738 debite
715 1682 894 1754 coerceatur,
914 1677 1045 1750 decreuit
1058 1680 1151 1755 prout
1166 1682 1196 1736 ct

83 1799 208 1860 munit
219 1800 325 1858 contro
332 1794 514 1874 pradictum
524 1793 679 1857 dominum
689 1795 729 1856 Ν.
734 1841 745 1872 ,
760 1799 795 1854 ut
803 1794 968 1874 profertur
980 1793 1195 1856 inobedientem

83 1919 109 1976 ct
115 1919 325 1990 contumacem,
338 1917 532 1973 caesurarum
541 1912 855 1992 mucromprocedcre,
868 1913 909 1974 ad
918 1911 1197 1991 nocutresipiscat..

84 2033 266 2112 osumopter
287 2029 416 2108 protudit
437 2032 542 2090 contra
563 2031 662 2106 ipsum
683 2031 860 2092 sententiam
878 2030 1194 2090 excommunicationis

84 2143 154 2230 (vel)
173 2147 376 2226 suspensionis
390 2163 409 2204 a
430 2145 544 2206 diuinis
559 2141 596 2228 (si
611 2150 785 2208 contumax
802 2143 844 2208 sit
861 2143 894 2208 in
909 2139 1030 2226 sacris);
1046 2157 1111 2224 quoe
1131 2161 1194 2206 scm

83 2268 170 2326 tentio
182 2263 272 2344 hujus
289 2265 400 2324 tenoris
408 2263 481 2340 fuit,
496 2262 636 2324 uidelicet
647 2279 657 2321 .·
671 2258 717 2346 (ei
728 2259 773 2325 ibi
789 2260 944 2325 inseritur
956 2258 1107 2336 formula,
1122 2276 1192 2342 quae

83 2377 218 2444 habetur
233 2375 317 2442 infru
334 2381 349 2454 ἓ
367 2374 413 2460 3).
430 2380 506 2442 Acta
524 2383 594 2440 sunt
614 2377 730 2441 itae...
745 2411 790 2428 --
806 2381 834 2442 Ν
836 2425 856 2457 .,
878 2381 1016 2456 Vicarius
1028 2378 1188 2457 emeratis.

82 2526 123 2544 -
134 2499 171 2560 N.
177 2543 188 2576 ,
206 2499 374 2558 actuarius.
390 2515 407 2556 n

593 2749 608 2822 3
633 2743 674 2807 ΙΙ.

80 2979 184 3028 termula
195 2979 314 3028 citationis
327 2977 491 3037 monitorielis,
504 2978 578 3026 tribus
589 2975 757 3040 equivalentis,
767 2975 796 3024 nd
805 2975 910 3025 ettectum
924 2974 1064 3036 procedendi
1076 2975 1099 3024 in
1109 2981 1190 3025 testem

529 3078 554 3120 ut
566 3077 734 3120 contumacem.

116 3321 255 3386 «Nos...
277 3317 326 3405 (ut
350 3334 448 3400 supra
473 3317 506 3381 in
529 3315 670 3382 formula
692 3317 788 3402 primi
811 3316 987 3396 monitorii,
1014 3337 1118 3404 usque
1144 3322 1188 3389 ad

74 3433 172 3500 verba
183 3440 268 3498 intra
283 3435 382 3498 decem
397 3433 473 3512 dics,
493 3437 528 3497 ct
542 3432 587 3496 sic
604 3431 826 3516 continuetur)
843 3453 850 3498 :
867 3439 951 3498 intra
966 3437 1030 3499 dics
1043 3441 1183 3519 triqinta,

72 3557 295 3634 oprccsentium
316 3553 507 3612 intimatione
521 3554 582 3630 ipsi
599 3551 681 3629 sacta
695 3553 930 3630 computandam·
943 3571 1068 3632 quarum
1088 3557 1188 3617 dacem

68 3687 124 3749 pra
134 3674 250 3751 primo,
270 3668 368 3729 decem
377 3685 437 3747 pro
455 3667 592 3744 secundo,
612 3673 641 3727 et
659 3668 756 3728 decem
768 3686 827 3748 pro
841 3671 931 3730 tertio
944 3673 973 3729 et
986 3677 1187 3751 peremptorio

73 3789 197 3848 termino
212 3789 412 3864 assiduemus.
437 3783 540 3862 luitur
562 3788 589 3845 si
611 3780 708 3865 (natta
728 3756 863 3864 tantuma
883 3787 1062 3865 impediente
1084 3784 1184 3869 causa)

71 3903 274 3966 antedictum
299 3902 536 3979 peremptorium
560 3902 719 3960 terminum
744 3917 804 3978 non
828 3904 1040 3981 comparuerit,
1068 3909 1186 3967 nouerit

71 4021 131 4082 Nos
144 4023 250 4080 contra
261 4021 371 4097 ipsum,
391 4020 532 4094 tanquam
544 4021 753 4094 contumacem,
771 4017 879 4096 absque
892 4017 1031 4080 ulteriori
1044 4023 1187 4083 citatione

68 4153 298 4216 processuros...
317 4135 471 4223 Datum...
489 4167 534 4179 -
553 4135 582 4196 N
585 4179 607 4210 .,
624 4135 763 4195 Vicarius
776 4133 936 4212 emeratis.
953 4169 999 4181 -
1010 4138 1041 4198 N
1044 4184 1065 4213 .,
1081 4142 1186 4199 actuo-

71 4258 182 4316 rius.»

61 4407 62 4412 κ
115 4366 232 4436 Modus
246 4372 355 4433 nutem
370 4365 552 4451 exequendi
563 4373 598 4432 et
612 4365 737 4431 innotis
751 4365 920 4433 referendi
934 4364 1093 4452 ejusmodi
1107 4367 1186 4434 citn-

72 4485 194 4553 tionem
212 4483 463 4559 unanimitatem,
483 4481 576 4548 facile
593 4483 695 4568 aptari
712 4484 834 4570 poterit
851 4503 891 4549 ex
908 4482 1182 4572 precedentibus,
