2848 5118
221 320 284 382 206
566 332 753 379 ruacrarus
777 335 820 380 un
842 333 991 380 runrcns.

221 467 336 525 auctor
346 456 454 534 addit,
470 456 553 522 hano
566 475 637 523 esse
651 457 868 523 universalem
881 457 1021 542 praxim,
1040 465 1074 522 et
1087 455 1222 524 adnotat
1235 459 1326 524 multa
1410 445 1411 504 Ψ

222 573 364 660 alioquin
377 571 518 639 absurda
532 581 703 656 secutura;
719 572 807 638 unde
826 580 860 638 et
876 572 1044 638 concludit
1059 571 1259 640 audiendum
1273 593 1327 638 non

223 709 293 756 esse
313 691 410 767 Diaz,
432 687 488 773 qui
503 689 699 754 eorttrarium
715 688 832 753 tenuit.

265 807 473 887 Quintamen
489 803 578 870 dicta
594 804 686 887 copia
700 803 860 883 tradatur,
883 811 992 887 potest
1005 812 1040 870 et
1052 803 1153 870 debet
1167 802 1280 890 judex,
1300 814 1331 868 ut
1411 827 1412 892 t

232 923 267 986 iu
282 919 482 1004 praecedeuti
502 919 722 1003 propositione
736 919 902 984 firmatum
921 928 981 996 est,
1004 938 1061 984 reo
1077 918 1274 984 sufficienter
1289 920 1331 983 in·
1411 913 1412 924 ’

226 1035 336 1102 dicare
356 1055 504 1121 quaenam
521 1035 681 1118 probatio,
700 1053 890 1120 quaenamve
907 1034 1025 1100 iudicia
1039 1043 1176 1101 extent:
1200 1033 1330 1119 adquod

222 1151 456 1236 peragendum,
476 1150 615 1234 poterit,
637 1151 728 1215 verbi
747 1153 866 1234 gratia,
886 1149 1002 1236 jubere
1018 1159 1055 1215 ut
1070 1152 1234 1216 actuarius
1253 1151 1331 1234 legat

228 1275 428 1350 opportunas
442 1267 573 1330 testium
588 1263 815 1348 depositiones,
835 1267 932 1330 tacito
945 1267 1078 1332 testium
1093 1267 1233 1332 nomine.

268 1383 542 1462 QUAEST103⁸.—
560 1386 633 1461 Quae
646 1384 745 1462 formo
763 1387 796 1444 in
812 1383 1026 1464 interrcyanclo
1048 1401 1098 1443 reo
1126 1357 1253 1444 tenendo
1272 1385 1330 1443 sit?

145 1481 148 1485 ’
223 1537 268 1546 -
283 1498 448 1562 Adnotant
459 1495 613 1563 doctores
625 1497 747 1562 nullam
767 1496 854 1562 tradi
870 1517 964 1580 posse
987 1497 1241 1564 determinatam
1255 1496 1332 1581 ejus-

222 1612 310 1679 modi
320 1613 612 1696 interrogationum
628 1612 821 1696 formulam
836 1631 910 1677 cum
926 1613 1011 1678 enirn
1031 1614 1120 1676 varia
1138 1631 1208 1676 esse
1229 1631 1332 1676 ueces-
1413 1651 1414 1688 3

225 1731 309 1796 sario
332 1728 450 1794 debeat
479 1729 656 1813 puerariis
678 1729 798 1820 cauam,
827 1727 1008 1812 prudentiae
1032 1727 1150 1811 judicis
1179 1735 1281 1794 totum
1300 1726 1331 1791 id

222 1845 388 1928 negotium
400 1844 607 1928 relinquitur.
625 1841 765 1927 Aliquod
786 1850 896 1908 tamen
920 1843 1163 1926 interrogatorii
1178 1843 1332 1925 specimen

222 1977 280 2024 suo
294 1960 368 2024 loco
381 1960 413 2022 in
427 1960 615 2026 formulario
633 1960 808 2042 posuimus,
826 1966 864 2023 ut
880 1979 920 2023 ex
937 1979 1013 2024 casu
1029 1958 1232 2042 particulari,
1248 1967 1331 2043 tyro

222 2092 281 2137 nes
295 2074 507 2158 introspicere
524 2074 658 2156 possint,
677 2072 841 2157 quomodo
859 2073 892 2138 in
911 2073 968 2138 hac
991 2094 1027 2138 re
1041 2073 1144 2157 judex
1159 2073 1330 2158 prudenter
1414 2061 1415 2072 ’

223 2205 293 2252 sese
303 2165 420 2270 {gerere
433 2187 543 2271 possit.

682 2454 815 2520 CAPUT
837 2458 891 2520 iv.

216 2718 270 2786 ‘un
294 2738 532 2798 rosrrromuus,
563 2737 750 2798 aurrcuurs,
779 2738 948 2787 carrruurs
970 2739 1098 2787 uucnou
1123 2742 1168 2790 nu
1191 2737 1327 2789 rnnumo

268 2853 492 2912 rnoaaromo,
521 2854 562 2900 ur
591 2851 634 2901 nn
656 2853 812 2902 nanninus
837 2855 882 2901 au
904 2853 1085 2904 ronnuuuu
1117 2857 1158 2904 ur
1182 2859 1225 2905 an
1247 2853 1327 2902 uarr-

271 2967 463 3015 cumanum.

271 3232 381 3302 Solent
395 3231 528 3317 quidem
542 3235 712 3299 canonistae
728 3237 893 3302 materiam
904 3238 985 3302 hanc
999 3239 1172 3322 attingere.
1195 3237 1256 3303 Sed
1265 3237 1327 3322 quia

227 3346 280 3411 vel
296 3349 472 3411 oscitanter
488 3367 559 3416 eam
574 3356 763 3431 exponunt,
785 3351 840 3414 vel
862 3353 1018 3417 nonsatis
1034 3351 1237 3438 distinguunt
1260 3349 1327 3436 quid

224 3457 307 3546 juris
322 3462 500 3526 communis
521 3462 574 3540 sit,
590 3462 712 3546 quidve
736 3464 820 3548 stylo
835 3468 1022 3548 particulari
1041 3469 1205 3532 curiarum
1217 3466 1327 3532 adscri-

224 3567 381 3646 bendum,
400 3588 464 3633 nou
482 3571 592 3650 parvis
616 3589 688 3634 eam
702 3568 947 3638 difficultatibus
965 3572 1100 3638 obsitam
1124 3574 1220 3639 multi
1247 3571 1328 3636 relin-

227 3692 343 3769 quunt.

271 3800 349 3866 Eam
369 3817 430 3880 pro
451 3819 544 3882 posse
568 3801 820 3879 enucleabimus,
845 3802 1033 3888 etquidem
1056 3804 1109 3892 (ob
1127 3806 1328 3889 questionum

228 3914 470 3999 connexionem)
495 3913 603 4000 quoad
619 3917 748 3983 civilem
765 3916 859 3981 simul
886 3923 920 3981 et
935 3918 1133 3984 criminalem
1155 3933 1328 4004 processum

227 4025 523 4097 forieeclesiastici.
