2836 5118
511 306 589 356 rurs
611 307 769 369 sncupor.
842 371 845 380 Ι

403 645 759 746 SUBSECTIO
801 649 897 747 11.·

407 925 465 998 Bc
479 926 626 1026 judicio
646 930 855 1003 summio.

120 1237 238 1306 iudicia
253 1241 425 1320 summario
436 1237 516 1323 quid
529 1239 603 1319 sint,
623 1246 658 1305 et
673 1260 821 1326 quaenam
840 1260 953 1308 eorum
969 1241 1099 1325 proprio
1110 1259 1187 1306 nor·

85 1374 136 1434 ma,
149 1358 205 1422 nisi
220 1356 367 1443 apprime
388 1355 503 1421 calleat
514 1353 617 1440 judex
631 1357 876 1436 ecclesiasticus,
895 1356 993 1424 facile
1011 1358 1044 1420 in
1062 1357 1186 1439 irregu-

83 1472 169 1537 larem
183 1471 385 1558 procedendi
398 1472 546 1549 formam,
564 1477 661 1555 atque
674 1474 706 1535 in
722 1474 877 1538 nullitatis
889 1474 1002 1538 vitium
1015 1473 1181 1556 impinget.

82 1591 150 1655 Hinc
174 1589 216 1658 de
235 1609 272 1656 re
291 1589 373 1656 adeo
391 1591 483 1674 gravi
501 1596 535 1654 et
552 1589 695 1672 practica
720 1587 894 1672 diligenter
917 1586 1115 1666 instituenda
1130 1604 1187 1651 re·

82 1705 122 1782 pit
147 1707 290 1790 quaestio.
321 1703 372 1784 Ad
393 1724 463 1770 eam
484 1711 594 1769 nutem
626 1703 831 1770 enodandam
857 1704 1107 1790 progrediemur
1126 1703 1186 1770 hoc

81 1820 167 1886 modo
183 1843 190 1887 :
206 1826 238 1886 1ο
252 1829 362 1888 textus
371 1819 454 1906 juris
470 1823 715 1904 praemittemus,
733 1841 751 1894 e
768 1821 886 1906 quihus
895 1819 1010 1906 judicii
1023 1819 1187 1884 summarii

80 1944 184 2001 natura
198 1944 231 2002 et
245 1955 358 2010 norma
373 1935 573 2004 desumenda
589 1944 638 2004 est
651 1958 658 2018 ;
676 1939 710 2002 2⁰
724 1935 1011 2004 determinabimus
1023 1933 1102 2023 quid
1116 1953 1187 2018 pro·

78 2053 137 2139 prie
156 2052 217 2116 sint
230 2054 401 2117 summaria
415 2051 548 2136 judicie,
564 2060 599 2118 et
611 2052 775 2138 quomodo
787 2073 804 2124 a
816 2051 946 2138 judiciis
959 2071 1000 2118 ex
1015 2050 1186 2131 informata

81 2168 266 2234 conscientia
286 2167 461 2252 diligenter
481 2168 634 2251 distingui
657 2166 819 2252 debeant3
838 2172 872 2235 3ο
885 2187 955 2254 quae
971 2142 1084 2237 norma
1101 2166 1134 2230 in
1148 2165 1186 2230 iis

81 2283 280 2368 expediendis
292 2282 436 2350 tenendo
456 2285 514 2366 sit;
533 2285 566 2348 4ο
579 2284 696 2372 quibus
715 2286 748 2350 iu
761 2284 887 2364 casibus
901 2304 963 2367 per
978 2285 1061 2356 riam
1073 2281 1187 2368 judicii

82 2402 235 2480 summarii
246 2399 381 2490 procedi
395 2402 495 2486 possit
509 2408 566 2468 aut
581 2400 713 2468 debeat.

545 2685 677 2754 adeor
691 2687 717 2750 1.

84 2955 330 3004 PRAEMITI'UNTUR
358 2954 448 3001 JURIS
479 2951 619 3009 runos,
649 2951 668 2997 E
695 2951 813 3012 QUIBUS
840 2951 1038 2998 rortsstmum
1065 2951 1185 2998 moron

243 3071 407 3138 summurn
425 3069 525 3116 NOTIO
541 3065 581 3112 ET
594 3067 709 3114 NORMA
722 3065 919 3114 DESUMENDA
934 3067 1001 3115 EST.

95 3401 97 3406 .
123 3339 233 3414 Eutant
250 3337 323 3406 duae
343 3335 516 3409 Pontificiae
537 3335 794 3416 constitutiones,
814 3334 945 3398 omnino
959 3334 1130 3413 adeundis,
1148 3354 1186 3415 ιι

86 3452 186 3540 sedulo
201 3450 436 3538 expendendae,
457 3458 572 3534 utpote
592 3449 710 3536 quibus
728 3456 797 3524 tota
813 3447 883 3516 fere
891 3447 1087 3534 judiciorum
1101 3469 1188 3516 sum·

87 3571 245 3644 mariarum
263 3569 377 3657 regulo
391 3568 608 3646 determinata
620 3564 683 3636 fuit
692 3572 790 3650 atque
803 3565 936 3633 sancita.
952 3567 1047 3635 Prior
1056 3574 1106 3634 est
1115 3567 1187 3632 Cle·

88 3690 214 3756 mentina
236 3693 320 3770 Soepc
339 3687 381 3774 (2,
400 3689 437 3750 de
456 3688 616 3750 Verborum
636 3680 881 3766 capremontem),
900 3684 1022 3748 tenoris
1040 3682 1189 3768 hujusce·

89 3804 165 3870 nodi
182 3828 188 3872 :
211 3830 226 3867 a
243 3807 334 3890 saepe
344 3803 499 3886 contingit
508 3799 597 3888 quod
606 3817 717 3879 cousus
728 3800 969 3877 committimus,
980 3807 1014 3866 et
1022 3801 1059 3867 in
1072 3819 1187 3878 earum

92 3922 266 4006 «aliquibus
277 3923 455 4004 simpliciter
467 3927 497 3982 et
508 3922 545 3987 de
553 3921 660 4002 piaco,
671 3923 776 3999 ocriae
788 3921 916 4000 strepitu
927 3924 956 3980 et
969 3917 1188 4000 fiporajcdicii

93 4038 243 4120 «procedi
261 4035 462 4108 mandamus.
485 4036 536 4099 De
561 4053 700 4122 quorum
722 4033 888 4117 significat
880 4052 952 4100 rone
969 4033 1147 4102 verborum
1169 4053 1188 4108 a

93 4151 396 4223 anuldscomendit
397 4171 448 4231 ur,
464 4155 497 4216 et
509 4151 649 4236 qualiter
659 4148 792 4235 procedi
801 4147 920 4218 debeat
929 4147 1110 4216 dubitatur
1124 4151 1189 4222 Nos

94 4278 219 4345 «cumn
234 4269 468 4339 dubitationem
475 4265 672 4354 hujusmodi,
683 4271 842 4354 quantun
858 4262 1010 4331 nobisest
1019 4261 1186 4346 possibile

95 4384 262 4454 «decidere
277 4387 454 4470 cupientes,
468 4381 548 4449 hac'
539 4403 573 4447 m
589 4387 787 4466 perpetuum
804 4380 882 4449 radit
867 4385 942 4458 tura
954 4379 1189 4462 constitutiopc
