2848 5118
228 343 298 404 Ι176
567 352 756 400 macrinus
779 351 823 399 nn
849 348 999 430 runrcrrs.

202 496 205 507 ¹
227 477 332 563 index
347 483 491 546 actorem
504 497 545 544 ex
559 475 665 543 officio
675 474 856 560 repellere3
873 480 945 538 tum
958 472 1033 557 quia
1043 469 1148 556 iudex
1159 461 1274 536 curare
1289 468 1339 536 tle·

188 588 191 592 ’
230 593 289 662 bet
303 603 342 662 ut
358 602 495 680 peccata
510 593 679 661 evitentur.
695 591 813 681 (capite
828 594 921 658 Novit
939 592 991 668 13,
1004 585 1177 672 deluam),
1190 587 1339 673 tnmqmn
1414 615 1415 666 ι

229 713 329 798 ipsias
339 710 434 777 officii
446 719 499 778 est
514 709 696 796 disquirere
710 727 752 774 on
768 715 862 774 actor
881 704 995 772 habilis
1007 723 1111 771 necne
1127 705 1190 783 sit,
1208 722 1250 770 ne
1261 701 1340 788 judi·

231 829 317 894 cium
337 846 432 895 suum
454 827 699 900 frustraturium
714 824 789 908 fiat3
803 821 1074 890 excommunicati
1094 829 1207 886 autem
1226 817 1340 886 mundi

231 942 451 1030 satagendum
468 942 639 1028 injudicio
653 949 729 1008 sunt
751 939 795 1006 de
813 939 889 1026 jure
905 937 1073 1004 inhabiles.
1095 940 1240 1014 secondo,
1261 934 1341 1000 idem

232 1059 466 1128 dicendumne
483 1059 632 1125 omnibus
648 1056 893 1142 exceptionibus
910 1073 982 1140 qnae
1001 1055 1072 1140 ipso
1091 1053 1166 1139 jure
1189 1053 1341 1120 actionem

232 1179 414 1272 perimunt3
432 1182 468 1242 ut
481 1176 782 1259 suntexoeptioncs
798 1173 979 1251 solutionis,
996 1171 1258 1258 prescriptionis,
1269 1177 1340 1246 etc,
1361 1171 1363 1176 “

232 1293 379 1378 quamvis
397 1293 481 1358 enim
491 1301 584 1359 actor
598 1309 735 1358 eas-non
752 1296 906 1374 opponat,
925 1290 953 1354 si
967 1289 1031 1354 sint
1046 1307 1088 1354 ex
1104 1287 1185 1354 actis
1204 1285 1341 1363 notoria,

231 1405 332 1474 debet
347 1406 451 1494 judex
465 1407 509 1473 ad
523 1425 579 1474 eas
595 1402 817 1491 injudicando
834 1393 1019 1472 attendere.

277 1526 311 1589 2⁰
321 1525 370 1589 Dc
382 1522 456 1607 jure
471 1523 699 1588 communiens
711 1539 805 1605 posse
821 1521 960 1604 proponi
973 1527 1065 1586 ettam
1080 1527 1151 1584 otoo
1162 1539 1231 1585 voco
1245 1515 1345 1607 (modo

231 1650 340 1708 tamen
364 1640 407 1707 ad
420 1617 503 1707 acta
523 1637 746 1724 redigantur),
764 1645 798 1706 et
818 1643 922 1722 ptores
944 1643 1051 1717 amnt,
1070 1637 1147 1705 vide
1176 1636 1344 1722 probatum

232 1758 320 1841 apud
337 1755 627 1841 Schmalngrueber
652 1756 696 1842 (in
720 1755 773 1822 tit.
793 1757 848 1833 25,
867 1753 980 1821 tama
1001 1754 1228 1831 decretalium,
1252 1773 1285 1818 n.
1307 1754 1344 1817 29

234 1883 269 1942 et
286 1872 356 1959 30).
1061 1901 1064 1911 v

277 1992 312 2055 3⁰
329 1990 471 2072 Proponi
485 1988 585 2054 etiarn
604 1994 740 2071 possunt
759 1988 967 2070 exceptiones
988 1993 1159 2066 contorte,
1174 1985 1273 2052 modo
1291 1986 1344 2051 sub

232 2105 338 2171 forma
360 2105 554 2192 alternative
572 2124 579 2169 :
596 2103 690 2170 verbi
704 2105 819 2187 gratia,
838 2104 900 2170 hoc
922 2103 1020 2171 modo
1039 2127 1046 2170 :
1065 2123 1179 2186 oppono
1202 2107 1251 2168 oet
1264 2105 1345 2187 put

232 2239 294 2283 cem
307 2223 424 2284 collem
437 2223 873 2302 communicassemus
889 2227 917 2284 si
931 2241 1021 2302 poam
1041 2221 1160 2298 habeat,
1177 2227 1206 2284 ci
1228 2239 1275 2284 aaa
1292 2237 1345 2284 nco

233 2337 392 2418 subjacere.
413 2334 725 2423 (Schmalxgrneber,
740 2335 813 2402 loco
827 2336 897 2413 cit,
915 2355 948 2404 n..
967 2333 1037 2420 31.)

278 2451 489 2532 Quasn109·.
506 2455 616 2524 -Ao
636 2471 705 2514 reos
724 2457 909 2534 ecccpttocos
928 2425 1001 2534 p’ocs
1022 2459 1146 2534 opponit
1163 2453 1270 2516 debeat
1279 2471 1346 2535 pro

234 2571 315 2648 burc,
334 2577 364 2633 et
374 2571 494 2651 qomodo
501 2571 645 2651 probatio
656 2569 716 2632 ltaec
731 2569 802 2646 fieri
816 2571 946 2656 debeat?
959 2603 1005 2615 —
1018 2571 1051 2632 1⁰
1064 2569 1204 2634 Necesse
1221 2568 1345 2633 omnino

235 2689 285 2747 ast
307 2689 345 2748 nt
363 2701 441 2749 reus
464 2683 690 2766 exceptionem
710 2701 729 2747 a
753 2703 787 2748 se
816 2683 996 2767 oppositam
1019 2683 1116 2766 plene
1132 2683 1260 2766 probet,
1278 2683 1363 2755 alio,

234 2799 314 2882 quin
335 2797 489 2864 effectum
511 2818 575 2864 non
597 2798 742 2864 habebit.
761 2799 894 2865 Constat
915 2819 956 2864 ex
980 2800 1052 2883 lege
1069 2804 1107 2864 Ia
1131 2801 1346 2881 exceptionibus

238 2914 304 2997 (19,
320 2912 353 2978 ff.
367 2917 405 2978 cte
417 2912 570 2998 hotot),
590 2923 625 2980 et
640 2915 765 2998 exlege
783 2919 887 2996 Apere,
905 2935 969 2980 nec
986 2935 1051 2982 non
1068 2916 1142 3000 lege
1156 2915 1306 3000 sequenti
1317 2913 1340 2998 (t

235 3033 271 3093 et
286 3029 318 3105 2,
336 3027 369 3092 ff.
386 3031 423 3092 de
435 3019 692 3112 acceptionum).
710 3030 788 3111 Quae
801 3029 967 3114 dispositio
981 3009 1174 3096 iustinianei
1186 3029 1284 3130 juris,
1298 3035 1345 3093 ut·

144 3178 147 3184 ·
238 3149 314 3224 pote
329 3142 408 3207 nihil
419 3144 621 3208 contrarians
637 3144 734 3208 sacris
747 3143 933 3222 canonibus,
951 3143 1114 3210 censenda
1127 3153 1179 3210 est
1190 3151 1225 3210 et
1235 3145 1266 3209 in
1279 3147 1344 3212 foro

237 3254 453 3324 ecclesiastico
470 3259 593 3342 vigere.
615 3259 722 3344 Atque
738 3257 826 3324 idem
843 3269 1003 3343 praeterea
1021 3279 1062 3326 ex
1076 3262 1147 3344 ipso
1164 3260 1239 3346 jure
1257 3268 1345 3326 natu·

237 3372 297 3438 ruli
311 3377 470 3459 sequitur,
487 3381 526 3438 ut
541 3374 618 3438 satis
632 3393 693 3458 per
706 3393 741 3440 se
761 3381 863 3458 patet.

281 3489 316 3552 2⁰
333 3511 349 3550 n
364 3489 527 3555 Dilatoriae
553 3492 763 3573 exceptiones
784 3493 911 3572 probari
933 3491 1068 3570 debent,
1084 3493 1279 3576 regulariter
1299 3493 1343 3558 lo-

239 3602 415 3686 cqnendo,
431 3597 512 3669 ante
532 3605 802 3671 contestationem
821 3606 903 3686 litis,
927 3603 1010 3672 sicut
1033 3608 1131 3672 etiam
1158 3616 1235 3674 ante
1260 3607 1339 3672 illam

229 3741 257 3783 ιι
272 3727 381 3804 opponi
396 3721 531 3788 dehent.
549 3725 632 3789 llinc
652 3723 694 3790 ad
712 3724 832 3809 judicis
850 3724 990 3805 officium
1005 3727 1160 3811 pertinet,
1179 3735 1219 3793 ut
1233 3727 1340 3812 proha·

240 3837 379 3905 «mones
391 3856 491 3921 super
505 3836 554 3902 hia
569 3840 718 3923 accipiat,
730 3849 767 3910 et
781 3849 852 3906 tum
871 3840 1004 3908 demum
1023 3842 1065 3909 ad
1083 3863 1221 3911 examen
1238 3844 1341 3930 princi·

240 3941 357 4034 «palis
379 3953 500 4035 negotii
523 3951 670 4031 accedat,
692 3953 903 4038 quandoper
926 3959 1119 4023 sententiam
1139 3958 1340 4026 interlocuto-

109 4075 112 4080 ’
240 4089 259 4130 c
273 4067 354 4132 rium
368 4083 467 4150 super
478 4066 574 4134 dictis
585 4071 830 4154 exceptionibus
839 4075 1061 4155 pronuntiavit
1074 4074 1114 4162 (c.
1126 4077 1273 4142 Ecletiitc
1293 4079 1336 4151 19,

240 4185 312 4246 «do
323 4181 453 4268 lodic).
471 4182 568 4265 Quod
584 4185 630 4248 ita
645 4203 760 4251 verum
778 4194 839 4265 est,
857 4196 895 4253 ut
914 4189 941 4252 si
960 4187 1062 4272 judex
1079 4199 1193 4258 contra
1218 4192 1333 4266 lecerit,

240 4306 365 4364 «recte
382 4299 576 4382 appelletur,
593 4305 628 4364 et
646 4301 680 4366 in
692 4302 821 4368 irritum
835 4311 1013 4370 revocetur
1034 4305 1194 4392 quidquid
1208 4315 1279 4392 post
1291 4323 1339 4390 ap·

228 4432 259 4476 -ι
274 4413 483 4498 pollutionem
508 4415 542 4480 in
566 4423 879 4484 causa-attentatum
902 4419 1016 4488 fuerit.
1044 4421 1135 4489 Ouio
1161 4425 1247 4491 enim
1268 4419 1338 4508 juris
