2848 5118
498 353 577 410 tans
599 315 757 404 muana.
1041 357 1043 362 ·
1120 339 1182 404 247
1230 301 1233 308 ⁴

89 481 125 547 ait
143 479 390 563 appellationum
408 477 580 556 institutio,
603 497 645 544 an
663 496 743 546 vero
758 473 800 543 ad
816 476 870 563 jus
891 476 1062 546 dumtaxat
1074 479 1186 561 positi-

88 614 163 673 vum,
188 592 452 678 distinguendum
476 601 526 662 cst
550 594 636 664 inter
661 593 887 678 appellationis
908 592 1133 671 substantiam,
1151 603 1187 662 et

87 693 216 794 ejusdem
227 710 451 775 formalitates.
469 708 583 790 Quoad
594 713 797 798 soamatttctea
807 709 953 794 quidam,
964 727 1035 786 esse
1050 729 1122 776 eam
1134 708 1185 794 ju·

85 827 123 892 ris
144 826 267 908 positivi
287 819 472 892 concedam
496 825 667 890 canonista
691 843 811 890 omnes.
841 822 957 906 Quoad
985 825 1185 902 substantiam

86 959 162 1030 vero,
183 933 402 1007 diversimode
426 941 580 1006 sentiunt.
608 937 701 1026 (Vide
717 944 827 1004 Forum
848 943 1078 1010 cmleaiosticum
1102 941 1186 1008 Leu-

84 1056 163 1134 renii,
178 1057 212 1124 in
234 1058 285 1121 tit.
302 1059 355 1133 28,
373 1056 451 1122 libri
469 1058 488 1123 2
505 1055 644 1133 decret,
662 1075 694 1140 q.
714 1055 823 1140 1006.)
846 1057 903 1123 Est
928 1065 1036 1123 autem
1056 1060 1186 1126 omnino

84 1179 206 1248 cenum,
219 1191 306 1256 saepe
319 1191 338 1236 a
352 1172 498 1242 Romano
513 1171 670 1238 Pontifioe
688 1189 802 1238 causas
817 1170 1012 1255 judicandas
1029 1174 1188 1240 committi

84 1306 145 1352 cum
158 1288 309 1364 clausula,
327 1295 408 1352 amai
422 1291 622 1370 appellatione
637 1295 768 1364 remota3
788 1307 850 1352 nec
862 1289 931 1354 sine
940 1307 1064 1357 summa
1079 1294 1183 1356 teme·

82 1404 164 1470 ritate
182 1403 351 1470 diceretur
364 1402 401 1470 id
411 1403 479 1487 juri
491 1403 634 1470 naturali
648 1401 826 1470 adversari.
845 1404 926 1468 Item
945 1405 977 1467 in
989 1405 1089 1470 certis
1105 1405 1186 1472 nasi.

81 1516 142 1597 bus,
163 1526 200 1585 ut
224 1518 309 1586 infra
339 1517 520 1596 videbitur,
548 1519 772 1602 appellationis
799 1517 995 1586 beneficium
1017 1518 1184 1604 denegant

81 1633 292 1701 ecdesiasticae
305 1634 406 1716 leges.
426 1632 520 1700 Unde
537 1634 651 1717 siquis
668 1633 829 1700 sustinere
850 1633 930 1699 velit
949 1632 993 1699 ad
1014 1632 1068 1718 jus
1085 1641 1182 1700 natu-

80 1747 137 1816 nte
159 1748 267 1834 quoad
289 1739 503 1816 substantiam
523 1749 689 1834 pertinere
709 1749 970 1832 appellationem,
992 1749 1038 1814 ita
1055 1755 1185 1814 seuten-

79 1863 147 1931 tiam
158 1883 248 1930 suam
270 1862 505 1944 accommodet,
529 1871 567 1930 ut
585 1863 719 1946 prefata
742 1861 1038 1948 sedisapostolicae
1054 1863 1175 1946 praxis,

80 1999 131 2046 nec
150 2000 213 2048 non
234 1959 420 2050 memorato
442 1983 602 2048 canonicae
616 1981 706 2065 leges
722 1979 885 2066 injustitias
904 1998 970 2046 non
986 1979 1178 2049 insimulen-

80 2102 134 2163 tur.

588 2305 604 2378 5
618 2299 660 2363 11.

448 2538 546 2612 Quinam
560 2538 652 2600 possint
664 2539 792 2602 appellata,

11 2837 14 2866 ,
118 2788 144 2852 i.
160 2785 331 2872 Appellare
357 2785 472 2870 nequo
484 2762 541 2870 qni
554 2763 746 2853 mutantium
760 2789 874 2852 contra
891 2801 926 2848 se
943 2783 1044 2851 latam
1059 2799 1176 2868 apprc

11 2955 13 2986 ,
78 2899 164 2980 bavit,
181 2902 248 2968 aive
269 2917 436 2987 expresse,
452 2901 519 2980 aive
539 2899 638 2966 etiam
651 2898 760 2976 tacite,
777 2879 874 2978 idest,
894 2916 961 2964 non
977 2896 1174 2994 appellando

11 3071 13 3104 s
76 3015 150 3086 intra
179 3017 336 3102 temporis
365 3015 505 3100 spatium
541 3012 585 3086 ad
618 3014 868 3100 appellationem
904 3011 1176 3096 interponendam

39 3125 41 3132 '
79 3138 274 3218 concessum.'

11 3301 13 3336 ,
115 3252 144 3316 2.
162 3252 274 3337 Neque
295 3245 459 3333 appellare
479 3251 589 3329 potest
608 3245 663 3330 qui
691 3243 755 3310 iuit
777 3244 820 3310 ob
839 3241 1075 3312 contumaciam
1099 3261 1179 3314 eom.

78 3362 245 3444 demamus,
848 3365 851 3371 ’

115 3485 143 3548 t.
159 3485 272 3569 Neque,
295 3476 607 3579 quiscondemnatns
635 3484 684 3544 est
710 3485 863 3564 unquam
887 3476 1006 3543 notoni
1035 3449 1184 3542 oriminis

11 3657 14 3668 ,
78 3617 153 3668 raus.
879 3650 881 3654 -

11 3771 13 3780 ,
115 3716 144 3780 4.
161 3717 271 3802 Neque
290 3713 347 3800 qui
373 3711 468 3788 simul
492 3718 527 3776 et
547 3707 713 3778 confessus
735 3715 769 3774 et
791 3706 961 3775 convictus
986 3714 1047 3774 est.
1078 3706 1180 3784 Seou's

11 3889 12 3914 ,
78 3847 145 3898 aero
165 3833 191 3909 ai
213 3830 317 3930 fuerit
340 3826 542 3901 solummodo
562 3825 740 3904 confessus,
761 3832 819 3902 aut
838 3823 1040 3904 solummodo
1068 3825 1176 3899 canvi-

78 3953 149 4014 otus.

118 4065 143 4128 5.
167 4062 323 4150 Nequeis
346 4067 459 4129 contra
482 4077 579 4146 quam
600 4064 666 4126 tres
688 4055 873 4125 conformes
893 4057 1061 4126 sententiaa
1074 4058 1108 4122 iu
1121 4075 1176 4128 eu·

11 4253 12 4260 ἵ
79 4173 144 4242 dam
158 4197 249 4254 causa
271 4175 453 4269 eodemque
474 4173 612 4243 articulo
624 4174 698 4240 latae
719 4179 806 4238 sunt.
824 4171 900 4239 Haec
919 4170 1002 4256 juris
1030 4170 1177 4241 textibus

79 4287 278 4372 innatando
289 4291 378 4376 apae
392 4288 691 4374 scammoneae,
706 4287 908 4376 naitanum
923 4290 977 4363 aa,
994 4285 1070 4368 tiara
1083 4288 1102 4350 a
1115 4282 1174 4361 ca·

82 4407 232 4488 cocullum
246 4409 398 4486 illustrat,
416 4428 448 4474 n.
468 4409 512 4472 10.
521 4411 554 4476 ct
572 4404 792 4492 sequentibus.
996 4389 999 4396 ’
