2848 5118
270 321 333 404 mo
615 356 802 405 mortuus
824 359 868 405 nn
890 357 1038 406 sumens.

256 490 389 568 ‚propter
400 487 536 564 portium
553 485 763 563 consessiones,
781 491 810 546 et
827 486 971 548 articulos
992 486 1033 546 ud
1047 486 1206 546 clariorem
1227 485 1359 564 protetio

266 619 350 679 uem,
369 619 441 662 usus
457 601 607 679 loupaeuus
628 605 661 662 iu
675 605 773 663 causis
795 603 943 680 admisit,·
968 603 1044 678 usos,
1061 619 1150 662 usum
1170 583 1310 682 ejusmocli
1323 600 1360 662 oi
1415 597 1416 658 ἶ

266 691 384 778 seruari
398 717 545 794 uoleutes,
568 720 745 794 statuimus,
765 724 799 779 ut
817 719 917 798 judex
935 722 977 778 sie
1000 718 1162 798 deputatus
1176 736 1195 778 a
1211 717 1318 796 Nobis
1330 715 1360 778 ui

268 833 404 894 dandum
423 831 513 892 simul
527 838 666 918 utrosque
689 838 849 895 termimum
868 835 942 894 dure
951 836 1060 914 possit.
1077 831 1127 896 lbi
1142 838 1257 913 aperte
1272 829 1360 895 deeiu-

263 927 509 1024 reinceptum
529 964 623 1010 usum
638 946 797 1029 generalis
819 955 853 1012 et
877 948 1031 1030 lougaevae
1052 946 1294 1013 consuetudinis
1310 947 1360 1012 rin

262 1063 403 1147 habere3
433 1082 474 1127 ex
493 1081 557 1147 quo
575 1063 644 1130 solo
667 1062 849 1128 censendus
865 1071 952 1128 esset
969 1063 1002 1127 in
1019 1061 1069 1146 jus
1084 1082 1260 1128 commune
1276 1070 1361 1128 trans

260 1180 336 1246 isse.
360 1179 513 1244 Declurut
537 1179 671 1263 iusuper
688 1181 838 1245 Pontifex
856 1202 887 1242 se
908 1182 983 1243 uelle
1006 1181 1084 1243 huuc
1106 1201 1194 1243 usum
1212 1182 1358 1255 obseruari,

260 1293 360 1381 idque
390 1293 509 1359 dieitur
533 1296 732 1377 generaliter
760 1304 794 1361 et
815 1295 937 1380 ubsque
958 1295 1176 1365 restrictione.
1199 1295 1241 1360 Et
1267 1313 1361 1359 conse·

260 1416 401 1495 quenter
416 1408 456 1474 ad
474 1411 556 1474 hono
572 1410 787 1487 uoluntatem,
808 1410 958 1477 decernit
976 1412 1011 1476 in
1032 1412 1138 1495 speeie
1162 1407 1269 1496 quood
1286 1409 1360 1496 judi·

259 1530 307 1596 cia
323 1535 486 1592 summario
503 1527 555 1616 (de
577 1528 694 1612 quibus
710 1528 755 1593 ibi
775 1527 907 1614 agitur),
926 1548 1019 1611 posse
1036 1527 1177 1614 ajudice
1195 1531 1360 1595 terminon

257 1644 424 1727 assignari,
443 1643 486 1708 ud
501 1643 644 1709 dundum
661 1647 753 1707 simul
768 1645 943 1728 positiones
959 1651 993 1708 et
1007 1642 1172 1710 articulos.

301 1759 465 1826 Probatur
482 1763 515 1825 2⁰
532 1781 572 1825 ex
589 1761 694 1843 capite
711 1763 850 1840 Qualiter
864 1768 893 1823 ct
916 1763 1035 1842 quaudo
1056 1759 1121 1846 (24,
1140 1763 1178 1823 cle
1193 1757 1359 1844 locustio

256 1895 321 1964 qno
335 1877 380 1941 sie
399 1875 589 1942 decernitur
605 1875 712 1962 quood
729 1895 913 1962 processum
934 1877 1133 1942 criminalem
1149 1895 1210 1959 per
1225 1877 1303 1941 vium
1320 1875 1359 1939 in·

256 1993 436 2078 quisitionis
457 2014 464 2058 :
485 1995 578 2058 Debet
593 1999 689 2076 iqitur
707 2014 768 2056 esse
788 2013 922 2076 presens
946 2001 974 2056 is
1000 2001 1104 2056 eontra
1127 1995 1222 2075 quem¹
1238 1993 1360 2075 faciende

255 2117 300 2173 est
325 2114 497 2190 inquisitio,
529 2114 590 2171 uisi
618 2129 648 2172 se
669 2130 727 2192 per
742 2115 958 2172 contumacium
981 2111 1185 2172 uiseutueerit
1204 2130 1215 2172 :
1232 2113 1261 2172 e't
1283 2127 1360 2189 expo·

256 2227 355 2290 uenio
365 2199 440 2288 ''suut
453 2231 482 2286 ei
496 2226 553 2288 iilo
568 2227 703 2306 capitula
725 2225 762 2288 ule
779 2226 885 2306 quibus
910 2229 1004 2307 suerit
1026 2225 1256 2306 inquirendum,
1277 2219 1308 2287 u't
1321 2225 1360 2304 se

255 2343 397 2405 cultatem
412 2343 519 2406 iubeat
531 2340 712 2423 mfeudeurli
726 2349 865 2425 serpsum.
881 2344 928 2406 llx
941 2340 991 2406 his
1004 2349 1037 2406 et
1049 2339 1218 2419 similibus,
1234 2333 1360 2426 quiaddi

253 2465 401 2542 possent,
414 2457 571 2534 textibus,
587 2455 629 2522 de
643 2455 717 2542 jure
730 2457 892 2522 communi
905 2453 1087 2522 servandus
1102 2445 1236 2522 vitietur
1244 2443 1357 2540 positio

255 2594 327 2638 uum
352 2582 387 2642 et
409 2577 606 2638 articulorum
623 2573 657 2637 in
675 2574 762 2640 civili
786 2593 958 2658 processu,
982 2575 1184 2658 capitulorum
1210 2570 1359 2639 nutemiu

254 2688 424 2765 criminali,
444 2708 533 2754 usuc.
896 2765 904 2796 Ι

297 2807 336 2872 In
351 2805 461 2872 multis
474 2814 584 2872 tumen
611 2806 709 2870 errriis
724 2806 958 2882 ecelesiasticis,
980 2814 1020 2871 ut
1035 2806 1183 2872 nonnulli
1200 2805 1356 2871 cononistae

253 2927 427 3000 testantur,
457 2921 595 2986 invaluit
611 2922 771 2988 contraria
795 2929 829 2986 et
848 2923 993 3006 legitime
1018 2921 1208 3006 prescripta
1239 2931 1357 2988 consue·

255 3037 366 3104 tudo:
393 3046 430 3104 ut
453 3058 572 3122 nempe
600 3047 673 3122 post
692 3045 905 3105 contestatam
932 3037 1042 3116 litem,
1069 3039 1195 3104 omissis
1217 3031 1356 3124 ejusmodi

253 3153 465 3238 positionibus
484 3161 518 3219 et
533 3155 695 3232 articulis
714 3154 941 3239 producuntur
967 3162 1001 3220 et
1027 3156 1254 3222 examinentur
1271 3149 1355 3220 testes

254 3291 353 3356 super
364 3273 523 3337 contentis
538 3271 572 3334 in
590 3271 710 3338 libello.

298 3388 496 3454 Puerostrto
509 3387 565 3451 HQ
581 3424 627 3436 -·
643 3391 682 3452 Iu
688 3407 829 3470 processu
842 3390 937 3460 cicili,
948 3393 1002 3470 jus
1012 3391 1202 3470 proponendi
1208 3393 1353 3471 positiones

254 3505 451 3582 marticulus,
468 3522 527 3574 pou
548 3510 665 3565 tuntum
676 3505 717 3568 od
731 3510 871 3578 actorem,
892 3505 944 3566 secl
959 3509 1051 3565 etium
1066 3506 1107 3566 ari
1123 3523 1206 3566 reum
1221 3504 1348 3585 pertinet.

254 3617 345 3683 -Id
354 3617 462 3702 quoad
474 3599 648 3701 positiones
659 3619 704 3684 sic
712 3614 847 3683 affirmat
856 3617 1060 3702 Pellegrinus
1074 3618 1179 3705 (ptarte
1198 3611 1231 3694 ’2,
1241 3622 1315 3684 sect.
1325 3611 1349 3688 i,

255 3734 396 3798 subseot.
417 3733 450 3810 l,
479 3753 512 3796 n.
542 3731 592 3816 l):
617 3755 633 3794 u
650 3734 738 3797 Alius
755 3738 846 3798 actus
865 3733 921 3817 qui
948 3733 1097 3817 sequitur
1118 3735 1151 3797 in
1164 3732 1352 3817 Judtctopost

258 3849 401 3916 adetum
419 3849 595 3914 terminum
613 3848 834 3932 probatorium
849 3857 909 3926 est,
925 3848 1014 3933 quod
1029 3849 1112 3914 liunt
1125 3851 1296 3931 positiones
1305 3859 1351 3930 per

257 3991 273 4029 u
292 3975 614 4052 utramquepartem,
631 3966 705 4030 hine
718 3965 812 4050 inde;
833 3985 893 4049 per
906 3974 1048 4032 actorem
1068 3965 1192 4032 seilicet
1207 3976 1241 4034 et
1258 3979 1346 4040 reum

256 4084 325 4152 cod
340 4103 420 4170 quas
432 4081 632 4166 respondere
649 4083 907 4149 tenenturambo
921 4083 1128 4167 perverbum
1144 4087 1232 4150 credo
1246 4081 1349 4148 velum

256 4202 388 4279 «credo,
406 4199 474 4266 sine
490 4198 662 4282 praes'entiu
680 4199 898 4282 procuratoris
914 4199 967 4265 uel
986 4198 1148 4279 advocati,
1166 4208 1201 4266 et
1215 4201 1348 4266 siueienr

256 4337 274 4379 α
291 4315 380 4402 poris
397 4313 581 4392 intervella,
597 4311 707 4381 medio
717 4313 913 4399 juramento.
929 4339 946 4378 u
1190 4391 1201 4402 ν

298 4432 330 4495 st
341 4438 451 4500 cutem
464 4448 550 4506 reus,
569 4430 651 4495 sieut
664 4437 766 4508 actor,
779 4429 832 4515 jus
846 4429 944 4497 hubet
959 4415 1166 4518 proponendi
1180 4429 1343 4518 positiones.
