2838 5114
241 327 305 390 378
584 343 771 390 pransurus
794 343 837 388 nn
859 343 1006 392 suorcns.

238 483 276 530 re
295 467 458 530 notionem
473 464 636 550 quondm
654 466 849 544 historicam,
870 463 1033 550 quomodo
1055 467 1087 530 in
1110 465 1185 550 jure
1201 463 1334 530 determ-

239 589 312 648 nata
328 583 445 647 existat
461 582 620 665 ejusmodi
633 581 818 666 jurisdictio
834 581 1037 648 adnotamus.

287 700 316 761 l.
333 674 580 762 Constituantur
593 699 801 782 inquisitores
815 697 965 780 delegati,
982 698 1049 761 sive
1060 717 1079 760 a
1091 697 1182 779 Papa
1194 697 1270 778 ipso,
1282 697 1336 760 sive

238 814 366 878 aSacra
383 813 637 896 congregatione
661 814 821 896 generalis
845 812 1066 896 inquisitionis.
1085 811 1170 877 Olim
1187 812 1292 889 etiam,
1304 831 1337 876 er

239 929 448 994 facultatibus
466 947 484 993 a
503 927 784 1013 Sedetlpostolioa
812 930 981 1004 concessis,
1000 947 1056 994 eos
1079 929 1275 994 corastitaere
1292 947 1337 1010 po·

238 1051 348 1110 terant
358 1044 578 1108 Provinciales
588 1044 713 1110 ordinis
722 1045 1335 1124 DominicanorametFranciscaaoram3
1393 1089 1394 1102 .

238 1179 366 1226 necnon
380 1161 548 1241 generales
561 1160 594 1223 in
610 1162 708 1225 certis
724 1161 910 1242 regionibus
925 1160 1145 1244 inquisitores.

284 1279 315 1339 2.
343 1275 577 1358 anqaamodo
611 1282 721 1340 autem
753 1278 1001 1352 constituantur,
1029 1284 1200 1343 remanent
1227 1295 1338 1359 semper

240 1391 381 1474 delegati
398 1390 535 1474 judices,
558 1410 622 1456 nou
641 1399 749 1456 autem
769 1392 934 1458 ordinarii.

283 1511 315 1572 3.
336 1508 448 1571 Potest
468 1509 639 1591 inquisitor
658 1508 796 1592 quilibet
823 1507 992 1592 delegatas
1016 1509 1077 1573 sibi
1095 1510 1287 1574 constituere
1303 1508 1337 1569 si·
1394 1593 1395 1598 ἵ

239 1625 377 1701 cariam,
402 1622 500 1686 etiam
522 1623 708 1705 generalem
732 1622 819 1708 (vide
843 1621 1059 1698 Laurenium‚
1091 1628 1200 1687 Forum
1221 1625 1337 1686 mnia·
1394 1649 1395 1656 ¹

238 1745 355 1817 sticum,
374 1737 406 1800 in
422 1738 473 1802 tit.
493 1745 524 1815 7,
544 1738 619 1803 libri
639 1736 815 1814 5decret.,
834 1756 866 1821 q.
889 1735 976 1821 184).

282 1856 315 1918 l.
338 1853 483 1920 Officium
501 1854 698 1936 inquisitoris
720 1855 867 1920 absolute
892 1855 1119 1932 commissum,
1140 1873 1206 1918 non
1228 1854 1337 1936 expirat

239 1978 345 2040 morte
362 1969 596 2034 committentis
614 1969 722 2055 (idem,
741 1969 837 2046 ibid,
856 1989 889 2054 q.
912 1968 998 2053 186).

285 2090 316 2150 5.
338 2085 507 2166 Quomodo
526 2105 596 2150 sese
618 2085 777 2151 haberent
795 2085 838 2151 ad
856 2087 993 2150 invicem
1017 2085 1201 2170 jurisdictio
1226 2085 1336 2168 iaquisi·
1395 2087 1396 2090 ’

239 2201 320 2268 toris
333 2200 488 2266 ordinarii
507 2220 564 2265 sea
588 2202 755 2284 Episcopi,
778 2209 813 2266 et
834 2201 1016 2285 jurisdictio
1043 2201 1241 2285 inquisitoris
1263 2200 1337 2266 dele

238 2320 304 2403 gati
326 2318 360 2382 in
382 2318 498 2384 eadem
518 2316 665 2394 diaecesi,
687 2319 764 2383 satis
788 2319 1025 2384 determinatur
1047 2318 1257 2402 sequentihus
1269 2317 1337 2402 juris

146 2423 148 2428 ⁵
238 2435 383 2500 textibus
399 2457 405 2500 :
421 2440 481 2498 Per
495 2437 547 2496 bac
560 2439 639 2516 quod
652 2441 802 2515 rupotiuan
811 2435 1339 2516 liuuetieoeprnoitatisalicuioetati
1396 2459 1397 2478 r

238 2555 343 2633 quidus
357 2553 395 2614 ab
406 2553 575 2631 Apostolica
589 2554 665 2615 Sede
680 2555 871 2633 generaliter,
887 2558 919 2614 in
930 2553 1034 2632 utque
1044 2557 1216 2632 provincio,
1233 2557 1338 2614 eicitur

237 2671 286 2730 aet
295 2671 422 2746 diocesi,
431 2669 600 2746 detegatur,
613 2671 785 2730 diocesianis
797 2672 970 2749 Episcopus,
981 2672 1053 2747 quin
1064 2674 1093 2728 et
1105 2673 1167 2748 ipsi
1177 2671 1339 2730 proteritate

238 2786 395 2846 ordinuriu
408 2785 456 2844 aet
469 2785 605 2864 detepatn
625 2783 663 2868 (si
676 2781 795 2866 turbent)
814 2789 846 2846 in
860 2787 960 2847 eodem
975 2785 1133 2864 procedere
1151 2785 1281 2860 valeant,
1297 2800 1339 2844 ne
1397 2871 1398 2874 Ἴ

239 2900 337 2960 tumus
347 2901 498 2978 deropori.
513 2901 631 2977 Verum,
645 2906 679 2960 ut
691 2901 804 2961 dictum
817 2904 1020 2979 inquisitionis
1030 2903 1182 2979 nepotinrn
1193 2898 1336 2977 efficacius,

239 3017 345 3076 nutius
358 3017 521 3093 utiliusque
538 3017 693 3094 procedet,
711 3017 894 3077 concedimus
910 3017 988 3094 quod
1006 3034 1061 3094 per
1074 3019 1225 3095 episcopos
1238 3018 1341 3094 ipsuset

235 3149 292 3210 per
309 3135 501 3210 inquisitores
519 3134 555 3194 cte
573 3134 653 3210 sueto
667 3135 767 3194 ecdem
789 3135 903 3212 inquiri
918 3133 1020 3194 anteat
1036 3135 1233 3192 communiter
1247 3131 1291 3192 uel
1306 3130 1341 3191 ut·

239 3251 328 3309 uisim
343 3267 353 3308 .·
368 3254 413 3325 et,
432 3252 460 3309 si
473 3251 596 3311 attonitu
609 3253 827 3329 posessorint,
848 3255 1004 3310 teneantur
1019 3249 1079 3310 sibi
1093 3253 1221 3310 inuicem
1234 3263 1340 3311 renna

240 3369 340 3428 uicere
355 3385 520 3448 processus,
537 3373 571 3426 ut
583 3384 637 3446 per
652 3366 705 3426 toa
718 3370 817 3446 possit
832 3367 938 3428 metius
953 3369 1066 3428 ueritus
1082 3369 1215 3427 insertiri
1230 3383 1240 3425 .·
1254 3369 1281 3426 et
1293 3363 1341 3424 nisi

241 3481 293 3543 boc
317 3501 387 3543 casu
413 3487 602 3562 inquisitores
629 3487 662 3543 in
687 3486 841 3544 sententie
863 3484 1033 3562 prolatione
1058 3483 1248 3559 dioecesanis,
1273 3479 1341 3540 aete

240 3604 355 3676 contra,
375 3599 519 3659 duxerint
536 3599 745 3676 deserendum,
768 3617 824 3678 per
846 3603 985 3677 utrosque
1010 3599 1101 3658 simut
1123 3601 1267 3660 sententia
1283 3613 1340 3676 pre

240 3717 358 3794 seratur
369 3734 379 3775 :
392 3719 425 3776 in
436 3733 495 3794 pua
508 3717 643 3794 serenda,
658 3721 685 3776 si
700 3735 759 3777 non
771 3719 972 3793 convenerint,
986 3733 1042 3794 per
1055 3720 1196 3794 utrosque
1209 3715 1339 3794 nepatiun

241 3830 420 3910 sufficienter
435 3837 613 3893 instructum
625 3833 781 3894 adsedem
799 3832 997 3911 Apostotienrn
1010 3835 1165 3894 initiatur.
1179 3833 1246 3893 Siue
1256 3831 1337 3888 auten

241 3948 413 4025 ordinaria,
441 3953 503 4008 sive
525 3950 662 4028 detepata
684 3951 825 4031 Episcopi
844 3954 990 4027 potestate
1010 3949 1190 4028 precedunt,
1217 3947 1294 4008 itinn
1313 3945 1336 4000 in

236 4065 422 4148 praeestante
439 4067 558 4126 modurn
574 4066 738 4142 observent,
754 4083 838 4144 quem
856 4069 1047 4142 inquisitores
1060 4069 1188 4144 possunt
1198 4070 1225 4124 et
1236 4061 1332 4130 didm,

238 4199 293 4261 per
305 4185 381 4264 juro
398 4187 563 4244 communia
582 4184 629 4243 oet
644 4202 698 4262 per
716 4183 856 4262 speciales
874 4185 1069 4242 concessiones
1085 4199 1135 4240 seu
1154 4181 1334 4241 ordinationes

242 4298 329 4359 Sectis
354 4299 542 4379 Apostatieae,
572 4300 726 4360 observare
753 4295 944 4384 (decretalis
972 4300 1031 4360 Per
1057 4297 1109 4358 boc
1139 4292 1188 4372 17,
1217 4290 1294 4359 titali
1308 4288 1331 4358 2,

242 4410 316 4480 libri
334 4414 364 4490 5,
383 4412 415 4476 iu
431 4411 476 4496 6).
