2930 5114
550 361 554 369 '
602 356 788 406 anomaeus
811 356 854 404 BE
878 356 1027 404 tumetis.

783 643 837 707 lv.

247 867 356 916 lormnis
374 861 509 915 declarandi
529 865 753 914 excommunicatum
768 863 885 912 Vieaalnm
906 863 1037 925 generalem
1059 864 1213 927 suffmganei,
1227 877 1256 914 ex
1268 879 1294 915 co
1306 865 1360 928 quod

279 961 457 1024 appellationem
478 960 507 1008 nb
526 959 601 1021 ipsias
624 961 737 1010 senentis
760 960 878 1022 rejecerit,
896 969 931 1022 et,
953 971 999 1008 non
1022 957 1128 1008 obstante
1146 959 1298 1022 inhibitione,
1311 969 1358 1009 eae·

280 1063 349 1106 entus
370 1056 409 1104 sit.

289 1303 535 1368 Prnnctandmn.
554 1333 598 1350 -·-
615 1323 631 1364 n
649 1298 768 1366 vicarii
790 1317 847 1366 seu
862 1297 1021 1365 Officiales
1041 1299 1213 1382 generales
1237 1301 1359 1385 Episeo·
1441 1343 1442 1354 η

247 1438 395 1504 aponum
419 1417 700 1502 suffraganeorum.
719 1416 905 1494 interdum,
933 1416 1001 1482 sive
1022 1423 1160 1499 propter
1184 1418 1357 1482 carentiam

247 1539 435 1614 «scientiae,
457 1538 526 1602 sive
544 1543 678 1620 propter
696 1534 914 1602 deficientiam
932 1533 1134 1618 prudentiae,
1166 1533 1359 1620 jurisdictio·

247 1679 264 1715 «ι
277 1673 351 1719 nem
374 1651 616 1736 Metropolitani
639 1661 696 1717 aut
731 1651 929 1736 perturbant
954 1659 1011 1716 aut
1038 1659 1278 1735 contemnunt;
1310 1651 1359 1716 vel

247 1772 377 1838 aetiam
400 1789 461 1854 pen
483 1768 596 1835 sordes
611 1771 644 1833 in
658 1767 761 1833 officio
788 1767 1007 1852 delinquunt:
1026 1767 1114 1832 unde
1139 1767 1359 1851 Archiepisco

248 1911 264 1947 c
280 1903 351 1968 pus,
367 1884 423 1970 qui
438 1892 488 1949 est
503 1885 537 1947 in
552 1884 601 1948 his
616 1885 741 1949 ensibus
768 1882 869 1968 judex
894 1883 1169 1966 suffraganeorum
1192 1894 1228 1950 et
1251 1902 1358 1948 eorum

248 2026 264 2062 a
280 1999 471 2078 officialium,
489 2000 516 2066 si
536 2001 723 2084 porrigatur
738 2001 872 2085 querela
892 2019 952 2082 per
967 2007 1189 2082 promotorem
1202 1999 1354 2074 fiscalem,

247 2141 262 2178 c
278 2116 332 2184 vel
354 2136 415 2200 per
433 2117 600 2182 subditum
619 2115 823 2200 suffraganei,
841 2124 876 2181 et
893 2115 1106 2181 verificantur
1128 2117 1287 2200 exposita,
1309 2132 1360 2199 pe

247 2259 262 2294 a
277 2234 356 2298 terii
375 2232 535 2298 vicarium
558 2231 751 2316 suffraganei
771 2231 1103 2296 excommunicatione
1128 2231 1259 2314 punire,
1285 2248 1359 2314 prm

247 2351 330 2416 avia
351 2348 611 2416 demersionis.»
637 2348 833 2433 (Memaceni,
861 2355 954 2430 parte
976 2351 1008 2425 3,
1032 2347 1131 2413 titulo
1147 2351 1176 2425 1,
1202 2353 1281 2414 ante
1299 2345 1359 2412 ior·

245 2467 369 2532 mulam
386 2467 423 2532 sl
434 2463 455 2549 .)

288 2583 360 2664 Quo
378 2587 576 2665 praenotato,
598 2578 739 2646 formula
766 2579 952 2644 concinnari
979 2578 1102 2661 poterit
1128 2585 1166 2644 nt
1186 2580 1356 2663 aequiter:

291 2702 372 2762 Visis
390 2702 467 2760 actis
487 2704 516 2760 et
527 2699 651 2778 paribus
670 2715 771 2760 coram
789 2697 874 2758 scobis
892 2696 1048 2773 ecbibitis,
1068 2714 1107 2757 ea
1128 2697 1238 2774 quibas
1250 2701 1359 2758 constat
1444 2769 1445 2772 Ἴ

246 2818 283 2880 ne
306 2805 463 2896 rejectione
477 2815 702 2896 appellationis,
722 2832 779 2894 per
795 2815 850 2890 N„
876 2814 959 2892 infra
982 2813 1151 2892 lepitimnm
1176 2818 1304 2892 tempas,
1324 2811 1360 2872 acl

246 2939 382 2995 nostram
403 2931 537 2994 tribnnal
555 2935 752 3011 interposita,
770 2930 921 2992 odecreto
940 2927 1002 3012 (sen
1015 2932 1166 2990 sententia
1184 2933 1249 2989 cim
1263 2926 1361 3004 defini

249 3054 319 3112 tica
328 3042 463 3130 liabemc)
473 3051 557 3127 juris
571 3048 677 3110 ordine
690 3051 808 3108 sarecto
823 3046 885 3108 lato
902 3043 964 3130 (sen
977 3039 1053 3125 lata)
1068 3047 1223 3106 aVicam'a
1236 3043 1362 3124 pencrcli

249 3167 390 3246 Episcopi
399 3166 439 3227 Ν.
443 3211 454 3244 ,
471 3167 569 3226 nostri
586 3164 783 3242 saffrapaaci,
802 3166 836 3224 in
850 3179 941 3224 caasa
953 3166 1087 3222 vertente
1100 3164 1183 3222 inter
1197 3163 1298 3240 ipacm
1313 3177 1361 3239 cp·

245 3281 422 3360 pallantem,
441 3286 470 3340 et
485 3281 524 3342 N.
536 3297 575 3340 ee
588 3280 686 3340 aliern
696 3285 785 3359 parte
797 3296 807 3340 .·
824 3282 889 3340 nisa
903 3281 1075 3340 enecassem
1082 3277 1231 3357 jcul'mntc,
1244 3295 1306 3338 non
1318 3277 1362 3336 ab·

249 3401 348 3458 stante
366 3394 544 3456 inhibitione
563 3398 662 3456 nostri
675 3395 853 3471 tribnnalia·
868 3412 903 3454 ae
925 3397 1087 3456 monitione
1104 3409 1171 3454 cnm
1187 3391 1362 3474 pransione

251 3516 373 3574 termini
393 3512 434 3574 ad
452 3512 681 3592 componendam
702 3517 732 3572 ct
756 3512 959 3591 alienandum,
977 3516 1048 3588 cta,
1066 3510 1121 3572 snb
1139 3525 1232 3589 pana
1253 3525 1362 3571 emnam·

250 3632 462 3692 manicationis
483 3633 589 3690 eontra
611 3629 725 3690 dietam
754 3631 902 3690 vicariam
928 3633 1068 3704 enecata·
1087 3632 1117 3688 ct
1143 3631 1264 3688 nitente
1280 3625 1362 3688 illins

250 3747 434 3807 contumacia
445 3761 456 3803 .·
468 3745 596 3806 dicimos
606 3749 635 3806 et
650 3745 836 3806 declaramus
848 3745 961 3806 cliotnm
977 3746 1131 3806 Vicnrinm
1139 3743 1308 3824 peneralem
1322 3741 1359 3804 Ν.

252 3862 285 3920 in
298 3858 393 3936 officio
413 3865 443 3920 et
455 3863 599 3921 emereitio
612 3859 838 3939 jurisdictionis
851 3863 988 3940 praviter
1001 3860 1174 3938 deliquisse,
1195 3865 1226 3922 et
1240 3855 1362 3939 jnrisoli·

250 3979 376 4038 ctionem
396 3975 674 4059 archiepiscopalem
696 3981 726 4037 et
745 3977 1006 4056 metropolitanam
1023 3975 1150 4052 lasissc,·
1168 3980 1199 4036 et
1209 3978 1360 4054 propterea

251 4109 313 4152 csse
323 4092 821 4170 cncommnnicnndnm,·prontNos
831 4110 896 4154 enm
908 4096 1207 4168 excommnnicamns‚
1217 4096 1247 4152 et
1257 4103 1359 4150 eman·

251 4211 435 4270 manicatam
464 4225 525 4267 csse
547 4208 750 4285 declaramus·
763 4209 883 4288 palliae
900 4207 957 4288 per
979 4207 1154 4286 effictionem
1178 4206 1353 4276 eeclnlonmn,

254 4327 316 4384 tam
327 4327 360 4384 in
369 4323 424 4384 iac
434 4328 552 4400 nostra,
562 4341 651 4402 qaam
660 4327 694 4385 in
708 4328 831 4386 civitate
843 4326 873 4387 Ν
876 4371 899 4402 .,
907 4325 1085 4386 decentiam
1097 4324 1234 4385 eolnmas
1244 4328 1274 4385 et
1283 4334 1356 4382 mas·

252 4443 375 4512 damae·
389 4456 455 4500 cnm
472 4441 618 4517 clansala,
637 4442 716 4519 qnod
733 4447 913 4518 amoventes,
928 4441 1092 4502 lacerantes
1110 4440 1159 4500 vel
1175 4439 1353 4516 deturpantes
