2930 5114
276 371 338 436 562
616 383 804 432 assereres
826 385 870 431 ur
892 383 1042 434 sumens.

250 579 252 584 ,
271 533 330 596 qna
347 515 536 575 continentur
549 513 757 592 annuntiares,
777 528 853 591 qnos
863 514 927 591 ipse
939 512 1015 589 iacit
1028 517 1134 575 contra
1147 515 1273 577 oddrtcta
1289 515 1365 577 oda-

271 635 352 694 mino
359 632 400 694 N.
411 631 579 704 recasaata·
591 626 702 688 etmihi
708 630 806 708 jussit
821 631 857 689 ai
873 626 1003 688 dominis
1017 629 1145 691 arbitris
1158 637 1363 712 prasentarnn.

272 749 358 828 Qnod
373 745 643 827 mmperscaisscm,
657 745 798 825 praedicti
809 745 924 807 domini
938 745 1050 806 arbitri
1061 748 1328 827 mandarantmibi‚
1338 754 1368 809 ut

142 912 152 934 .
271 882 337 925 carn
351 867 431 924 inter
446 868 513 922 acto
529 864 704 939 insererem·
713 861 946 942 modorandi,
964 863 1112 941 siquando
1129 881 1194 925 eam
1205 882 1368 940 namara...‚·

270 985 300 1042 et
317 982 465 1061 incipit...
480 983 509 1039 et
520 977 672 1039 desinit...
691 977 729 1039 In
741 994 866 1055 quornm
878 976 982 1056 fidem,
1001 996 1054 1058 cao
1073 982 1113 1043 Ν.
1126 985 1286 1044 acinarios.
1302 1004 1316 1040 n

191 1088 196 1096 '
314 1095 347 1159 i.
373 1093 405 1158 Si
427 1090 531 1178 judex
554 1098 722 1157 recusatus
737 1092 771 1154 in
789 1091 945 1175 praedicta
971 1091 1131 1178 scriptura
1157 1103 1257 1161 testes
1279 1095 1369 1160 abere

269 1209 464 1278 documenta
486 1204 692 1291 produxerit,
711 1205 827 1272 horum
842 1227 980 1274 examen
999 1208 1056 1274 fiat
1078 1209 1120 1275 ab
1142 1208 1370 1290 arbitrariam

268 1327 342 1394 fieri
363 1327 445 1392 solet
464 1325 499 1389 iu
519 1323 648 1410 iudiciis
663 1323 853 1410 ordhrarbs3
872 1333 971 1412 atque
989 1325 1071 1392 illud
1086 1328 1185 1393 etiam
1203 1328 1370 1394 exameuiu

268 1445 347 1510 actis
359 1450 511 1528 ponatur.
529 1441 601 1522 Quo
615 1447 749 1526 peracto
767 1442 953 1509 remanebit
967 1441 1141 1510 dumtaxat
1158 1442 1293 1511 terenda
1308 1462 1370 1510 seu-

267 1561 382 1627 tentia.

784 1810 799 1883 5
823 1803 867 1870 ΙΙ.

626 2027 736 2080 romula
750 2029 869 2080 sententie
885 2029 1037 2081 arbitrorum.

315 2285 332 2324 «
343 2265 382 2326 In
390 2265 509 2325 nomine
522 2261 696 2324 individua
709 2263 914 2326 sanctissima
926 2263 1148 2324 Trinitatis-
1159 2265 1223 2326 Nos
1232 2265 1270 2328 Ν.
1287 2269 1316 2326 rt
1325 2265 1370 2338 ii..

267 2379 382 2445 arbitri
392 2380 580 2464 jnrtsetccti,
600 2383 630 2441 et
638 2383 800 2460 respective
812 2397 832 2440 a
840 2379 981 2460 partibas
995 2380 1141 2442 destinati
1154 2380 1197 2444 ad
1207 2385 1374 2444 sententian·
1440 2367 1441 2410 f

268 2500 340 2562 darn
350 2502 383 2561 in
394 2515 484 2560 cansa
500 2499 698 2558 recusationis
707 2499 739 2557 in
743 2496 889 2576 jadicem,
903 2498 1020 2574 soctan
1031 2495 1153 2560 donnino
1168 2499 1200 2560 N
1202 2545 1224 2576 .,
1240 2503 1373 2580 pretam

267 2633 328 2693 reo,
347 2613 384 2679 de
394 2631 524 2696 persona
538 2613 693 2675 reverendi
709 2615 763 2689 m,
784 2615 900 2676 Vicorii
915 2613 1090 2693 emeratis:
1105 2618 1290 2678 examinatis
1303 2618 1373 2678 testi-

268 2733 322 2795 bus
343 2737 374 2794 ct
383 2730 610 2812 probationibus
628 2730 697 2792 binc
713 2729 784 2792 inde
798 2729 967 2810 prostratis,
988 2735 1018 2792 et
1033 2729 1151 2793 caditis
1159 2733 1313 2813 partibas,
1325 2749 1373 2812 pro

268 2853 298 2912 et
315 2855 419 2912 contra
430 2847 676 2928 informantibus,
694 2847 838 2926 pleneque
856 2846 998 2909 discnssis
1017 2865 1114 2908 caasa
1141 2853 1276 2928 meritis,·
1293 2851 1372 2911 Deam

270 2967 377 3046 solnm,
397 2969 494 3027 omnis
504 2966 638 3045 institia
656 2965 780 3043 fontem,
796 2979 863 3043 pra
876 2963 970 3024 acatis
985 2958 1137 3042 babentes,
1161 2965 1290 3027 dicimns
1304 2965 1374 3027 natio

269 3083 367 3162 modo,
382 3099 435 3145 nco
443 3082 533 3163 piene
542 3099 595 3142 nec
604 3081 785 3162 semi-pieac,
802 3085 939 3142 constare
949 3079 986 3141 dc
995 3097 1085 3142 cansa
1098 3087 1222 3144 asserta
1231 3085 1375 3145 recusatio·
1438 3137 1439 3160 ¹

269 3203 329 3278 nis,
338 3203 416 3280 pata
427 3199 516 3279 qood,
532 3203 587 3260 ote.
611 3194 656 3281 (et
671 3193 723 3258 hie
736 3193 938 3278 exprimatur
951 3208 1046 3260 causa
1061 3193 1112 3260 vel
1122 3213 1228 3261 eausae
1241 3195 1373 3263 adducta

267 3333 328 3399 pro
343 3311 556 3379 fundamento
579 3311 732 3396 legitima
758 3308 994 3396 recusationis).
1016 3313 1151 3376 Proinde
1176 3319 1373 3379 sentendonrs

266 3435 665 3516 pradictomrecasotioncm
680 3429 795 3492 nattins
805 3431 1006 3508 esseratoris,
1021 3433 1051 3490 et
1064 3447 1123 3510 per
1137 3449 1203 3493 eam
1212 3429 1374 3495 nnttomodo
1437 3513 1438 3524 ἵ

270 3551 412 3632 impediri
425 3551 634 3611 anctoritatem
648 3547 837 3609 ordinariam
860 3547 1016 3608 reverendi
1037 3547 1092 3625 N„
1113 3549 1231 3610 Vioorii
1243 3547 1374 3630 emeratis

265 3673 297 3730 et
305 3667 421 3748 jadicis
435 3666 595 3740 ordinarii,
611 3667 768 3744 qnominns
780 3681 902 3725 cansam
914 3667 1018 3725 contra
1036 3663 1220 3744 praedictam
1235 3665 1372 3728 dannan

271 3785 313 3847 Ν.
331 3787 480 3862 inceptam
496 3779 570 3866 (sice
587 3776 802 3864 incipiendam)
829 3767 1038 3860 prosemcatar.
1055 3781 1106 3843 ito
1124 3785 1373 3862 nrmnntiooinrs

271 3899 327 3961 trac
352 3900 457 3975 die...‚
475 3901 640 3976 mensis...,
671 3914 791 3960 anno...
808 3897 931 3978 —qu
951 3899 1006 3976 N„
1039 3898 1165 3962 arbiter.
1184 3901 1307 3980 -qu
1324 3897 1367 3970 r..
1436 3927 1437 3995 r

271 4015 395 4078 arbitrr.
417 4044 461 4061 «-
478 4015 543 4094 Eoo
560 4013 616 4091 N„
639 4013 804 4076 mirarier.
827 4033 843 4073 >s

315 4131 347 4196 Si
368 4133 477 4196 autem
509 4140 606 4194 causa
630 4127 841 4194 recusationis
863 4127 966 4194 fuerit
991 4127 1129 4214 probata
1151 4125 1268 4197 saltem
1289 4121 1369 4196 seui·

272 4248 387 4332 plene,
410 4245 568 4313 dicatur:

319 4385 336 4426 u
353 4366 392 4428 In
407 4367 537 4443 nanim,
560 4369 618 4428 etc.
642 4361 692 4449 (ut
709 4371 807 4446 supra
825 4378 929 4450 aeque
946 4362 998 4429 ad·
1009 4361 1111 4430 verba
1136 4359 1288 4448 animas).
1305 4362 1369 4427 Diri·

270 4499 337 4544 mas
348 4481 530 4560 sufficienter
546 4487 681 4543 constare
700 4483 840 4544 derauso
857 4489 980 4546 ossertoe
993 4485 1204 4561 recusationis,
1220 4488 1305 4564 pato,
1322 4483 1365 4540 etc.
