2914 5122
458 327 538 376 raus
560 327 718 375 secunus.
1106 309 1167 372 tlh

87 456 190 520 «semel
209 474 272 538 per
285 457 435 518 decretum
450 456 570 518 conara
583 452 757 530 declarata,
775 448 987 516 incumbebat
1005 449 1172 534 Episcopis

86 591 231 656 «purgare
251 573 452 655 provinciam
467 570 645 656 orbemque
670 569 882 635 christianum
903 567 944 633 ab
966 565 1025 644 his,
1044 568 1100 654 qni
1112 567 1169 634 illa

85 689 154 770 «ipsa
171 689 287 754 inlecti
309 696 414 755 eraut.
434 688 591 768 Quocirca
607 687 633 752 si
647 686 809 770 Episcopi,
828 684 855 750 si
877 683 1020 783 delegati
1039 684 1171 768 papales

85 806 128 870 uin
147 803 344 872 dioecesibus
358 805 595 889 provinciisque
617 803 825 868 conciliorum
845 800 1031 884 exemplum
1055 820 1170 886 seque-

85 951 92 970 ιι
107 919 223 997 bantur,
247 919 326 983 nihil
343 918 462 983 insoliti
473 916 679 982 audebant...
697 918 800 982 Sicuti
819 935 897 981 vero
913 916 973 981 hoc
986 914 1081 984 valde
1099 924 1171 980 irro-

84 1067 90 1086 «
106 1039 197 1116 pctore
216 1043 301 1114 erat,
318 1037 364 1102 ita
386 1043 480 1102 extra
494 1053 570 1099 eum
585 1054 695 1100 casum
710 1035 744 1099 iu
763 1032 951 1098 criminibus
969 1031 1171 1103 vindicandis

84 1160 278 1218 naccusatore
298 1171 380 1234 opus
391 1159 482 1233 erat;
501 1149 584 1214 adea
602 1158 641 1215 ut
653 1151 751 1214 eham
766 1150 799 1213 in
821 1151 1044 1214 visitationibus
1061 1155 1173 1232 episeo-

83 1271 206 1347 «patitas
217 1265 335 1334 eadem
348 1285 458 1332 rerum
471 1266 570 1332 facies
581 1264 692 1342 fuerit,
710 1271 785 1330 utut
797 1263 900 1332 forma
915 1283 1027 1330 earnm
1041 1265 1172 1350 antiqua

83 1384 235 1466 rproxime
248 1380 290 1449 ad
302 1390 526 1465 inquisitoribus
539 1385 696 1466 quemdam
709 1402 880 1464 processum
895 1382 1049 1447 inclinare
1067 1380 1173 1448 video·

83 1472 189 1566 «turs.
207 1501 321 1565 Testes
336 1496 519 1582 synodales,
537 1498 610 1562 loco
620 1505 846 1564 accusatorum
856 1497 955 1564 inisse
969 1495 1136 1564 videntur.
1153 1529 1165 1551 ι·

80 1614 277 1696 (Bohemerns,
299 1619 356 1680 lus
380 1618 609 1678 ecclesiasticum
633 1620 880 1702 progestaatiaua,
911 1612 968 1680 lib.
999 1615 1030 1692 5,
1055 1615 1108 1680 tit.
1138 1619 1167 1693 1,

78 1729 156 1815 tit)

107 1849 299 1915 Pnorosrrlo
313 1849 368 1914 11².
383 1885 428 1895 -—
438 1850 644 1911 Innocentium
656 1850 850 1928 Illprimum
863 1850 958 1927 fuisse
977 1854 1029 1928 qui
1047 1853 1171 1928 iaquisi-

78 1970 166 2028 tcriam
182 1969 311 2045 sormam
324 1967 492 2044 induxerit,
511 1984 570 2028 aaa
587 1966 707 2028 videtur
721 1969 853 2044 rigorose
864 1966 1037 2045 probatura.
1049 1965 1173 2030 -Non

76 2082 240 2163 ignoramus
266 2101 337 2148 eam
362 2081 561 2166 generaliter
581 2080 755 2147 invaluisse
773 2080 1058 2168 opinionemque
1078 2083 1174 2150 lnno·

77 2199 165 2261 centio
186 2199 233 2263 ΙΙΙ
253 2195 370 2262 tribuit
395 2197 586 2282 inquisitorii
611 2215 799 2280 processus,
824 2196 912 2262 inter
937 2197 1116 2274 ordinarias
1140 2179 1176 2264 et

77 2316 224 2380 unonicas
253 2312 454 2398 procedendi
480 2313 620 2392 formas,
653 2311 939 2380 introductionem.
971 2313 1012 2380 ld
1044 2306 1176 2382 Thoma-

77 2431 129 2495 sius
149 2438 180 2496 et
199 2430 410 2507 Bnhemerns,
430 2437 648 2513 protestantes
666 2429 774 2508 ambo,
790 2431 941 2513 gnaviter
954 2439 1172 2516 propugnant,

77 2554 103 2610 et
117 2546 284 2612 clarissimo
307 2544 458 2612 Pontifici
478 2546 603 2611 crimini
618 2553 773 2612 vertunt:
790 2545 824 2610 id
840 2547 995 2630 permulti
1011 2546 1174 2632 iidemque

78 2662 234 2742 clarissimi,
251 2662 447 2730 acatholicis
459 2664 567 2740 etiam,
578 2663 764 2746 scriptores,
775 2661 972 2747 admittunt;
987 2671 1086 2747 atque
1097 2661 1174 2728 inde

77 2778 231 2858 praefatum
248 2777 454 2856 Pontificem,
472 2784 587 2860 utpote
603 2777 644 2842 de
657 2796 693 2842 re
704 2777 861 2842 catholica
875 2778 996 2862 optime
1008 2778 1172 2857 meritum,

76 2901 106 2957 et
124 2896 320 2978 perfectioris
345 2892 577 2960 hodiernorum
601 2893 796 2978 populorum
831 2893 1039 2977 legislationis
1060 2913 1180 2976 paren·

78 3017 149 3090 tem,
172 3014 302 3078 summis
326 3010 479 3078 laudibus
507 3010 679 3076 extollunt.
702 3012 742 3077 Et
766 3010 919 3096 quidem,
948 3010 976 3075 si
1000 3009 1043 3076 de
1070 3031 1108 3078 ea
1139 3031 1175 3078 re

79 3128 159 3208 plene
172 3137 308 3206 constet,
320 3128 414 3194 'absit
432 3134 469 3192 ut
486 3127 568 3192 tanti
583 3126 654 3203 viri,
679 3135 713 3192 et
728 3136 765 3192 ut
781 3129 893 3194 vocari
914 3128 1008 3206 solet,
1025 3133 1120 3210 Papa
1139 3132 1178 3194 te-

79 3248 215 3321 pistatoris
236 3246 344 3330 gloriae
368 3241 545 3337 quidquam
566 3240 742 3308 detrahere
766 3243 919 3308 nitamur.
942 3242 982 3309 Id
1008 3243 1178 3310 dumtaxat

79 3359 284 3430 adnotandum
302 3361 465 3438 dussimus,
486 3359 616 3426 omnino
632 3357 755 3424 validas
772 3380 838 3427 non
858 3359 963 3426 videri
984 3361 1139 3438 rationes
1158 3381 1177 3426 a

80 3471 160 3542 dictis
179 3475 368 3543 auctoribus
387 3473 507 3540 adduci
521 3472 640 3550 solitas,
663 3481 701 3538 ut
714 3472 849 3555 factum,
870 3472 912 3540 de
929 3493 994 3560 quo
1014 3474 1177 3560 indagatio

80 3597 129 3670 est,
146 3591 380 3658 demonstrent.
395 3591 487 3668 Nam,

119 3711 145 3772 1⁰
156 3711 203 3774 De
218 3727 374 3793 processu
386 3705 588 3792 inqar’usitorio
598 3704 743 3770 locutum
753 3707 977 3774 Innocentium
991 3709 1043 3774 Ill
1055 3711 1176 3793 reperi·

80 3837 149 3902 mus,
163 3844 225 3891 non
241 3831 397 3910 tanquam
409 3821 451 3887 de
465 3841 549 3888 nova
561 3828 595 3886 et
610 3820 651 3886 ab
666 3821 737 3904 ipso
751 3823 873 3906 sancita
887 3823 1101 3904 institutione,
1117 3825 1177 3897 sed

81 3938 173 4016 potius
183 3946 337 4026 tanquam
352 3938 394 4004 de
409 3938 576 4004 obtinente
584 3935 651 4022 jam
665 3943 699 4001 et
709 3937 1077 4008 notaomnibusforma:
1101 3973 1111 3995 α
1127 3942 1177 4011 bd

84 4055 314 4140 ‹1¹corrigendos
335 4055 543 4120 subditorum
565 4072 726 4130 excessus,
748 4054 863 4139 inquit,
886 4061 977 4122 tanto
993 4057 1179 4141 diligentius

88 4193 97 4214 r
113 4165 368 4238 debetPraelutus
382 4188 564 4254 assurgere,
586 4173 707 4254 quanto
726 4167 940 4238 damnabilius
955 4190 1067 4238 eorum
1083 4173 1180 4242 offen·

90 4309 106 4366 ‘.
117 4301 161 4348 sas
177 4283 344 4354 desereret
359 4288 567 4354 incorrectus.
585 4287 704 4354 Contra
714 4304 795 4373 quos
812 4285 860 4373 (ut
877 4286 919 4354 de
933 4290 1067 4356 notoriis
1078 4297 1180 4359 taeen-

91 4397 185 4504 dur),
196 4411 250 4467 etsi
267 4407 473 4504 triturandis
482 4406 717 4488 passitprocedi,
730 4424 788 4486 per
801 4409 1176 4488 maasatiaaergraaidclr'eet,
