2914 5122
512 353 589 401 rans
612 353 770 401 saeuum.
1152 337 1191 400 83

96 483 179 548 etiam
193 481 341 546 Ecclesiae
354 498 445 543 mens
456 486 491 544 et
507 480 624 562 praxis.
645 479 683 542 In
701 477 810 562 primis
829 477 926 554 enim,
947 476 1026 541 dum
1047 478 1194 543 instituto

95 617 233 682 processu
262 604 376 662 notum
399 595 438 660 fit
463 595 496 660 in
515 601 583 661 tota
602 595 709 679 aliqua
728 595 860 678 regione
882 593 1039 660 delictum
1063 591 1194 680 aliquod

95 724 176 780 antea
187 713 359 788 occultum,
380 711 551 789 incutitur,
566 729 743 795 numquam
766 727 832 774 non
845 709 1035 793 lugendum,
1052 707 1196 776 scandali

95 833 212 914 vulnus3
233 838 331 914 atque
347 849 387 894 eo
402 830 499 893 altius
519 827 666 904 infixum,
689 825 778 911 quod
794 825 987 912 delinquens
1005 827 1134 892 clariori
1147 828 1195 891 in-

94 949 238 1031 tegritatis
252 947 339 1011 fama
354 945 552 1028 potiebatur,
572 945 816 1010 eminentiorive
836 951 938 1010 status
963 943 1121 1010 clericalis
1139 949 1196 1009 aut

94 1063 271 1148 dignitatum
287 1062 576 1128 ecclesiasticarum
597 1059 702 1144 gram
727 1061 902 1126 eminebat.
932 1063 999 1127 Nec
1025 1060 1199 1146 objiciatur

95 1180 200 1244 nalum
228 1175 389 1262 ejusmodi
403 1195 443 1241 ex
466 1175 552 1242 bono
579 1175 731 1242 vindictae
761 1176 898 1260 publicae
923 1177 1149 1261 compensari:
1170 1177 1197 1240 si

96 1295 169 1359 enim
181 1300 408 1376 compensetur
423 1298 562 1368 tantum,
576 1291 739 1357 inutiliter
752 1291 916 1358 adhibitus
928 1311 1098 1376 processus
1113 1314 1119 1357 :
1136 1292 1197 1357 sed

95 1429 185 1494 neque
199 1429 314 1474 verum
327 1416 376 1475 est
391 1407 461 1473 dari
473 1408 665 1492 plerumque
676 1407 925 1491 aequivalentem
943 1409 1031 1474 illam
1045 1429 1197 1494 compen·

97 1527 246 1592 sationem.
263 1524 359 1607 Quod
376 1543 449 1589 cum
461 1522 606 1589 adducto
618 1523 808 1607 particulari
817 1544 893 1589 casu
907 1525 1033 1590 facilius
1047 1527 1197 1592 aestimari

96 1644 191 1724 possit,
205 1659 424 1728 supponamus
440 1643 490 1726 agi
502 1659 631 1707 causam
650 1639 793 1725 parochi,
812 1639 854 1706 de
870 1659 935 1726 quo
950 1661 969 1706 a
984 1643 1094 1708 multis
1106 1646 1197 1708 annis

95 1760 286 1842 integerrima
304 1758 401 1836 fama,
428 1760 492 1823 imo
509 1765 543 1823 et
569 1758 747 1822 sanctitatis
762 1757 870 1840 opinio
895 1757 1084 1843 invaluerit3
1104 1759 1195 1844 cujas

95 1882 188 1940 tamen
206 1874 378 1960 aliquando
402 1881 528 1939 secreto
544 1871 691 1957 quaedam
715 1873 859 1938 facinora
875 1893 958 1938 unus
973 1881 1029 1940 aut
1054 1875 1138 1939 alter
1151 1877 1197 1942 ita

95 1977 257 2069 resciverit,
275 1999 313 2057 ut
338 1989 528 2055 sufficientia
551 1987 821 2073 adprobandum
845 1989 963 2055 indicia
987 1992 1196 2076 suppeditare

94 2108 188 2188 possit.
203 2108 233 2171 si
248 2125 302 2171 res
319 2105 437 2180 evadat
449 2103 590 2187 publica,
613 2103 723 2169 multis
737 2113 826 2169 certe
845 2103 1006 2171 debilibus
1023 2115 1139 2192 verget
1164 2110 1197 2173 in

93 2221 159 2287 idei
178 2233 211 2288 et
225 2221 353 2307 pietatis
368 2223 515 2298 ruinam,
535 2239 709 2304 ausamque
733 2220 892 2303 prebebit
909 2223 1072 2307 religionis
1090 2225 1197 2292 catto

93 2338 150 2404 lica
163 2339 317 2416 hostibus,
340 2339 512 2403 insacrum
532 2335 745 2401 hierarchiam
770 2338 935 2424 ipsamque
954 2341 1072 2407 Christi
1085 2343 1197 2408 Eccle-

93 2455 158 2520 siam
179 2453 410 2521 debacchandi.
431 2455 536 2534 Quem
555 2451 708 2518 ellectum
727 2454 781 2516 vix
806 2455 1002 2538 temperabit
1026 2461 1193 2525 sententiae

92 2569 284 2638 damnatorias
304 2571 358 2637 vel
372 2572 527 2635 maximus
549 2571 647 2653 rigor.
672 2570 798 2636 sivero
820 2579 899 2637 tunc
912 2571 1016 2656 judex
1032 2577 1194 2660 evangeli·

92 2705 151 2752 cam
167 2688 334 2753 dumtaxat
366 2685 667 2763 denuntiationem,
702 2705 766 2751 non
799 2706 877 2752 vero
907 2687 1092 2772 judicialem
1111 2695 1194 2759 reoi-

91 2802 158 2882 piat,
176 2823 246 2888 spes
265 2805 331 2868 erit
346 2798 531 2867 obtinendae
550 2799 671 2883 perditi
689 2801 751 2864 viri
770 2799 1016 2882 emendationis,
1040 2807 1129 2872 salvo
1145 2808 1193 2872 iu-

91 2925 177 3000 terea,
191 2917 279 3006 quod
294 2919 426 2983 maximi
440 2919 587 2994 interest,
603 2935 622 2980 a
637 2915 779 2982 scandali
794 2919 886 2984 ruina
902 2922 1033 3003 populo.
1053 2922 1151 3002 Quod
1166 2927 1192 2989 si

91 3045 209 3118 paterna
231 3036 394 3102 correctio
416 3053 482 3098 uon
497 3031 656 3117 proficiat,
676 3034 775 3099 satius
791 3042 842 3100 est
865 3037 1012 3118 permitti
1029 3048 1190 3106 secretam

91 3141 293 3238 cuiusquam
312 3149 501 3224 multorum,
522 3145 747 3232 perditionem.
1098 3137 1104 3145 ’

126 3272 196 3336 Eam
214 3275 468 3352 veroperpetuo
487 3266 585 3330 fuisse
597 3267 750 3332 Ecclesiae
765 3276 920 3348 mentem,
938 3272 1047 3338 multis
1058 3277 1190 3345 suaderi

92 3383 275 3452 documentis
291 3381 435 3450 videtur.
454 3383 564 3448 Innuit
581 3383 738 3466 imprimis
749 3385 817 3468 ipsa
829 3405 1000 3469 processus
1014 3393 1188 3462 criminalis

92 3520 197 3581 norma,
216 3503 345 3588 qualem
369 3519 430 3584 per
451 3497 603 3564 undecim
619 3500 750 3566 circiter
773 3503 890 3568 saeculn
917 3505 1057 3589 viguisse
1089 3531 1187 3597 supra

94 3619 287 3698 probavimus.
301 3617 453 3685 Nondum
468 3617 588 3682 scilicet
600 3618 632 3682 in
644 3617 839 3684 ordinariam
851 3627 885 3685 et
895 3618 1077 3704 generalem
1086 3635 1189 3696 trans·
1246 3607 1248 3612 ,

94 3733 279 3819 ieratjudicis
294 3755 334 3800 ex
349 3731 452 3800 officio
467 3733 660 3816 inquirentis
674 3734 849 3820 instituti03
866 3735 924 3802 scd
940 3741 1053 3823 regula
1065 3753 1137 3809 erat
1148 3756 1186 3811 ut

94 3850 138 3932 qui
147 3851 183 3916 ab
196 3853 309 3936 aliquo,
322 3851 355 3914 in
365 3867 493 3934 poenam
503 3849 632 3913 talionis
641 3867 711 3914 sese
722 3849 931 3930 inscribente‚
942 3873 1008 3920 non
1019 3863 1188 3928 accumba-

96 3969 149 4042 tur,
167 3967 368 4032 condemnari
389 3985 453 4030 non
468 3971 588 4047 posset,
606 3964 667 4028 nisi
680 3961 809 4029 aliunde
823 3973 973 4032 notoriam
992 3971 1082 4041 foret
1105 3977 1186 4046 deli-

99 4085 180 4146 ctam.
193 4083 256 4149 llec
269 4082 438 4168 ignorabat
454 4080 595 4146 Ecclesia
608 4099 668 4164 per
683 4080 843 4166 ejusmodi
852 4084 1065 4158 institutuma
1079 4101 1185 4177 poenis

101 4190 231 4263 immunia
242 4199 312 4265 sreri
332 4197 434 4264 multa
450 4195 577 4261 occulta
598 4192 729 4274 delicta}
746 4215 828 4282 que,
851 4198 995 4269 adhibita
1010 4207 1184 4278 denuntia·

105 4306 173 4374 lione
187 4321 217 4377 et
229 4315 440 4400 inquisitione,
455 4313 565 4398 detegi
578 4320 611 4377 et
629 4311 728 4395 plecti
740 4315 931 4396 potuissent.
949 4322 1035 4402 Quid
1047 4325 1113 4392 ita?
1125 4331 1184 4396 nisi

110 4421 177 4502 quod
185 4428 284 4494 utilius
294 4429 437 4498 Ecclesia
456 4434 526 4493 toto
548 4427 609 4492 hoc
624 4429 817 4495 seculorum
832 4439 940 4499 tractu
964 4440 1181 4525 aestimaverit,
