2914 5122
502 357 582 407 nans
603 357 763 413 sacrans·
828 381 832 392 ·
1101 333 1186 414 'tit

94 481 279 548 subtectione
294 485 323 558 t,
342 500 413 566 cap.
428 485 460 560 3,
481 487 498 562 5
513 485 544 558 2,
564 504 596 548 n.
609 482 654 568 2),
673 489 784 550 utrum
798 481 841 548 ad
855 483 1105 567 procedendum
1114 505 1192 552 con-

93 606 132 664 tra
144 618 229 664 rcum
245 596 381 663 sufficiat
395 597 609 677 denuntiatio,
626 620 667 664 au
677 619 757 666 vero
773 601 958 685 requiratur
966 601 1061 668 simul
1071 605 1191 686 praevia

92 713 125 778 de
137 715 261 779 crimine
277 714 374 782 fama.

126 831 175 894 lll.
194 831 225 895 Si
241 830 442 914 procedatur
458 851 518 916 per
536 853 648 896 meram
666 839 975 915 impudicitiarum,
993 834 1104 913 idest,
1121 835 1192 902 abs·

91 964 141 1030 quc
164 948 228 1012 ullo
243 955 432 1014 accusatore
451 957 507 1014 aut
531 948 774 1028 denuntiatorc,
796 959 876 1017 tunc
899 952 1029 1017 omnino
1055 971 1188 1018 necesse

91 1071 129 1126 est
142 1065 337 1146 praecessisse
353 1064 518 1148 publicam
529 1063 573 1130 de
592 1065 727 1130 crimine
744 1065 874 1130 famam.
897 1066 1039 1132 Debebit
1053 1086 1131 1151 ergo
1140 1066 1190 1152 ju·

90 1177 225 1245 durante
247 1181 354 1245 omnia
374 1201 561 1264 processum
588 1182 760 1248 instituere
782 1181 824 1247 de
845 1183 912 1266 ipsa
927 1183 1012 1249 fama
1036 1183 1187 1268 publica;

89 1293 201 1360 inhunc
214 1296 456 1373 scilicetfiuem,
474 1303 511 1362 ut
521 1298 581 1382 ipsi
589 1295 787 1382 judicialiter
798 1305 934 1376 constet,
950 1307 1061 1364 utrum
1073 1319 1190 1367 revera

93 1413 194 1476 existat
210 1413 295 1478 lama
314 1411 382 1477 haec
402 1413 515 1478 necne.
538 1415 646 1479 Prima
670 1412 808 1496 proinde
825 1419 971 1499 operatio
993 1417 1056 1482 erit
1074 1422 1186 1494 testes,

93 1525 125 1592 dc
137 1527 194 1594 boc
206 1531 275 1612 ipso
293 1527 548 1613 interrogandos,
564 1531 665 1596 citare
681 1540 715 1597 et
726 1521 920 1598 examinare.
936 1533 1017 1598 Cum
1027 1541 1136 1600 autem
1147 1531 1189 1598 de

93 1643 166 1710 lacto
191 1645 261 1728 ipso
283 1645 378 1711 iumae
401 1646 540 1730 publicae
561 1649 754 1726 constiterit,
772 1657 851 1714 tunc
870 1654 997 1715 tantum
1019 1649 1190 1716 decretum

91 1761 205 1826 emittet
223 1760 266 1826 de
290 1762 427 1827 ulterius
443 1771 555 1828 contra
576 1761 774 1828 diffamatum
789 1764 1011 1848 procedendo.
1041 1763 1136 1832 Unde
1156 1766 1190 1830 in

91 1873 139 1940 lac
153 1876 352 1959 procedendi
367 1880 429 1956 via,
445 1898 509 1943 non
525 1879 680 1964 incipitur
696 1898 758 1963 per
779 1879 875 1946 ullam
891 1879 992 1946 libelli
1012 1881 1189 1964 porrectio-

90 2009 163 2056 nem.

126 2109 178 2173 tv.
195 2107 332 2190 Quando
354 2129 415 2194 per
441 2117 522 2174 aiom
540 2117 721 2194 acceptionis
741 2111 931 2196 proceditur
947 2113 1052 2200 (verbi
1069 2115 1191 2198 gratia,

90 2223 205 2305 quando
219 2227 290 2309 quia
304 2227 427 2292 crimem
445 2225 558 2310 objicit
572 2236 684 2292 contra
704 2227 964 2310 promovendum
987 2228 1033 2294 ad
1053 2229 1194 2315 Quom

92 2337 278 2424 duritatem,
296 2351 334 2406 nt
351 2343 513 2427 promotio
535 2341 754 2428 impediatur3
771 2344 827 2409 vel
841 2352 955 2412 contra
973 2353 1104 2425 testam,
1120 2355 1158 2414 nt
1176 2369 1195 2414 a

90 2457 528 2543 testificandoremovcotur),
547 2466 628 2524 tunc
645 2459 748 2526 debet
768 2461 837 2544 ipsc
861 2462 1026 2546 excipiens
1047 2461 1196 2528 libellum

91 2577 311 2641 accuutorium
335 2574 378 2640 de
400 2575 462 2641 hoc
483 2577 616 2642 crimine
641 2574 745 2660 judici
768 2575 935 2644 exhibere.
961 2579 1044 2644 Gnm
1072 2578 1195 2646 scilicet

90 2686 149 2754 hoc
171 2690 372 2773 procedendi
386 2693 437 2757 via
460 2691 495 2762 iu
515 2693 745 2758 accusatorium
772 2692 941 2772 reincidat,
959 2693 1076 2761 codam
1096 2693 1195 2760 modo

90 2821 246 2884 processus
259 2807 490 2874 introducitur.

128 2923 169 2987 llx
180 2923 284 3002 dicus,
300 2933 395 3008 patet
404 2925 507 2991 libelli
526 2925 765 3010 porrectionem
785 2945 854 2992 essa
870 2928 1005 3010 primam
1029 2927 1195 3012 aparatio-

90 3055 154 3103 nem
167 3039 296 3125 quando
319 3041 510 3124 proceditur
530 3042 599 3108 sive
623 3062 682 3127 per
705 3044 787 3108 viam
806 3045 1027 3121 accusationis,
1049 3040 1198 3128 strepant

91 3153 162 3220 riom
183 3155 449 3235 denuntiationis,
468 3159 537 3224 sive
559 3177 619 3242 per
636 3160 721 3224 viam
740 3160 959 3246 exceptionis3
976 3178 1042 3225 non
1063 3180 1142 3228 vero
1166 3163 1194 3226 si

21 3349 23 3352 Ι
92 3271 314 3350 procederetur
332 3293 393 3358 per
408 3274 648 3358 inquisitionem
666 3295 706 3337 eo
722 3295 802 3339 mero
817 3279 934 3357 judicis
949 3277 1055 3356 officio.
1076 3275 1139 3343 Sed
1159 3278 1192 3342 in

93 3390 170 3466 praxi
188 3389 249 3456 boc
269 3390 385 3455 ultimo
407 3389 504 3456 modo
526 3391 597 3456 iere
616 3410 782 3476 nunquam
797 3389 998 3474 preceditur,
1016 3393 1091 3478 quio
1114 3392 1192 3460 dest·

93 3501 182 3570 ciente
197 3505 429 3573 denuntiatore
441 3506 581 3590 privato,
599 3515 767 3591 promotor
790 3507 905 3573 fiscalis
925 3509 1079 3593 supplere
1094 3509 1187 3587 solet,

92 3623 122 3680 et
132 3624 203 3686 tunc
221 3623 303 3705 ipse,
325 3621 396 3688 fisci
413 3623 553 3700 nominc,
570 3621 717 3688 libellum
734 3622 1012 3690 denuntiatorinm
1026 3626 1192 3709 componit

93 3732 223 3817 etjudioi
236 3737 379 3804 exhibet.
398 3739 448 3803 lta
462 3746 510 3815 ut,
532 3737 657 3822 praxim
676 3737 891 3822 respiciendo,
911 3739 1108 3822 generaliter
1128 3738 1193 3806 dici

93 3851 178 3926 possit
205 3873 265 3937 per
282 3853 386 3920 libelli
405 3855 596 3920 accusatorii
611 3853 663 3920 vel
682 3852 914 3920 denuntiatorii
933 3853 1131 3922 oblationem
1148 3857 1194 3922 in·

93 3965 207 4034 traduci
224 3971 423 4036 criminalem
438 3970 620 4056 quemlibet
634 3987 834 4052 processum.

130 4082 202 4150 llinc
216 4067 492 4170 operaepretium,
511 4085 592 4172 quid
600 4085 653 4172 jus
668 4085 855 4152 canonicum
870 4084 913 4152 de
925 4085 1087 4176 ejusmodi
1104 4087 1194 4154 libel·

94 4191 286 4279 lisstatuerit,
305 4205 456 4288 apprimo
464 4203 666 4288 dignoscere.
