2836 5118
1096 291 1104 320 t

462 379 541 428 raas
563 381 721 426 snutrane.
1092 341 1156 428 'sus

105 507 200 589 «Quo
219 508 341 584 omnio,
361 489 460 570 ettam
481 504 516 568 in
541 503 605 568 illis
629 501 756 568 casibus
768 503 802 567 in
818 502 956 587 quibus,
978 495 1044 588 ¹per
1061 505 1157 572 olium

69 625 341 691 «constitutionem
357 627 501 688 nostram
513 620 566 686 vel
586 619 679 697 alias,
700 617 835 702 procedi
854 627 964 704 potest
979 624 1157 706 simpliciter

69 750 115 804 uei
131 745 164 806 dc
174 745 277 825 pleno,
296 761 332 803 uc
349 745 414 803 siae
432 744 561 821 strepitu
577 746 607 801 et
621 737 723 819 fipura
734 741 860 820 judicii,
879 739 1031 805 volumus
1046 741 1159 808 obser·

67 859 160 923 «vari.
182 859 213 923 Si
227 867 338 923 tamen
359 858 393 921 in
412 855 581 940 praemissis
603 854 729 920 casibus
746 854 898 922 solemnis
918 856 1000 923 ordo
1020 855 1159 942 judicia·

69 974 146 1040 «rius
156 975 187 1040 in
204 981 277 1041 toto
300 974 351 1039 vel
365 973 399 1039 in
413 979 524 1055 purte,
543 991 608 1037 non
623 972 921 1038 contradicentibus
942 973 1089 1057 partibus
1104 974 1159 1041 ob

67 1100 245 1168 mercetur,
262 1111 327 1156 non
343 1089 407 1156 crit
419 1106 588 1173 processus
602 1099 739 1173 propter
751 1089 813 1156 hoc
833 1091 962 1169 irrituS,
982 1110 1043 1157 nec
1061 1091 1159 1157 etiam

24 1205 31 1217 '
68 1206 264 1272 -irritcndus
286 1209 368 1272 Data
383 1205 558 1281 Avenione,
582 1207 619 1270 13
641 1205 791 1272 calendas
806 1205 1009 1284 decembris,
1027 1207 1161 1274 Pontib-

68 1333 171 1390 ·cutus
191 1325 293 1390 nostri
311 1343 394 1389 anno
412 1325 473 1388 2.»

97 1439 199 1506 Altera
208 1440 395 1506 constitutio
406 1445 456 1504 cst
465 1438 666 1504 Clementiae
676 1443 905 1522 Dispaadiosam
915 1437 958 1526 (t,
973 1445 1010 1506 de
1021 1441 1160 1528 tudiciis)

63 1556 157 1640 inquo
173 1558 218 1622 sic
234 1555 381 1622 decrevit
398 1553 486 1620 idem
504 1555 655 1621 Clemens
675 1555 726 1621 V:
754 1585 766 1610 ι
786 1555 1033 1640 Dispendiosom
1054 1575 1164 1642 prore

67 1673 237 1756 «aaronem
250 1674 356 1739 litium
372 1673 482 1760 (quam
495 1672 661 1738 interdum
675 1692 716 1737 ex
732 1672 842 1738 subtili
863 1672 986 1738 ordinis
1002 1672 1164 1757 judiciarii

66 1787 303 1856 «observatione
319 1807 490 1854 causarum
503 1787 602 1853 docet
617 1787 821 1872 experientia
833 1787 1018 1873 provenire)
1031 1790 1163 1854 restrin-

67 1933 76 1956 ·
90 1924 158 1988 gere
166 1909 200 1972 in
215 1889 406 1990 subscriptis
419 1903 548 1970 casibus
561 1903 742 1988 cupientes,
761 1903 947 1970 statuimus:
964 1911 1001 1970 ut
1014 1905 1048 1969 in
1059 1905 1163 1972 causis

66 2039 179 2108 ·super
196 2020 425 2099 electionibus,
448 2019 734 2105 postulationibus,
757 2019 811 2086 vel
834 2020 1090 2104 provisionibus,
1107 2029 1164 2090 aut

67 2157 180 2224 usuper
194 2138 423 2224 dignitatibus,
439 2137 683 2222 personatibus,
697 2135 825 2218 ciliciis,
840 2139 1094 2218 canonicatibus,
1110 2140 1165 2206 vel

66 2255 280 2340 «prebendis,
297 2275 356 2321 seu
369 2253 536 2339 quibusvis
551 2251 718 2322 beneficiis
728 2254 967 2333 ecclesiasticis,
991 2263 1046 2321 aut
1064 2276 1165 2343 super

66 2367 233 2450 ·decimis,
253 2390 315 2436 nec
335 2387 400 2434 non
418 2387 518 2454 super
533 2370 743 2434 matrimoniis
757 2375 792 2434 et
807 2371 931 2449 usurb,
950 2378 984 2436 ct
1004 2391 1060 2438 eas
1085 2392 1165 2460 quo·

65 2477 242 2571 ·quomodo
256 2486 483 2571 tangentibus
496 2483 703 2564 ventilandis,
718 2484 855 2570 procedi
868 2489 975 2554 valeat
990 2487 1031 2554 de
1045 2497 1164 2556 caetero

66 2608 260 2687 -va'mpttcttcr
275 2612 304 2668 et
319 2608 357 2670 de
368 2607 463 2687 placo
477 2623 512 2666 ac
528 2608 593 2668 siae
607 2609 737 2686 strepitu
742 2607 858 2686 judicii
871 2605 1021 2687 ctfiqura.
1044 2637 1057 2660 ι

507 2890 641 2956 caput
660 2891 701 2954 ΙΙ.

63 3159 134 3221 Quto
161 3163 300 3212 enorum
333 3162 384 3210 SIT
429 3161 586 3210 ruptorum
619 3161 836 3221 summeium,
874 3161 916 3212 m
946 3157 1110 3224 Quomouo
1142 3167 1164 3214 A

180 3279 318 3328 runicus
340 3279 383 3326 EX
405 3277 597 3326 turonum
620 3277 835 3326 cousctsttrm
860 3273 1032 3328 birrum}

107 3549 131 3611 l.
144 3548 275 3615 Certum
290 3555 340 3615 est
353 3549 386 3612 in
399 3543 657 3632 jurisprudentia
676 3547 829 3611 canonica
845 3555 1040 3613 summarium
1056 3557 1165 3619 vocari

62 3657 202 3742 judicium
214 3663 315 3742 illud,
331 3666 365 3728 in
382 3681 445 3747 quo
458 3661 649 3748 proceditur
663 3665 841 3745 simpliciter
855 3673 884 3728 et
899 3668 936 3729 de
943 3669 1036 3748 plano
1051 3688 1086 3732 ac
1100 3677 1164 3735 stae

63 3783 176 3860 strepitu
189 3790 218 3844 et
231 3782 333 3862 fipura
341 3781 464 3860 judicii.
484 3777 578 3844 Unde
597 3777 686 3862 quod
699 3798 758 3860 pcr
768 3779 856 3846 iliam
869 3780 1041 3847 formulam
1050 3787 1166 3868 simpit-

63 3897 171 3961 uterer
190 3900 351 3979 clepiaco,
372 3905 442 3973 etc,
468 3893 715 3978 intelligendum
735 3903 799 3974 cst,
823 3893 905 3962 iliud
921 3897 1008 3963 idem
1030 3920 1164 3968 censen-

65 4003 134 4073 dum
146 4019 193 4077 cst
206 4012 249 4078 ad
265 4013 438 4078 essentiam
449 4009 564 4094 judicii
578 4009 743 4075 summarii
756 4011 936 4094 pertinere,
955 4014 1066 4099 illique
1080 4015 1165 4101 judi-

66 4121 176 4193 ciorum
201 4127 323 4211 speciei
347 4147 416 4193 csse
446 4128 632 4211 proprium3
657 4145 695 4192 ac
719 4127 856 4211 proinde
885 4148 925 4194 ex
944 4147 1040 4195 sensu
1068 4132 1162 4199 dictae

66 4235 197 4310 tonnulae
221 4243 504 4310 determinandam
534 4263 603 4308 esse
629 4261 742 4309 veram
767 4252 803 4309 et
827 4246 974 4328 strictam
999 4251 1164 4316 summarii

63 4348 163 4435 judicii
178 4363 342 4427 notionem
357 4379 417 4424 seu
435 4359 671 4426 definitionem.

106 4475 133 4537 i.
156 4474 339 4544 Procedcre
359 4480 535 4560 simpliciter
549 4485 579 4541 et
594 4479 735 4561 clepiaco
751 4497 786 4542 oc
800 4483 865 4542 siae
877 4485 1006 4562 strepitu
1022 4487 1051 4545 et
1064 4484 1166 4567 fipura

195 4591 226 4648 ll.
1015 4594 1050 4652 20
