2876 5114
531 332 609 382 rnns
632 331 790 387 sncuros.
841 388 847 398 ,

605 593 665 670 §L

83 815 196 866 Fornuls
208 815 339 866 litterarum
350 813 554 873 remissoriclinnn
567 825 610 874 pro
618 810 727 862 habenda
735 810 880 874 depositione
895 814 971 874 testis,
985 814 1008 864 in
1023 815 1099 864 cliens
1108 815 1204 868 dioecesi

544 908 719 958 commorantis.

131 1141 273 1206 Possunt
291 1140 389 1206 scribi
400 1148 435 1207 et
451 1141 485 1204 in
501 1141 581 1205 sotis
598 1139 716 1206 referri
736 1141 768 1205 in
784 1139 869 1206 huno
886 1139 1021 1208 modum
1039 1162 1046 1206 :

132 1279 147 1316 n
167 1260 384 1338 consequenter
397 1259 576 1340 reuerendus
598 1261 636 1320 N.
641 1305 651 1336 ,
673 1261 982 1340 Vicnriuspenemiis,
1006 1278 1072 1322 eum
1096 1261 1204 1321 orirer-

82 1378 170 1436 ttsset
185 1379 382 1436 necessarium
401 1393 462 1436 cssc
475 1377 647 1436 cruminam·
666 1380 701 1436 ut
726 1379 834 1460 testem·
850 1376 1003 1438 dominum
1028 1378 1084 1453 N.,
1103 1382 1131 1437 et
1146 1394 1205 1438 mon

79 1497 182 1570 posset
198 1495 293 1572 ipsius
301 1495 496 1572 presentiam
515 1491 632 1569 tatere,
660 1509 727 1552 cum
742 1497 937 1553 commoretur
951 1496 984 1553 in
1008 1493 1127 1560 diecesi
1144 1498 1175 1556 Ν
1177 1542 1199 1572 .,

81 1609 218 1668 decreuit
233 1609 351 1670 litteras
363 1609 608 1670 commissorioies
621 1609 694 1670 dure
708 1609 749 1670 od
767 1609 961 1679 reverendum
975 1611 1015 1672 N.
1020 1610 1031 1688 ,'
1053 1613 1205 1672 Vicom'um

80 1725 263 1804 perscrutem,
281 1730 310 1785 et
323 1726 512 1788 ordinarium
526 1726 612 1786 iliius
625 1726 757 1786 riioecesis
766 1725 912 1804 judicem.
930 1726 1100 1817 Ercperiitce¹
1110 1730 1206 1806 ipitur

82 1842 170 1919 suere
188 1843 229 1903 uri
243 1846 340 1922 ipsum
356 1843 468 1906 litteren
483 1843 920 1927 tenorissequeutis„uidelicet
934 1861 946 1903 .·
1201 1923 1205 1942 1

134 1982 150 2016 n
168 1960 336 2022 Reuerende
346 1963 376 2020 et
386 1960 591 2023 comptissime
609 1961 738 2022 domiue.
759 1992 802 2002 -
824 1959 1030 2020 Necessarium
1048 1975 1113 2018 cum
1130 1957 1208 2020 miii

83 2077 126 2136 sit
147 2073 255 2136 iubere
270 2078 471 2138 testimonium
482 2066 598 2136 rimnim
622 2076 652 2137 N
655 2121 677 2152 .,
701 2078 734 2135 iu
748 2075 866 2136 dioecesi
885 2075 924 2136 N.
939 2078 1160 2150 commorantis,
1173 2079 1207 2136 in

84 2209 179 2252 causo
197 2192 337 2270 quodum,
351 2210 417 2270 pure
430 2209 530 2254 corum
540 2209 586 2252 me
599 2195 762 2268 actitatur,·
778 2196 861 2271 teque
874 2191 1063 2252 ordinarium
1080 2194 1113 2252 iu
1123 2192 1207 2252 dicto

84 2309 208 2370 diocesi
213 2308 348 2386 judicem
362 2310 491 2369 existere
505 2309 714 2387 dipnoscotur;
726 2311 824 2368 uisum
838 2313 882 2369 est
893 2308 1046 2368 auritium
1063 2313 1146 2369 tuum
1161 2327 1208 2370 re-

84 2428 219 2504 quirere.
241 2427 428 2505 Quapropter
448 2428 530 2486 cmm
551 2428 659 2504 majori
677 2441 736 2504 quo
751 2403 875 2504 possum
896 2427 1045 2486 instantio
1062 2443 1145 2505 ropo,
1173 2431 1208 2486 ut

81 2541 268 2620 predictum
296 2541 450 2604 dominum
475 2543 503 2603 N
507 2587 514 2603 .
518 2585 529 2619 ‚
558 2558 658 2602 coram
686 2545 713 2601 te
744 2557 913 2619 comparere
941 2540 1038 2617 facias
1044 2587 1055 2618 ‚
1088 2557 1210 2620 eumque

79 2657 231 2735 junctim
242 2656 284 2718 mi
297 2662 407 2718 nostru
422 2660 514 2718 curie
526 2660 639 2737 marris
652 2673 799 2731 normam,
815 2657 991 2718 eeumirrure
1007 2656 1093 2733 veiis,
1106 2671 1210 2736 nmnpe

86 2777 186 2853 ipsius
203 2777 402 2835 testimouium
420 2775 561 2854 juratum
574 2775 739 2853 recipiente
763 2749 885 2834 notorio
907 2773 1038 2852 tepitime
1052 2777 1162 2849 creato,
1181 2777 1210 2832 et

87 2893 123 2950 in
138 2892 322 2968 scripturam
331 2889 483 2971 pubiicum
508 2890 677 2968 redipente;
696 2895 725 2950 et
748 2889 789 2950 oei
811 2905 857 2949 mc
882 2891 979 2968 ipsius
997 2889 1211 2968 depositionum

89 3008 308 3067 transmittere.
333 3006 463 3068 Articuli
478 3022 569 3085 porro
583 3007 829 3084 iuterroputicnis
854 3009 925 3066 sunt
937 3009 1088 3082 sequentes
1107 3001 1153 3087 (et
1166 3000 1212 3065 ibi

89 3118 239 3184 scribens
253 3117 385 3184 easdem
401 3119 672 3202 interrogationes
686 3126 798 3201 ponat,
808 3137 888 3203 quas
901 3119 970 3202 ipsc
985 3117 1110 3184 faceret
1123 3118 1156 3194 si,
1165 3126 1212 3184 te-

89 3243 176 3302 stem
187 3234 410 3321 examinorct).
427 3241 555 3302 Interim
570 3244 620 3300 tuo
642 3255 689 3300 me
703 3238 869 3315 famulatui
883 3244 1052 3300 reverenter
1070 3239 1208 3318 offerens,

90 3375 164 3436 ropo
178 3360 217 3416 ut
231 3363 259 3416 te
270 3357 349 3420 Deus
369 3361 466 3418 seruet
482 3356 668 3420 imoiumem.
684 3356 839 3418 Datum...
857 3389 902 3400 -
916 3356 980 3435 Epo
995 3357 1035 3418 N.
1038 3401 1050 3434 ‚
1073 3357 1213 3417 Vicurius

90 3471 253 3550 emeratis.
271 3506 316 3516 -
329 3473 393 3552 Epo
411 3473 447 3534 N.
453 3519 463 3550 ‚
483 3475 648 3534 actuarius.
669 3493 684 3527 »

613 3739 708 3816 §110

137 3968 225 4016 Forma
240 3963 337 4014 tenenda
348 3977 361 4012 a
372 3961 451 4025 judico
465 3961 495 4011 nl
509 3975 578 4025 quem
592 3961 669 4010 missu
684 3966 740 4010 sunt
751 3961 833 4011 littsne
847 3961 1028 4023 remissorisles,
1045 3968 1071 4010 nt
1085 3970 1167 4012 tusum

592 4055 715 4104 examinet.

143 4290 272 4358 Poterit
290 4284 424 4372 procedi
439 4293 473 4350 et
491 4283 589 4349 scribi
601 4284 635 4348 in
649 4281 734 4347 hunc
749 4281 882 4349 modum
897 4305 905 4349 ε

145 4431 163 4471 r<
180 4411 218 4472 In
240 4411 359 4470 nominc
381 4409 514 4469 Domini.
532 4406 636 4465 Amen.
654 4404 790 4464 —Cum
807 4403 985 4466 reuerendus
1006 4405 1045 4468 Ν.
1050 4451 1061 4484 ,
1079 4422 1215 4468 reveren-
