2930 5114
251 376 311 468 594
592 417 779 496 ammanus
801 418 845 464 nn
867 416 1015 463 sonions.

671 719 806 785 CAPUT
833 719 912 784 Lvi.

342 1012 453 1060 FORMA
477 998 657 1060 nantelmo!
680 1011 713 1057 ΙΝ
737 1011 819 1060 ACTA
843 1005 1032 1060 JUDlGlALNS
1055 998 1262 1060 senapariis.

291 1283 569 1363 «comparentibus
584 1281 704 1344 domino
720 1283 760 1344 Ν.
781 1299 841 1360 reo,
859 1285 912 1362 qni
924 1300 1027 1364 supro
1048 1287 1077 1344 et
1090 1283 1212 1346 dorciao
1227 1287 1283 1360 Ν.,
1300 1288 1371 1364 ejus

241 1400 370 1483 patrono
394 1399 509 1485 (siper
526 1397 611 1462 viam
625 1397 837 1462 accusationis
856 1397 910 1462 vel
931 1398 1133 1480 exceptionis
1148 1396 1368 1482 procedatur,

242 1516 320 1583 addi
341 1515 453 1594 debat,
474 1505 592 1579 necnon
610 1517 729 1578 domino
743 1517 784 1578 Ν.
801 1522 983 1592 macaron,
1002 1515 1057 1580 vel
1076 1523 1231 1598 acceptare
1259 1523 1373 1580 contro

238 1637 403 1718 pasciano
415 1631 522 1716 reone),
537 1634 715 1696 reverendos
728 1635 759 1696 N
761 1679 768 1696 .
787 1635 926 1696 Vicortcr
937 1635 1086 1714 pennalis
1104 1630 1173 1718 (fiat
1184 1631 1231 1697 ibi
1246 1651 1371 1716 oppor-

240 1760 321 1820 tuna
334 1750 483 1829 mutatio,
502 1749 528 1814 ai
540 1746 666 1833 judicet
682 1748 751 1830 ipso
767 1747 944 1832 Episcopus
959 1749 1012 1816 vel
1026 1746 1132 1833 alius),
1141 1769 1201 1830 pro
1215 1751 1375 1814 triennali

240 1872 355 1947 sedens,
371 1871 443 1932 tulit
456 1873 633 1932 senientiam
644 1867 859 1930 absolutorium
865 1869 1011 1948 predicti
1024 1870 1079 1930 liei
1094 1865 1160 1953 (vel
1169 1865 1376 1934 condemna-

239 1987 359 2050 toriam
373 1985 407 2048 in
423 1981 614 2066 predictum
636 2001 741 2061 reum,
762 1983 815 2048 vel
831 1982 1063 2050 absolutoriam
1086 1982 1235 2068 praedicti
1258 1983 1311 2048 rei
1335 1993 1375 2050 et

239 2102 538 2170 condemnatoriam
562 2100 711 2186 predicti
728 2101 936 2178 accusa-toris,
950 2097 1044 2184 etc.);
1062 2121 1152 2182 onom
1166 2121 1232 2164 cnm
1250 2105 1375 2166 cocali-

242 2227 287 2284 ar
298 2224 536 2302 memnonos,
556 2219 632 2280 milri
658 2222 796 2282 colatorio
819 2222 965 2298 seriptum
987 2223 1190 2299 eoosipnooit,
1212 2221 1374 2284 mandans

239 2345 275 2402 ot
288 2351 353 2402 eam
366 2342 401 2400 tn
412 2343 483 2400 octo
495 2337 661 2416 maionem
676 2355 687 2398 .·
706 2340 740 2398 io
755 2339 840 2416 arjos
855 2335 995 2426 medati
1010 2339 1225 2415 eructionem,
1248 2338 1374 2402 dictum

238 2459 417 2518 mnimuiom
428 2459 463 2516 in
475 2457 552 2517 ociis
564 2458 699 2534 reposci·
710 2459 739 2514 et
753 2456 918 2532 incipit...‚
929 2459 958 2514 ct
968 2454 1137 2530 desinit...,
1153 2458 1182 2515 ei
1194 2460 1239 2516 cst
1249 2459 1374 2518 tenoris

178 2584 180 2588 ’
241 2576 399 2653 sentientis,
415 2571 556 2633 videlicet
569 2589 579 2631 :
593 2567 638 2655 (et
653 2564 699 2633 ibi
709 2568 774 2634 lata
789 2568 953 2634 manentia
968 2565 1201 2653 describatur).
1217 2572 1267 2634 Ad
1276 2577 1374 2654 cujus
1462 2641 1463 2653 χ

241 2693 454 2770 ropromriptm
475 2691 629 2750 mittentia
661 2686 922 2748 octieotieiiotem
951 2687 1141 2750 abundanter
1156 2689 1369 2768 probandam,
1461 2743 1462 2755 .

242 2807 357 2868 donna
382 2807 411 2868 N
414 2851 421 2866 .
450 2810 479 2865 ct
500 2805 540 2866 N.
546 2849 556 2880 ,
579 2804 616 2865 de
635 2802 687 2866 aaa
707 2806 819 2883 eoacti,
841 2803 1090 2884 sobmrtpscront.
1110 2805 1185 2866 Aoio
1205 2811 1277 2867 runt
1305 2806 1374 2870 loma
1460 2837 1461 2857 .

242 2926 348 2998 clio...,
379 2926 545 2991 moneta...
570 2939 692 2984 ormo...
722 2954 767 2968 -·
790 2922 853 3000 Epo
879 2921 934 2997 Ν.,
966 2922 1105 2983 Vioorins
1125 2924 1295 3001 vposceretis.
1324 2959 1375 2974 -
1459 2907 1460 2910 “

243 3043 307 3120 Epo
321 3043 361 3102 N.
376 3041 424 3118 fni
443 3043 538 3102 tertis.
552 3071 594 3090 -
606 3041 670 3117 Epo
686 3041 726 3102 N.
742 3039 790 3116 foi
808 3041 903 3100 teste.
920 3038 1040 3117 -Epo
1058 3041 1114 3116 Ν.,
1130 3044 1300 3102 ootnorios.
1322 3064 1342 3102 a

659 3357 793 3426 CAPUT
815 3359 911 3424 LVII.

346 3641 460 3697 noum
482 3641 683 3695 irrumator
706 3646 726 3691 Α
754 3639 933 3692 SENTENTIA
961 3641 1259 3698 mmnmcuroliu.

291 3913 505 3980 praenotando.
530 3945 574 3961 --·
603 3905 791 3978 Tridentino
818 3907 963 3998 synodus
986 3911 1074 4000 (sess.
1101 3915 1157 3996 23,
1186 3937 1258 4004 cap.
1279 3919 1312 3998 1,
1332 3919 1370 3984 de

237 4010 327 4115 liet]
341 4027 394 4115 jus
408 4035 505 4093 antea
525 4027 637 4111 vigens
649 4025 760 4112 quoad
775 4029 1029 4113 appellationem
1051 4034 1245 4100 asententiis
1263 4035 1368 4101 inter-

246 4146 412 4214 locutoriis
425 4144 618 4210 immutavit.
631 4143 803 4210 Prohibuit
817 4164 946 4230 nempe,
961 4165 1002 4212 ne
1018 4148 1052 4212 in
1065 4155 1237 4231 posterum
1248 4150 1367 4216 fierent

246 4267 279 4330 in
302 4265 407 4329 causis
430 4256 650 4327 criminalibus
672 4259 832 4346 ejusmodi
856 4261 1101 4346 appellationes.
1118 4267 1243 4332 Atvero
1261 4268 1366 4333 noluit

246 4382 329 4447 hano
342 4379 487 4464 regulam
501 4379 546 4444 ita
559 4397 629 4444 esse
641 4379 839 4464 generalem,
849 4385 888 4445 nt
899 4379 1005 4445 nullas
1019 4385 1194 4463 pateretur
1202 4385 1365 4468 exceptio-

246 4518 322 4582 nes;
339 4495 398 4563 sed
410 4497 648 4562 restrictionem
663 4497 811 4580 apposnit
826 4495 885 4562 hoc
904 4497 1003 4563 modo
1021 4519 1028 4562 :
1054 4503 1124 4563 Nisi
1135 4521 1299 4581 novamen
1307 4523 1363 4585 per
