2878 5114
230 342 295 407 48ss
576 353 763 407 essemus
785 357 829 406 os
851 347 999 408 conisus.

231 495 303 550 stroe
316 501 434 566 monn,
455 507 520 569 qrrae
529 489 647 551 nnitnrn
659 483 1078 568 prorisorern'inoentprnter
1088 486 1266 569 menedon,
1280 499 1317 550 cn

230 613 298 663 rom
309 606 427 683 jupiter
445 605 584 682 ferentes,
604 605 741 664 idonennc
766 603 982 682 depositorinnc
999 603 1065 662 iilis
1081 604 1154 664 dore
1167 607 1318 679 steininen,-

229 720 343 781 idcirco
356 721 393 782 de
405 725 456 781 ino
465 718 830 800 fidelitntncnperientio,
840 724 870 780 et
880 720 1063 780 dontnitote
1078 723 1112 781 in
1122 713 1205 781 reons
1217 721 1319 799 opcndis

152 849 153 854 ’
230 839 306 898 sctis
320 838 428 915 edocti,
460 839 499 900 Tc
516 838 732 916 depositorinrn
746 841 964 916 pecnniornm,=
980 848 1132 915 oonsnccn
1160 838 1316 913 tideliornn

231 971 389 1030 cononnrn,
404 956 637 1032 responsionum,
657 954 953 1032 etiornncqnerercnn
968 953 1010 1014 nd
1022 956 1157 1014 nostran
1171 969 1288 1014 mensam
1298 958 1320 1014 ct

229 1071 428 1148 cpiscopotnm
451 1071 649 1146 spectantium
671 1074 700 1128 et
711 1071 941 1168 pcrtinentinrn,
961 1071 1003 1130 nd
1024 1074 1159 1130 nostrnn
1182 1069 1321 1150 oenepnn-

230 1190 303 1260 tnrn,
321 1185 574 1262 wintonensis,
594 1185 742 1262 oneribus,
758 1189 789 1246 et
795 1185 980 1265 prioilcpiis,
1005 1191 1066 1246 ton
1075 1187 1189 1266 dcjnrc
1202 1187 1322 1266 qnando

229 1302 440 1363 consnctndinc
454 1301 574 1379 debitis,
595 1305 804 1362 constitnirnns
822 1301 1049 1381 etdepntoncns.
1067 1304 1180 1364 Dentes
1199 1303 1260 1366 Titi
1270 1302 1320 1382 pte-

226 1437 297 1481 nom
312 1419 489 1497 socnttotorn
503 1419 638 1499 deposito
656 1421 851 1498 pecnniororn
867 1419 1044 1498 recipiendi,
1065 1430 1202 1495 canones,
1221 1437 1315 1495 censos,

227 1538 428 1615 responsiones
446 1537 599 1614 recipendi,
624 1536 801 1615 deponentes
825 1540 854 1594 et
878 1535 1024 1597 solventes
1045 1540 1205 1616 respective
1232 1539 1322 1616 scripto

224 1655 384 1734 pnictendi
402 1669 412 1714 :
436 1655 519 1732 scota
538 1659 637 1715 tomen
652 1657 741 1733 prins
758 1668 812 1732 per
832 1645 872 1714 'Tc
894 1653 1076 1732 odtipotione
1093 1657 1129 1714 in
1146 1657 1222 1714 notis
1234 1659 1323 1715 nostro

226 1771 426 1848 consitione,
443 1773 590 1831 rationem
605 1773 651 1832 tni
667 1769 760 1848 officii
777 1771 819 1832 nd
837 1783 922 1832 ornne
934 1757 1113 1831 rnnndntnm
1128 1775 1258 1832 nostrnrn
1273 1766 1323 1830 tnd—

110 1899 111 1902 ’
227 1888 333 1965 ciendi,
360 1893 389 1948 et
404 1892 454 1948 cni
474 1887 521 1948 oet
542 1888 648 1966 qnions
666 1887 910 1948 mondnnerirnns
930 1884 1066 1968 deposito
1091 1893 1146 1948 ont
1166 1887 1325 1967 rcitpnotnn

229 2005 376 2066 soinendi.
404 2007 442 2067 In
462 2023 587 2085 qnornnc
605 2007 807 2066 testimoninm
825 2009 1026 2083 proesentcso
1048 2004 1143 2066 Nobis
1166 2003 1326 2083 snoscriptns

229 2121 380 2200 inpediri,
393 2125 423 2181 ct
442 2125 475 2183 in
491 2127 595 2182 nostro
608 2119 789 2180 cancellario
807 2123 968 2198 repistrnri
983 2126 1015 2181 ct
1022 2119 1176 2200 pnblicori
1186 2122 1324 2201 jn'ssinns.

231 2236 354 2314 Daton,
368 2242 424 2298 etc.
436 2273 482 2284 -
493 2238 521 2301 N
524 2286 545 2316 .‚
564 2239 727 2318 Episcopns
741 2235 781 2296 N.
798 2269 842 2286 «-
858 2239 913 2312 Ν.,
926 2236 1136 2300 conontinrins.
1150 2255 1168 2296 n
1185 2271 1227 2284 -
1239 2233 1275 2299 nt
1285 2246 1327 2317 po

232 2346 331 2407 natur
348 2343 488 2427 sigillum
508 2351 664 2409 consueto
675 2341 758 2406 loco.

694 2611 696 2616 ·
742 2585 823 2660 xvi.

360 2811 516 2868 menois
540 2816 778 2867 occursorem
799 2811 1010 2867 oooosmssn
1033 2815 1219 2867 smenon.

280 3039 428 3107 Officium
443 3040 612 3126 ejusmodi,
635 3041 715 3106 dum
726 3057 824 3125 supra
838 3039 881 3106 de
898 3040 995 3106 curin
1010 3041 1203 3125 episcopalis
1220 3039 1329 3106 ordiss-

233 3154 322 3221 tione
331 3173 512 3240 ageremus,
532 3175 572 3220 cx
587 3155 825 3221 inadvertcntic
834 3156 1099 3240 praetermisimus
1121 3155 1128 3221 ἑ
1151 3157 1211 3224 sod
1232 3159 1262 3221 in
1278 3167 1328 3240 qno

236 3273 406 3350 consistat,
428 3273 506 3337 sotis
531 3273 658 3356 patebit
686 3291 728 3338 ex
754 3275 824 3357 ipsa
847 3271 1068 3357 deputationis
1093 3273 1248 3353 formula,
1272 3286 1327 3358 que

236 3396 346 3472 potest
361 3387 503 3454 describi
519 3389 553 3454 in
568 3388 654 3455 hunc
669 3388 823 3456 modum:

279 3528 300 3566 n.
314 3509 344 3570 N
347 3555 369 3585 .‚
388 3509 551 3588 Episcopus
564 3511 604 3572 N.
622 3535 666 3556 ⁴-
679 3509 794 3571 Dilocto
808 3511 848 3572 N.
865 3535 911 3556 -'·-
923 3509 1135 3588 indemnitati,
1162 3527 1222 3572 non
1249 3511 1329 3570 nisus

222 3627 416 3688 ereditnnn
424 3643 514 3704 qrcnrn
520 3627 697 3704 dentnnn,
711 3627 778 3688 lites
788 3630 939 3704 opcntinm
953 3631 987 3688 tn
998 3631 1101 3688 nostro
1109 3627 1188 3705 (oro,
1202 3624 1330 3688 emacim

237 3746 397 3822 cupientes,
409 3742 446 3803 de
459 3744 565 3804 idoneo
576 3760 716 3821 persono,
731 3759 796 3820 qnce
805 3745 935 3822 pipnorn
949 3745 984 3802 in
994 3742 1251 3804 nnwcdimcereoii
1259 3743 1331 3819 copi]

237 3861 387 3920 custodire
404 3859 508 3920 dedcot
519 3859 678 3938 procidere
694 3863 866 3920 stotnirnns.
884 3861 1073 3938 Qrcopropter
1089 3862 1122 3920 in
1132 3853 1191 3940 {tna
1205 3858 1331 3936 fidelitate

237 3973 355 4052 confisi,
375 3977 458 4064 facto
470 3979 559 4054 prins
575 3992 629 4053 per
649 3976 689 4036 Te
704 3978 737 4034 in
747 3977 823 4034 notis
833 3979 943 4034 nostroe
957 3974 1145 4035 cancellario
1159 3975 1327 4054 coiipotioro,

236 4091 367 4171 officinm
381 4092 552 4170 hnjnsrnodi
570 4090 703 4167 fideliter
717 4091 886 4168 encrcendi,
904 4096 933 4151 et
949 4091 1060 4152 tibrnnc
1074 4092 1146 4152 berte
1156 4095 1327 4172 componun,

238 4214 272 4271 in
290 4222 347 4288 qno
366 4212 498 4288 pipnoro
518 4208 729 4270 describantur
754 4207 915 4283 retinendi,
937 4207 1092 4286 »demo
1107 4207 1295 4280 consotient,
1308 4203 1331 4261 tl

239 4327 360 4386 nonnisi
373 4323 516 4384 nondoto
528 4327 692 4403 inscriptis
707 4323 809 4384 debito
824 4327 922 4384 nostri
932 4323 1095 4384 tribunalis
1106 4324 1164 4385 itin
1175 4317 1332 4385 restituendi

191 4426 196 4437 ’
240 4459 291 4501 secr
306 4441 513 4517 consipnnndi,
533 4445 563 4499 ct
579 4443 726 4500 rationein
743 4441 889 4502 reddendi
894 4461 907 4515 ;
921 4443 959 4502 Te
970 4445 1003 4501 in
1017 4441 1231 4520 depositorium
1241 4441 1333 4520 pinno·
