2914 5122
243 373 287 442 ’90
588 392 775 444 rnacnnrns
798 397 842 444 nn
864 392 1012 443 sobicus.

241 520 363 586 tionem
372 522 529 602 specialem
542 507 738 604 regulariter
749 519 997 606 praerequiritnr
1007 514 1127 602 praevia
1140 515 1278 582 infamia
1290 533 1368 600 pro-

241 635 313 718 prie
328 632 425 713 dicta,
442 641 480 699 ut
495 625 579 701 inira
604 626 789 720 probamus,
811 638 904 701 itaet
924 635 959 698 in
977 649 1054 698 casu
1072 650 1137 717 quo
1153 633 1319 697 Praelatus
1332 634 1368 697 iu

242 741 508 816 communitatem
527 742 667 836 aliquam
685 750 955 827 determinatam,
973 767 1037 813 uon
1064 756 1175 813 autem
1200 747 1234 810 in
1257 743 1368 814 totam

243 865 419 943 dioecesim,
433 868 617 950 generalem
636 869 876 953 inquisitionem
885 865 957 930 vult
965 866 1158 948 judicialiter
1172 861 1365 940 instituere,

241 999 371 1048 necesse
388 982 450 1046 erit
464 989 502 1048 ut
519 984 610 1066 prius
630 990 721 1048 oerto
741 983 801 1066 ipsi
814 982 995 1046 innotescat
1008 978 1093 1043 fama
1111 975 1154 1043 de
1172 974 1313 1062 patratis
1333 975 1370 1042 in

243 1119 280 1164 ea
299 1102 529 1167 communitate
544 1100 683 1168 delictis.

777 1353 816 1414 V.

284 1581 395 1645 Qucum
404 1583 603 1646 proercquirltur
617 1581 741 1644 infamio,
761 1582 847 1646 quatis
861 1595 912 1631 csse
924 1579 1022 1635 debeat,
1039 1584 1061 1628 ct
1073 1591 1110 1627 an
1123 1581 1245 1640 oporteat
1258 1589 1319 1627 eum

639 1675 804 1738 judicialiter
811 1674 930 1738 proteri.

274 1893 311 1986 ¹I.
327 1925 481 2003 Requisita
498 1942 518 1983 a
531 1928 603 2004 jure
622 1926 762 2003 infamia,
789 1923 987 2004 intelliqencle
1006 1929 1051 1984 est
1069 1924 1199 2002 infamia
1224 1928 1295 1984 orto
1325 1925 1367 1984 ab

240 2043 381 2117 honestis,
403 2057 462 2101 non
478 2059 497 2099 a
512 2039 682 2118 malevolae·
696 2047 726 2103 ct
735 2045 857 2120 inscher
870 2059 934 2120 qum
949 2041 990 2102 ad
1001 2058 1088 2100 aures
1102 2041 1282 2118 superioris,
1299 2057 1367 2100 non

240 2155 339 2232 semel,
362 2155 414 2216 secl
436 2173 511 2234 saepe
525 2159 707 2234 peruenerit.
729 2191 773 2201 —
792 2157 840 2219 lta
855 2173 1008 2236 expresse
1025 2151 1175 2217 decreuit
1194 2153 1367 2218 innocen-

240 2269 304 2333 tius
324 2269 382 2345 ΙΙΙ,
400 2268 505 2350 eapite
522 2272 661 2349 Qualiter
674 2279 703 2332 et
716 2274 834 2351 qnando
856 2269 922 2356 (ΙΙ,
940 2269 991 2335 tit.
1020 2272 1049 2346 l,
1070 2267 1128 2333 lib.
1149 2267 1174 2331 5'
1185 2265 1338 2352 decret.)
1358 2288 1365 2332 :

239 2389 275 2450 Si
283 2387 506 2468 perclamorcm
523 2392 553 2448 et
566 2387 681 2466 fumum
696 2388 738 2448 od
748 2405 836 2449 aures
847 2391 1009 2468 superioris
1018 2390 1202 2469 peruenerit,
1217 2403 1280 2448 non
1294 2389 1369 2466 qui-

239 2503 338 2565 deme
354 2504 509 2565 malevolis
526 2509 556 2565 et
574 2504 741 2583 maledicis,
764 2506 815 2567 sm
839 2521 858 2566 a
876 2505 1016 2586 procidis
1030 2511 1059 2566 et
1074 2503 1228 2583 twaestis;
1247 2521 1304 2566 nee
1318 2523 1369 2566 sc-

238 2620 297 2680 mel
313 2625 441 2698 tantum,
458 2621 509 2681 sed
525 2639 611 2702 supe,
631 2622 710 2700 quod
732 2622 843 2683 clamor
862 2625 962 2683 innuit
981 2627 1010 2682 et
1028 2621 1200 2700 diffamatio
1229 2623 1369 2701 manife-

239 2740 312 2798 stat.
338 2755 354 2794 a
367 2735 459 2799 Ratio
473 2741 522 2800 est
533 2735 607 2819 quia
620 2735 708 2812 alias,
726 2736 753 2798 si
768 2755 807 2799 ex
825 2734 969 2820 qualibet
983 2715 1070 2798 iama
1085 2741 1198 2799 contra
1214 2733 1368 2819 aliquem

242 2873 258 2910 a
271 2851 393 2934 inquiri
403 2858 523 2932 posset,
539 2851 657 2928 nullus,
679 2852 887 2942 quantumvis
901 2851 1054 2915 honestus
1065 2853 1126 2928 vir,
1144 2869 1294 2934 unquam
1312 2871 1369 2916 se-

241 2987 258 3025 «
272 2983 369 3030 curus
384 2972 470 3030 essct
487 2984 506 3030 a
526 2971 648 3048 speciali
667 2965 870 3051 inquisitione
892 2973 926 3030 ot
941 2964 1019 3031 inde
1042 2965 1259 3050 sequentibus
1274 2985 1368 3050 prae-

241 3103 257 3140 a
268 3077 396 3165 judiciis
405 3104 412 3166 ;
432 3099 505 3146 cum
527 3101 567 3177 er
580 3101 644 3146 una
659 3090 752 3166 parte
768 3083 821 3147 nix
835 3079 921 3146 ullus
933 3091 1017 3146 esset
1037 3089 1157 3147 contra
1169 3102 1274 3166 quem
1291 3104 1366 3148 ma·
1454 3093 1455 3102 ’

240 3183 256 3255 a
272 3195 373 3261 leroli
387 3205 421 3261 et
434 3198 573 3281 improbi
585 3218 651 3263 nou
669 3197 752 3263 male
770 3198 963 3284 loquantur;
983 3217 1023 3262 ex
1038 3198 1143 3263 altera
1157 3218 1240 3264 vero
1261 3207 1365 3284 parte

147 3297 149 3302 ⁵
241 3317 385 3377 «dictum
403 3321 492 3378 unius
504 3318 593 3397 focile
608 3321 749 3398 sequatur
764 3317 937 3392 multitudo,
955 3321 993 3379 ut
1010 3311 1131 3379 dicitur
1150 3317 1260 3398 eapite
1281 3295 1366 3382 Cum

239 3452 255 3489 a
275 3436 472 3512 injuventute
492 3431 540 3518 (de
560 3437 690 3513 Purqat.
716 3427 882 3514 cononica).
901 3453 916 3490 »
937 3429 1174 3518 (Reiffenstuel,
1196 3433 1232 3497 in
1245 3433 1301 3498 tit.
1329 3437 1362 3512 i,

235 3545 311 3612 libri
327 3549 344 3610 5
358 3546 583 3627 decretalium,
602 3569 634 3612 n.
656 3545 745 3631 191.)
855 3531 858 3536 ¹

279 3665 321 3729 Π.
340 3667 494 3747 Requisita
506 3687 525 3729 a
533 3672 605 3749 jmc
620 3669 747 3746 infamio
762 3665 958 3744 inteliiqcndu
980 3672 1025 3727 est
1043 3683 1089 3743 aa,
1108 3683 1175 3745 qum
1185 3685 1245 3747 per
1260 3674 1365 3751 majo-

235 3800 298 3842 rem
310 3785 429 3844 viciniae
441 3802 492 3844 seu
505 3784 728 3845 communitatis
743 3785 862 3860 partem
886 3781 1044 3859 divulqotu
1066 3783 1139 3860 suit.
1158 3817 1204 3828 —
1223 3781 1365 3848 «Dicta

238 3919 253 3956 a
269 3914 447 3979 paucorum
458 3917 523 3962 nou
535 3877 704 3970 ‘infamant
720 3895 787 3958 sive
803 3911 868 3956 non
883 3892 1044 3959 inducunt
1060 3893 1241 3981 infamiam;
1264 3897 1364 3964 unde

237 4035 253 4071 a
271 4009 430 4077 Prmlatus
440 4020 576 4096 propter
588 4011 648 4075 hoc
658 4030 724 4074 non
736 4007 921 4074 movebitur
937 4008 980 4074 ad
993 4009 1237 4093 inquirendum.
1256 4013 1364 4080 Fama

236 4151 252 4188 a
271 4129 357 4192 enim
374 4125 475 4192 debet
491 4145 562 4191 esse
577 4146 638 4208 per
652 4125 759 4189 villam
775 4126 841 4190 sive
855 4124 1051 4208 parochiam,
1071 4123 1114 4190 ad
1138 4126 1201 4192 boc
1229 4135 1270 4192 ut
1299 4128 1366 4198 fiat

236 4243 439 4328 «inquisitio,
456 4239 520 4307 Sed
539 4249 619 4325 quot
637 4239 821 4335 appellabis
839 4258 977 4326 paucoS,
996 4249 1033 4306 ut
1061 4263 1126 4308 non
1150 4242 1286 4311 dicatur
1310 4249 1365 4313 in-

237 4383 253 4420 «
267 4359 467 4424 famatus'l...
486 4358 592 4424 Credo
603 4357 690 4443 quod
704 4357 807 4443 major
821 4377 895 4442 pars
914 4359 1036 4446 viciniae¹
1047 4361 1237 4446 requiratur
1251 4382 1259 4447 3
1278 4367 1364 4450 quia

237 4474 356 4540 asama
379 4474 443 4539 loci
468 4476 655 4563 requiritur,
684 4493 750 4539 nou
773 4474 859 4540 fama
878 4473 1100 4560 aliquorum...
1122 4499 1138 4537 u
1158 4475 1306 4563 (Glossa,
1327 4483 1363 4548 in
