2930 5114
251 305 312 371 564
592 319 781 370 moronus
803 323 846 370 ua
869 321 1018 374 suurcns.

242 456 342 534 ipsum
371 449 596 513 condensatum
614 451 707 529 fuisse
729 455 871 530 tanquam
893 455 1143 534 perjurumque
1156 459 1303 534 incipit...
1324 463 1348 520 et

242 567 364 631 decuit.
372 613 379 630 .
387 585 410 630 .:
423 561 512 652 (sire)
527 567 610 629 uicit
623 567 713 628 talem
721 572 899 630 seutentiam
910 574 1063 632 asservari
1073 574 1108 633 in
1120 569 1280 635 tabulariis
1288 593 1351 638 cuo-

245 685 378 746 ceiicrioe
390 683 581 762 episcopalis,
602 688 631 745 ei
643 687 757 746 institit
773 685 831 746 sibi
845 689 963 764 copiam
975 683 1055 766 fieri,
1074 693 1110 750 ut
1117 690 1220 770 judici
1228 693 1351 754 osteude-

240 805 308 862 ret:
326 795 416 885 (sive)
432 800 515 862 dicit
535 800 648 862 dictum
663 801 817 864 dominum
829 804 860 866 N
863 849 885 878 .‚
902 803 982 864 citus
1001 804 1095 882 tuisse
1107 805 1146 866 ob
1159 812 1192 866 eo
1205 808 1347 886 reputem

240 925 382 998 tanquam
406 921 573 996 inimicum,
593 923 623 980 et
641 924 784 999 tcoqucm
803 921 894 982 ictam
911 928 980 1004 posi
995 924 1146 1002 iapiiimcs
1166 926 1350 1002 probationes

237 1035 332 1114 fuisse
353 1035 506 1113 repulsum
523 1052 543 1095 c
549 1036 654 1115 judico
671 1037 701 1097 N
703 1081 724 1110 .‚
747 1039 782 1096 in
796 1051 936 1113 processu
954 1039 1035 1117 socio
1047 1056 1184 1119 anuo...‚
1202 1057 1291 1119 nuper
1305 1043 1350 1103 cie-

239 1149 367 1229 iicio...,
384 1155 420 1212 sci
432 1156 477 1212 asi
487 1154 638 1212 notorium
652 1155 682 1211 ci
692 1151 861 1228 pubiicum:
874 1147 966 1238 (sive)
976 1157 1147 1234 ossipouoii
1158 1161 1192 1218 in
1204 1161 1291 1218 testas
1304 1158 1351 1218 cio-

238 1273 335 1332 minos
352 1272 392 1334 Ν.
405 1275 434 1331 ei
448 1271 479 1334 N
482 1315 489 1332 .
492 1317 504 1348 ‚
521 1270 760 1348 adprobandum
776 1273 968 1334 inimicitiam
983 1276 1062 1334 ictor
1076 1273 1193 1336 dictum
1207 1275 1351 1337 dominum

239 1389 278 1449 N.
296 1392 326 1447 et
351 1405 382 1448 sc
397 1390 606 1466 accipientem.
627 1387 702 1450 Actu
727 1393 798 1449 suoi
823 1387 885 1448 itcac
907 1389 1013 1465 die...‚
1042 1393 1212 1469 mensis...,
1234 1409 1348 1454 cono...

237 1534 282 1549 —
299 1503 364 1583 Epo
374 1504 414 1566 N.
420 1549 430 1581 ,
453 1504 591 1565 Vicarius
600 1502 760 1582 punctalis.
778 1537 824 1550 -
836 1503 899 1585 Epo
910 1505 950 1568 N.
954 1550 965 1582 ,
979 1509 1146 1568 actuarius.
1163 1526 1181 1565 u

729 1754 837 1832 ..clu

336 1980 420 2029 Forma
431 1977 570 2029 terminandi
583 1990 709 2041 processus
721 1977 833 2040 exceptiui
844 1985 926 2029 contra
937 1987 1096 2030 accusatorem
1108 1980 1147 2030 sel
1159 1987 1254 2032 usum.

281 2209 455 2293 Postquam
467 2205 569 2292 judex
584 2225 642 2291 pro
653 2223 713 2271 sua
723 2203 897 2289 prudentia
912 2205 1128 2291 perpenderit
1143 2207 1350 2292 probationes
1438 2261 1439 2280 .

235 2323 476 2408 abercipiente
500 2320 687 2406 productos,
706 2323 733 2386 si
748 2341 877 2387 causum
900 2323 1100 2407 exceptionis
1122 2324 1302 2408 legitimam
1319 2331 1350 2389 et
1438 2297 1439 2382 ἶ

235 2439 432 2506 sufficienter
460 2437 630 2524 probatam
661 2439 824 2522 reperiat,
853 2437 1010 2504 decernet
1040 2438 1257 2525 rejiciendum
1283 2459 1348 2506 esse

234 2563 456 2622 accusatorem
471 2555 525 2621 vel
539 2561 675 2631 testem,
690 2562 804 2620 contra
817 2573 915 2640 quem
934 2555 996 2621 fuit
1008 2557 1160 2641 exceptio
1172 2558 1345 2641 proposita.

235 2673 300 2738 Pro
311 2691 376 2758 quo
387 2669 580 2757 exequendo
591 2673 667 2737 satis
678 2673 741 2736 erit
753 2673 850 2738 scribi
860 2673 893 2736 in
905 2674 986 2739 actis
997 2674 1029 2737 in
1042 2672 1128 2737 huno
1141 2671 1275 2738 modum
1289 2695 1297 2739 :

281 2815 297 2847 n
316 2792 429 2870 Quibus
438 2790 550 2852 tacitis
560 2795 590 2851 ei
598 2793 765 2870 perpetuis,
774 2792 928 2872 judicavit
940 2793 1120 2854 reuerendus
1134 2794 1176 2856 N.
1180 2839 1191 2870 ‚
1213 2794 1347 2855 Viccrics

234 2907 394 2988 pecoralis,
421 2923 527 2967 causas
554 2908 736 2986 exceptionis
762 2923 781 2966 a
807 2906 928 2970 domiuo
958 2908 995 2968 N.
1026 2925 1094 2984 reo,
1121 2911 1228 2968 contro
1255 2907 1347 2968 domi·

232 3041 304 3085 uum
322 3024 363 3086 N.
384 3025 584 3084 mmsciorom
602 3037 688 3082 soum
704 3019 770 3104 (uel
795 3028 900 3083 contra
920 3023 1057 3084 dominos
1071 3025 1111 3086 N.
1129 3028 1159 3084 et
1173 3025 1214 3087 N.
1234 3019 1341 3104 testes),

232 3157 294 3201 esse
309 3139 459 3219 ieqiiimas
471 3142 501 3198 ei
515 3135 698 3216 sufficienter
710 3138 855 3216 probatas
870 3156 880 3198 .·
895 3143 1079 3219 quopropter
1093 3139 1238 3217 decrevit,
1257 3143 1345 3219 proici
1437 3191 1438 3198 ,

231 3259 373 3338 proeseoti
383 3256 499 3316 decreto
514 3254 661 3332 decernit,
676 3255 843 3334 proefcium
857 3255 1011 3317 dominum
1019 3257 1059 3318 N.
1079 3262 1294 3336 accusatoriis,
1311 3255 1343 3316 ci

231 3371 396 3436 comancio
420 3389 482 3433 case
507 3371 709 3452 repellendum
725 3369 790 3456 (vel
803 3373 947 3452 profatos
967 3374 1007 3435 N.
1025 3378 1055 3434 ci
1070 3375 1110 3436 N.
1131 3377 1166 3434 io
1181 3379 1271 3436 iosias
1290 3390 1342 3436 oon

231 3507 293 3552 csse
312 3481 631 3570 maticonensium
655 3493 726 3548 nint
752 3487 814 3548 tac
840 3488 945 3566 die...,
973 3491 1141 3567 mensis...,
1169 3507 1340 3554 anno...—

231 3607 295 3687 qu
306 3607 337 3668 N
339 3650 361 3682 .,
380 3602 696 3696 Vicoriusqaoerciis.
714 3604 836 3682 -Epo
851 3605 892 3666 N.
895 3650 908 3683 ‚
927 3605 1095 3667 actuarius.
1117 3623 1133 3663 u

275 3719 308 3784 Si
330 3739 349 3783 e
371 3724 483 3782 contra
509 3715 672 3782 existimet
694 3714 797 3800 judex
819 3735 932 3784 causas
957 3718 1160 3802 exceptionis
1184 3737 1249 3784 non
1276 3735 1338 3784 esse

230 3835 405 3918 legitimas,
426 3831 482 3897 uel
501 3849 567 3896 non
594 3850 663 3898 esse
691 3831 888 3898 sufficienter
905 3832 947 3898 ab
965 3825 1150 3916 excipiente
1179 3833 1334 3918 probatas,

229 3950 393 4017 scribatur
409 3947 582 4016 decretum
596 3948 659 4014 hoc
675 3948 773 4015 modo
791 3972 798 4016 :
1436 4011 1437 4028 ,

277 4068 430 4148 «Quibus
454 4067 567 4130 tciiiis
592 4073 621 4130 at
641 4069 804 4150 ciiiiqenior
832 4074 1003 4162 perpessus,
1028 4049 1187 4150 judicavit
1210 4086 1336 4132 rascen-
1436 4043 1437 4092 ³

228 4190 286 4251 cius
304 4189 346 4251 N.
369 4187 508 4248 Vicarios
533 4185 694 4264 pecoralis,
720 4203 826 4247 causas
846 4189 1029 4266 ereptionis
1048 4203 1068 4246 a
1087 4185 1210 4248 domino
1220 4188 1260 4250 N.
1278 4203 1330 4260 rao,

226 4308 332 4366 contro
344 4301 496 4364 dominum
510 4302 551 4362 N.
564 4305 765 4362 accusatorem
781 4298 846 4386 (vel
857 4307 963 4365 contro
980 4304 1021 4366 N.
1046 4308 1077 4364 at
1098 4304 1138 4365 N.
1160 4297 1258 4384 katar)
1274 4317 1332 4382 pru

223 4422 351 4502 positas,
379 4433 439 4484 noo
462 4433 524 4478 asse
546 4415 697 4496 lapitimcs
713 4415 852 4502 (velcon
870 4437 932 4481 esse
954 4417 1136 4498 sufficienter
1160 4412 1327 4500 precatui:
