2848 5118
230 361 293 429 tet
574 377 760 426 moranus
783 377 827 424 nn
849 377 997 427 scincus.

184 541 190 560 .
224 507 424 572 «lemnitnte
443 512 480 570 nt
495 507 528 569 in
540 505 643 570 causis
661 503 828 586 civilibus3
844 502 902 569 sed
913 521 974 586 pcr
991 505 1279 589 interrogationem
1287 504 1333 589 ju·

229 647 246 686 a
262 622 346 688 dicis
359 626 393 686 et
404 621 647 704 responsionem
661 621 711 685 rei
723 617 892 686 inducitur
904 619 969 686 litis
984 622 1195 698 contestatio,
1214 621 1334 685 etiamsi

232 761 249 801 s
265 735 466 823 procedatur
476 754 536 820 per
548 737 786 801 accusationem
799 743 833 802 et
847 741 1016 800 accusator
1034 755 1097 801 nou
1108 736 1150 800 sit
1159 753 1337 819 praesens.»

229 855 279 919 lla
305 852 479 934 Pellegrini
503 849 635 936 (Proseis
655 853 860 928 Viooriorum,
879 857 974 933 parte
991 852 1024 926 l,
1052 857 1132 917 sect.
1156 855 1188 929 9,
1215 871 1248 916 n.
1276 850 1336 935 55),

229 971 285 1055 qui
299 969 420 1035 multos
431 967 511 1033 citat
528 974 680 1034 auctores
689 965 778 1032 idem
791 966 972 1044 tradentes,
996 973 1030 1031 et
1048 973 1161 1050 postea
1181 966 1341 1052 subjungit

229 1083 290 1150 boc
301 1081 419 1150 modo:
444 1085 560 1150 «Beue
576 1101 692 1148 verum
708 1092 769 1161 est,
788 1081 875 1168 quod
891 1085 924 1147 in
947 1059 1108 1168 aliquibus
1128 1083 1228 1147 curiis
1246 1083 1342 1148 eccle·
1418 1125 1419 1186 p

233 1201 396 1268 causticis
409 1200 505 1264 aliter
517 1198 710 1284 proceditur
723 1199 832 1284 quoad
848 1200 914 1265 litis
927 1198 1198 1264 contestationem
1215 1199 1341 1283 quaudo
1418 1215 1419 1258 2

232 1341 249 1381 α
267 1315 361 1384 adest
379 1323 559 1393 accusator,
579 1321 613 1381 et
629 1317 724 1381 aliter
739 1314 870 1400 quando
894 1317 1003 1399 agitur
1021 1333 1083 1400 per
1110 1315 1194 1381 viam
1218 1315 1344 1400 inquisi-

232 1457 250 1498 u
263 1435 369 1500 tionis.
385 1435 493 1499 Primo
506 1433 592 1498 enim
608 1451 695 1511 casu,
715 1434 741 1497 si
755 1440 871 1516 agutur
883 1451 945 1517 per
959 1432 1045 1497 viam
1064 1432 1287 1510 accusationis,
1303 1431 1344 1496 ci·

233 1551 326 1617 utari
346 1551 429 1616 solet
447 1568 523 1616 reus
542 1548 585 1614 ad
609 1547 853 1615 contestandum
870 1549 961 1614 litem
975 1567 1075 1632 super
1094 1549 1337 1614 accusatione...

234 1665 401 1749 «Quando
418 1683 498 1730 vero
524 1663 715 1748 proceditur
741 1683 804 1749 per
822 1664 906 1729 viam
932 1663 1160 1748 inquisitionis,
1178 1681 1243 1730 non
1265 1663 1345 1728 fiunt

234 1805 250 1846 u
267 1780 361 1848 dicto
376 1782 545 1846 citationes
555 1778 598 1845 ad
607 1779 853 1846 contestandum
867 1781 971 1858 litem,
984 1781 1060 1864 quia
1071 1799 1137 1844 nou
1149 1787 1200 1844 est
1211 1797 1345 1862 persona
1419 1777 1420 1852 ᾗ

235 1915 339 1963 acum
350 1913 413 1981 qua
428 1896 605 1962 contestari
618 1896 658 1959 lis
672 1895 790 1978 possit;
808 1894 867 1960 sed
884 1895 968 1961 bene
983 1895 1021 1960 fit
1036 1895 1120 2005 aliqs
1132 1901 1235 1973 actus,
1253 1894 1346 1980 aequi·

235 2035 252 2077 a
270 2014 383 2079 valens
398 2011 464 2078 litis
479 2012 718 2088 contestationi,
734 2012 858 2077 scilicet
869 2013 1036 2096 responsio
1055 2013 1104 2078 rei
1121 2031 1225 2096 super
1242 2012 1347 2096 inqui·

235 2131 391 2207 «sitione,
409 2128 487 2195 dum
504 2147 564 2212 per
577 2127 723 2213 judicem
741 2129 957 2194 examinatur.
974 2153 990 2189 a

277 2237 493 2328 Questionem
516 2246 714 2329 propositam
740 2245 943 2310 enucleatius
961 2246 1217 2329 perscrutando,
1236 2245 1348 2312 distin·

233 2360 362 2446 guenda
385 2358 539 2426 uidentur
557 2368 719 2443 tempora.
748 2359 932 2446 Antiquitas
956 2363 1057 2441 enim,
1077 2366 1116 2426 ut
1137 2381 1236 2446 supra
1264 2361 1348 2448 (sub-
1420 2363 1421 2428 l

233 2473 313 2542 nect.
344 2479 471 2558 l,cap.
499 2478 534 2553 5,
556 2492 652 2558 prop.
673 2473 702 2559 l)
724 2474 942 2553 ostendimus,
957 2478 989 2541 in
1006 2477 1111 2542 causis
1132 2477 1347 2543 criminalibus

232 2591 369 2676 procedi
382 2610 447 2656 non
459 2597 589 2675 poterat
603 2592 663 2655 nisi
676 2611 733 2673 per
747 2597 945 2656 accusationis
957 2599 1056 2672 oiom‚·
1080 2600 1114 2658 et
1129 2600 1209 2658 tunc
1220 2609 1347 2677 semper
1421 2601 1422 2612 ¹

230 2707 342 2785 tiebat,
367 2715 401 2772 et
415 2697 658 2792 requirebatur,
681 2713 867 2771 accusatum
880 2707 968 2772 inter
982 2713 1017 2773 et
1033 2714 1270 2786 accusatorem,
1285 2707 1347 2773 litis

231 2824 436 2892 contestatio.
449 2823 544 2889 Unde
561 2828 687 2889 attento
702 2821 764 2889 boc
780 2821 854 2908 jure
873 2826 1052 2901 communi,
1070 2844 1147 2894 vera
1165 2825 1342 2910 reperitur,

232 2942 329 3006 ctiam
346 2938 455 3026 quood
473 2955 645 3025 processus
666 2939 860 3018 criminales,
878 2939 921 3006 de
940 2940 1006 3006 litis
1026 2939 1274 3007 contestationis
1294 2959 1346 3004 ne·

232 3057 380 3126 cointe
393 3056 553 3140 generalis
567 3053 691 3148 regilla.
714 3055 832 3134 Postea
846 3075 936 3135 vero,
955 3077 973 3122 a
992 3041 1196 3140 temporibus
1211 3074 1345 3140 praescr·

231 3175 290 3239 tim
306 3172 485 3239 iunocentii
500 3171 558 3248 lll,
575 3169 708 3236 inducta
724 3179 774 3236 est
789 3172 921 3255 iusuper
931 3177 1137 3254 inquisitionis
1150 3175 1214 3235 oio.
1234 3172 1272 3236 In
1287 3171 1344 3236 hac

232 3297 341 3356 autem
364 3283 538 3353 criminalis
560 3303 729 3370 processus
752 3287 875 3365 forma,
895 3288 957 3353 etsi
977 3305 1038 3371 pro
1058 3295 1168 3354 actore
1192 3287 1344 3373 quodam·

232 3403 330 3471 modo
347 3402 508 3470 habeatur
524 3401 609 3468 fama
623 3401 769 3485 publica,
784 3419 849 3486 qua
864 3408 1032 3487 praeeuute
1050 3421 1128 3469 reus
1140 3405 1173 3468 in
1186 3402 1342 3488 judicium

234 3528 382 3598 vocatur,
404 3517 499 3585 deest
515 3527 626 3584 tamen
640 3519 772 3601 proprie
792 3517 899 3583 dictus
915 3525 1007 3584 actor
1019 3519 1094 3584 eum
1111 3538 1178 3604 quo
1193 3518 1258 3584 litis
1273 3538 1344 3584 con-

232 3631 364 3698 testatio
384 3631 460 3697 fieri
485 3631 595 3714 possit.
633 3631 714 3694 llinc
741 3631 859 3695 merito
880 3629 1008 3696 sublato
1034 3629 1254 3697 contestandae
1278 3631 1343 3695 litis

233 3747 417 3824 necessitas,
431 3753 467 3810 ct
480 3752 720 3828 cousequenter
733 3745 832 3809 etiam
845 3743 1019 3810 necessitas
1030 3745 1216 3829 specialiter
1227 3744 1269 3811 ad
1280 3744 1340 3808 boc

233 3861 356 3930 citandi
369 3881 473 3940 reum,
490 3869 528 3926 ut
541 3860 633 3926 litem
652 3865 873 3944 contestetur3
889 3860 983 3946 eujus
997 3863 1242 3928 contestationis
1255 3862 1336 3940 loco,

232 3977 379 4044 sufficere
407 3978 711 4060 interrogatorium,
740 3993 798 4040 seu
823 3982 1017 4041 constitutum
1038 3978 1087 4065 (ut
1110 3976 1240 4062 vocant)
1265 3977 1336 4052 Rei,

231 4095 331 4172 idest,
347 4093 558 4160 examinantis
579 4091 698 4178 judicis
722 4094 1007 4177 interrogationes,
1026 4103 1062 4161 et
1079 4093 1152 4174 liei,
1175 4096 1222 4162 sic
1242 4096 1339 4161 inter·

231 4213 334 4297 rogati
347 4210 719 4296 responsiones,.ubique
733 4208 908 4276 admissum
923 4218 984 4277 est.

274 4327 356 4393 ilinc
368 4327 456 4392 circa
468 4327 696 4392 necessitatem
715 4325 935 4392 contestando
952 4327 1018 4393 litis
1032 4329 1065 4391 iu
1081 4327 1185 4392 causis
1197 4327 1338 4393 cumina·

229 4437 331 4523 ltu,
355 4439 488 4507 videtur
512 4441 560 4506 sic
585 4437 851 4522 resporrde'ndum
867 4462 875 4505 :
890 4442 916 4506 si
941 4459 1002 4524 per
1025 4443 1110 4512 vum
1132 4443 1339 4509 accusationis
