2878 5114
254 325 316 390 464
600 337 788 386 macrinus
810 337 854 385 ore
877 337 1026 386 mnrcrrs.

296 459 331 522 4⁰
346 454 455 522 Debet
473 456 613 521 examini
628 455 785 520 iuteresse
801 454 955 530 notarius,
974 454 1029 538 qui
1052 456 1239 534 potestesse
1253 459 1351 516 actua-

254 576 322 639 rius
336 593 394 639 seu
409 565 622 638 cancellarius
643 557 834 655 episcopalis
846 571 959 654 curiae3
981 577 1018 634 ut
1036 587 1155 652 nempe
1169 575 1269 634 totum
1284 589 1352 634 era-

256 707 331 754 men
341 689 376 752 in
393 695 466 754 acta
480 686 618 771 redigat.

302 808 336 868 5⁰
354 806 419 868 Pro
435 803 646 869 matrimoniis
660 823 727 864 cam
745 808 858 866 ceteris
876 800 1117 878 contrahendis,
1136 799 1294 883 prohiberi
1305 798 1353 864 de-

255 920 335 985 bent
349 920 390 985 ab
404 918 582 986 ordinariis
603 918 736 1002 parochi
757 938 798 984 ne
820 918 1054 1001 publicationes
1073 917 1296 994 iaciant,‘ante
1309 935 1354 980 re-

255 1044 383 1118 ceptam
399 1053 417 1099 a
433 1036 521 1100 curia
542 1034 714 1118 episcopali
733 1035 985 1111 attestationem,
1007 1032 1096 1117 quod
1115 1051 1175 1115 pro
1189 1034 1244 1098 tali
1259 1033 1356 1096 matri-

255 1152 364 1218 monio
383 1151 539 1234 probatus
562 1151 605 1214 sit
629 1171 688 1234 per
711 1158 812 1214 testes
833 1150 919 1215 liber
941 1157 1055 1214 status.
1076 1149 1157 1213 Cum
1182 1156 1285 1213 autem
1306 1147 1360 1210 hoc

255 1267 453 1332 decernatur
467 1284 621 1348 expresse
632 1284 692 1349 pro
701 1266 912 1330 matrimoniis
921 1261 1153 1330 contrahendis
1169 1269 1358 1341 comestoris,

255 1383 404 1467 sequitur
422 1399 516 1464 posse
527 1381 716 1464 parochnm,
740 1382 767 1445 si
781 1380 993 1446 contrahatur
1008 1383 1282 1459 interdioeeesooos,
1296 1385 1361 1442 aute

256 1504 421 1582 receptam
439 1496 559 1562 dictam
576 1497 816 1561 attestationem
830 1495 1068 1579 publicationes
1083 1496 1194 1561 facere
1213 1517 1220 1562 :
1241 1494 1281 1560 ad
1293 1493 1362 1560 cele

256 1614 439 1680 brationem
448 1620 557 1678 autem
569 1613 765 1677 matrimonii
778 1612 960 1678 necessaria
974 1613 1047 1690 crit,
1063 1613 1162 1677 etiam
1176 1610 1282 1698 quoad
1297 1609 1364 1674 dim
1429 1681 1430 1704 χ

256 1751 401 1809 cesanos,
420 1731 542 1814 praevia
552 1730 608 1796 illa
623 1730 801 1795 attestatio.

300 1846 459 1930 6⁰Quoad
474 1865 583 1930 vagos,
602 1846 742 1929 erigitur
759 1853 797 1910 ut
811 1845 984 1911 exhibeant
1000 1845 1228 1911 attestationes
1242 1843 1363 1910 Ordina-
1427 1883 1428 1894 κ

257 1967 381 2030 riorum
416 1981 549 2030 suorum
577 1962 620 2027 de
659 1967 747 2026 statu
771 1961 893 2045 libero;
928 1967 963 2025 et
990 1963 1123 2044 insuper
1154 1967 1193 2024 nt
1225 1968 1361 2026 servetur

258 2081 428 2147 decretum
449 2078 674 2144 Tridentinum
702 2079 792 2164 (sess.
821 2080 874 2155 24,
903 2097 974 2162 cap.
1003 2087 1033 2154 7,
1062 2081 1099 2141 cle
1120 2083 1188 2160 Res.
1210 2075 1357 2158 matrimi,
1427 2105 1428 2118 r

257 2195 353 2274 idest,
375 2203 413 2260 ut
426 2193 585 2277 parochus
599 2192 642 2258 ad
665 2211 778 2258 eorum
795 2190 1037 2258 matrimonium
1058 2192 1290 2258 celebrandum
1306 2211 1359 2255 non

258 2310 430 2398 procedat,
449 2311 509 2376 uisi
523 2311 700 2376 certiorato
724 2328 782 2374 suo
805 2307 994 2388 (trimano,
1015 2316 1050 2375 et
1071 2309 1210 2376 obtenta
1224 2310 1264 2375 ab
1281 2327 1317 2374 eo
1329 2308 1360 2372 li-

257 2428 375 2494 centia.

301 2543 496 2626 Contingere
512 2550 621 2607 autern
637 2549 745 2625 potest
760 2548 797 2606 ut
812 2539 996 2625 hujusmodi
1014 2539 1085 2624 vagi
1099 2547 1222 2606 statum
1235 2541 1358 2607 liberum

256 2658 395 2742 probare
413 2664 588 2743 nequeant,
607 2675 714 2741 neque
728 2675 790 2740 per
805 2656 1030 2722 attestationes
1042 2656 1290 2723 Ordinariorum
1301 2675 1358 2720 suo

255 2795 340 2854 rum,
354 2795 460 2860 neque
477 2793 538 2858 per
549 2783 661 2840 testes.
677 2775 766 2838 Tunc
778 2781 886 2839 autem
899 2773 1002 2839 solere
1014 2774 1140 2840 institui
1151 2774 1194 2838 ab
1206 2775 1253 2839 eis
1267 2789 1358 2838 recur-
1428 2815 1429 2846 ,

255 2911 327 2956 sum
338 2891 381 2956 ad
391 2893 519 2957 Sacram
527 2881 816 2974 Congregationem
824 2889 1192 2974 inquisitionistestatur
1205 2887 1358 2955 Monacelli

256 3007 305 3072 his
323 3006 454 3073 verbis:
484 3029 500 3066 a
519 3007 618 3084 lli...,
646 3006 672 3070 si
695 3025 831 3070 uxorem
848 3004 970 3069 ducere
996 3004 1109 3082 velint,
1133 3005 1226 3070 etde
1243 3007 1356 3070 illomm

259 3145 276 3183 a
296 3127 384 3189 statu
400 3121 515 3199 libero,
534 3139 641 3204 neque
663 3119 762 3184 fidem
781 3119 1039 3197 Ordinariorum,
1057 3138 1120 3184 nec
1141 3127 1246 3185 testes
1257 3118 1356 3184 aliene

259 3238 435 3315 «valeant,
458 3253 628 3301 recursum
651 3233 773 3300 habere
797 3235 902 3300 solent
916 3233 958 3300 ad
979 3233 1129 3300 eamdem
1146 3237 1275 3301 Sacram
1290 3237 1356 3300 Gon·

259 3378 276 3416 a
292 3355 513 3438 gregationem
534 3353 767 3437 Inquisitionis3
784 3371 854 3437 quae
871 3358 996 3416 attenta
1012 3352 1091 3415 faeti
1106 3355 1314 3436 expositione,
1329 3359 1356 3415 et

260 3493 277 3533 a
295 3471 409 3536 morali
431 3467 688 3552 impossibilitate
705 3475 829 3532 certam
843 3474 946 3532 status
962 3464 1061 3531 fidem
1078 3466 1240 3545 habendi,
1259 3485 1355 3551 preces

259 3586 472 3653 «Ordinariis
485 3585 630 3650 locorum
650 3583 801 3660 remittit,
818 3601 892 3646 curn
904 3581 1059 3648 facultate
1078 3592 1117 3649 ut
1135 3588 1259 3668 possint
1275 3585 1356 3671 (eom

259 3725 277 3766 u
292 3702 510 3785 minataprius
521 3699 714 3764 contrahere
725 3698 909 3764 volentibus
921 3717 1016 3782 poena
1026 3699 1221 3779 triremium,
1235 3701 1356 3766 irremis

259 3815 430 3882 «sibiliter
446 3812 631 3898 infligenda,
654 3815 687 3877 iu
710 3832 786 3878 casu
800 3811 888 3897 quod
907 3813 993 3895 ipsos
1014 3814 1089 3879 ahbi
1112 3814 1235 3881 habere
1254 3833 1355 3881 uxores

259 3955 275 3994 a
295 3933 348 3998 vel
363 3933 448 3998 viros
466 3929 652 4014 detegatur,
675 3929 885 4012 prestitoque
905 3947 966 4012 per
980 3927 1113 3994 eosdem
1126 3929 1308 4014 juramento
1322 3928 1355 3994 ad

258 4072 275 4109 a
292 4049 408 4113 Sancta
425 4047 487 4110 Dei
501 4045 683 4128 Evangeha‚
705 4063 739 4108 se
755 4063 825 4110 esse
841 4043 963 4108 liberos
981 4043 1023 4134 ad
1040 4045 1305 4132 contrahendum)
1322 4043 1354 4109 ad

257 4162 541 4229 «celebrationem
560 4158 755 4224 matrimonii
775 4157 946 4242 devenire3
969 4167 1090 4224 utnon
1114 4162 1217 4227 semel
1231 4161 1305 4226 mihi
1316 4162 1354 4226 in·

144 4327 146 4332 .
257 4277 370 4344 «cidit
388 4286 535 4359 tempore
552 4293 617 4360 quo
636 4293 771 4340 munere
795 4274 975 4339 vicariatus
995 4274 1168 4360 fungebar.
1185 4277 1304 4342 Verum
1315 4283 1354 4340 est
1427 4265 1428 4292 ¹

257 4417 273 4457 a
292 4415 329 4460 ae
363 4401 466 4471 mutu,
482 4390 526 4458 od
536 4409 601 4455 non
612 4408 743 4474 semper
757 4409 850 4456 sacra
865 4369 1072 4482 congregatio
1085 4392 1297 4459 sanctiOllicii
1308 4411 1355 4480 pro
