2948 5126
234 473 237 478 Ι
263 399 300 460 18
599 411 786 459 amerinus
808 413 853 458 nn
874 409 1022 459 runicus.

256 553 356 602 novas
375 532 549 620 dignitates
562 535 768 618 promoveri:
790 540 915 602 constat
929 553 970 599 ex
992 535 1097 618 eapite
1114 539 1305 618 Omnipotens
1322 533 1366 622 (4,

255 651 306 717 tit.
330 653 359 730 l,
376 649 450 717 libri
469 647 651 738 5decret.),
669 650 727 717 ubi
742 649 903 717 babetur:
924 653 1019 715 Valde
1031 670 1123 732 praue
1140 658 1195 732 est,
1217 658 1253 714 ut
1269 656 1320 713 uir
1333 651 1372 716 de

254 787 312 848 quo
327 774 413 831 tanto
430 775 460 830 et
476 770 553 831 tutio
567 772 750 831 nuntiantur
768 763 844 853 (curn
857 773 927 830 unte
941 771 1056 848 requiri
1068 769 1216 830 etdiscuti
1228 761 1367 858 debeant)

253 882 426 949 nonoretur.
441 883 483 948 Et
497 881 584 949 idem
600 890 731 949 cautum
744 890 822 948 erat
834 880 909 966 jure
930 882 1084 948 Romano.
1105 879 1202 968 (Lege
1213 886 1302 962 Rue,
1334 879 1368 946 u.

254 999 291 1061 de
306 1001 480 1064 Muneribus
486 1022 502 1080 ,·
525 1006 559 1064 et
576 999 649 1083 lege
674 998 768 1064 unica
782 998 818 1062 C.
845 1001 883 1062 de
896 1003 966 1062 Reis
979 992 1200 1081 postulandis.)
1218 996 1322 1082 Atque
1337 997 1373 1062 in

253 1107 313 1178 hac
324 1111 526 1181 admittenda
544 1113 687 1198 generali
698 1114 812 1199 regula
826 1111 1027 1179 concordant
1042 1112 1203 1180 doctores.
1219 1111 1372 1200 «Estque

256 1249 274 1290 u
285 1227 347 1292 hoc
356 1229 402 1294 ita
411 1249 537 1309 verunt,
552 1238 590 1296 nt
601 1230 762 1313 promotio
774 1229 818 1295 sic
830 1229 980 1307 accusati,
996 1226 1189 1307 denuntiati,
1204 1228 1257 1295 vel
1268 1209 1374 1314 inqui-

256 1365 273 1405 «
285 1343 337 1409 siti
353 1365 418 1410 non
432 1351 556 1424 teneat,
579 1346 703 1412 etiamsi
715 1351 829 1430 postea
851 1365 912 1430 per
929 1345 1122 1412 sententiam
1142 1345 1375 1430 pronuntietur

258 1459 453 1540 «innocens
469 1460 528 1528 sed
542 1449 628 1528 noua
642 1464 829 1547 requiratur
842 1462 1014 1544 promotio.
1031 1460 1114 1526 Hinc
1125 1479 1167 1528 ne
1180 1459 1371 1526 iraudaden-

255 1595 272 1635 u
282 1579 336 1639 ter
345 1573 515 1660 objiciatur
527 1578 659 1656 crimen,
670 1576 929 1663 utpromovendi
939 1576 1138 1661 impediatur
1146 1574 1366 1655 commoditas,

255 1711 272 1750 u
289 1688 390 1756 debet
405 1691 529 1775 praefigi
542 1693 701 1759 terminus
719 1691 912 1772 accusatori,
933 1691 1021 1757 intra
1037 1711 1134 1778 quem
1150 1692 1288 1778 probet;
1305 1709 1371 1777 quo

255 1805 395 1889 «elapso
409 1811 444 1872 et
455 1807 692 1891 nihilprobato,
711 1810 834 1892 poterit
852 1808 1000 1892 superior
1018 1805 1104 1874 serre
1121 1809 1317 1875 sententiam
1325 1807 1372 1871 in-

269 1922 533 1989 uterlocutoriam
545 1944 644 2009 super
654 1925 840 1992 innocentia
859 1922 970 2004 delati,
997 1931 1031 1990 et
1045 1932 1158 2010 postea
1172 1924 1279 2010 ipsum
1293 1942 1371 2008 pro-

256 2057 463 2106 movere.»
490 2039 799 2128 (Schmalzgrueber,
826 2042 859 2106 in
884 2042 936 2107 tit.
958 2045 986 2122 l,
1007 2041 1082 2107 libri
1103 2045 1121 2106 5
1143 2040 1369 2120 decretalium,

263 2173 296 2218 n.
315 2151 404 2239 117.)

299 2270 443 2337 Diximus
457 2279 567 2338 autem
589 2275 782 2354 reputor-tter,
797 2272 1027 2358 obsequentes
1041 2271 1128 2338 illius
1144 2272 1304 2358 generalis
1319 2291 1373 2340 re-

256 2386 339 2470 gulae
354 2383 561 2452 limitationes
579 2409 586 2452 :

301 2503 416 2566 Primo.
448 2501 480 2565 Si
507 2508 695 2582 accusatus,
713 2503 880 2588 pendente
902 2504 1120 2583 accusatione,
1144 2503 1187 2573 ad
1221 2502 1373 2573 ordinem

257 2616 398 2702 aliquem
416 2635 541 2682 sacrum
560 2624 802 2703 promoveatur,
819 2617 912 2684 verbi
926 2618 1038 2702 gratia,
1060 2611 1087 2684 si
1101 2620 1278 2706 Episcopus
1298 2640 1374 2686 con-

257 2737 417 2810 secretur,
435 2729 559 2798 valebit
576 2732 669 2812 ordo,
694 2739 732 2797 ut
748 2729 856 2817 patet,
883 2751 958 2797 cum
971 2741 1114 2818 nequeat
1131 2734 1204 2820 lege
1232 2733 1374 2802 bumana

249 2829 426 2910 annullari.
445 2845 541 2912 Unde
560 2848 594 2912 in
612 2847 747 2931 praefata
767 2849 881 2933 regula
899 2849 1005 2932 agitur
1019 2847 1188 2916 dumtaxat
1211 2851 1254 2918 de
1273 2849 1374 2936 digni-

256 2958 377 3024 tatibus
394 2977 465 3043 quae
476 2961 548 3046 lege
560 2960 699 3028 humana
707 2964 829 3029 irritari
843 2971 878 3029 et
890 2963 1051 3029 annullari
1060 2974 1206 3050 possunt.

301 3077 446 3140 Secundo.
468 3077 512 3141 Ut
527 3076 617 3143 locus
634 3078 675 3143 sit
687 3076 781 3144 dictae
793 3079 926 3164 regulae,
942 3086 1073 3164 oportet
1087 3099 1106 3146 a
1119 3080 1262 3166 legitimo
1274 3100 1373 3172 'accu-

257 3196 371 3282 satore!
382 3189 506 3256 crimen
519 3193 649 3276 opponi.

253 3299 259 3314 '
303 3309 414 3371 Tertio.
434 3305 543 3373 Debet
568 3314 728 3391 praterea
752 3310 876 3375 crimen
894 3330 963 3377 esse
983 3329 1101 3396 grare3
1129 3310 1256 3379 leviora
1285 3315 1373 3382 enim

251 3403 410 3500 crimina,
438 3421 499 3487 etsi
525 3423 677 3507 probata,
700 3427 937 3510 promotionem
960 3426 1003 3493 ad
1031 3427 1205 3514 dignitates
1224 3449 1290 3496 nan
1312 3431 1374 3497 im-

260 3534 410 3620 pediunt.

302 3647 429 3734 Qourto.
458 3653 490 3717 Si
522 3662 694 3723 accusetur
721 3660 931 3724 communitas
953 3677 1011 3724 seu
1034 3658 1225 3746 collegium,
1251 3663 1374 3746 poterit

257 3762 395 3852 quilibet
412 3766 455 3834 de
474 3767 620 3854 collegio,
636 3763 982 3858 quisingulariternon
1000 3763 1181 3857 accusatur,
1203 3773 1246 3843 ad
1268 3775 1375 3862 digni-
1456 3841 1458 3846 ,

256 3886 359 3949 tatem
376 3887 574 3969 promoveri.

302 4003 425 4080 Quinto.
452 4002 520 4070 Nec
541 4001 720 4086 impeditur
741 3989 914 4088 promotio,
937 4005 963 4072 si
984 4007 1146 4074 accusatio
1174 4005 1216 4074 de
1239 4008 1373 4077 crimine

260 4118 392 4180 ciuiliter
407 4113 576 4183 dumtaxat
593 4123 805 4202 proponatur.

301 4234 405 4296 Sento.
420 4233 503 4298 Item
518 4233 546 4298 si
560 4253 601 4299 ex
612 4233 807 4320 conjecturis
822 4245 978 4320 appareat
991 4258 1085 4305 reum
1104 4239 1299 4309 calumniose
1320 4241 1376 4308 dc·

178 4415 182 4425 ,
256 4344 360 4412 latum
377 4365 460 4425 esse,
478 4366 518 4414 eo
537 4350 642 4416 animo
665 4355 736 4416 uta
758 4352 851 4418 novis
870 4352 1048 4420 honoribus
1065 4362 1227 4435 arceatur,
1251 4356 1375 4442 poterit

256 4459 493 4526 nonobstante
519 4461 721 4531 accusatione
743 4466 938 4548 promoveri.
1003 4465 1015 4473 ”
1041 4465 1044 4473 ’
1137 4469 1141 4475 ’
