2914 5122
261 403 321 468 114
601 417 788 466 rmcrrrns
810 418 855 465 nu
877 417 1025 464 tumens.

261 553 362 613 tatem
379 535 539 625 reincidit)
560 542 692 626 quando
714 564 791 608 rcus
808 543 877 626 ipse
897 537 1052 606 delictum
1073 539 1176 623 palam
1195 532 1373 605 confiteba-

255 663 323 741 tur,
340 660 461 745 absque
478 665 664 724 accusatore
685 660 879 725 sententiam
901 658 982 724 ferri
1002 656 1129 723 solitam
1155 654 1255 723 luisse
1281 664 1374 722 extra

256 775 509 846 controversiam
537 783 598 842 est.
626 777 710 842 Item
734 777 766 841 in
789 783 886 840 causis
909 777 993 856 fidei,
1022 774 1152 861 quando
1178 775 1259 860 quis,
1282 773 1374 841 verbi

254 895 368 980 gratia,
393 901 558 976 tamquam
579 891 739 958 haereseos
765 912 843 958 reus
862 891 904 956 ad
928 889 1072 956 tribunal
1091 890 1282 969 vocabatur,
1308 887 1375 955 abs

254 1029 318 1098 quc
340 1018 526 1076 accusatore
543 1010 676 1094 proprie
699 1010 800 1088 dicto,
820 1028 910 1074 seua
926 1005 1038 1093 judice
1062 1016 1119 1074 aut
1142 1007 1276 1092 publico
1301 1002 1375 1073 offi-

254 1127 326 1193 ciali
340 1125 503 1205 distincto,
523 1145 709 1209 processum
724 1126 881 1210 expedire
895 1125 1035 1203 licuisse,
1050 1125 1161 1192 forsan
1176 1124 1312 1210 probari
1325 1143 1376 1208 po

253 1252 320 1310 test
335 1265 376 1311 ex
391 1244 590 1328 antiquitatis
600 1242 814 1309 documentis.
833 1242 963 1309 Secluso
978 1262 1058 1308 vero
1072 1241 1134 1308 hoo
1149 1239 1272 1326 duplici
1284 1261 1372 1319 casu,

255 1361 287 1424 in
310 1360 435 1424 cacteris
464 1356 649 1424 criminibus
667 1357 768 1424 solam
796 1355 944 1424 adhiberi
974 1357 1207 1424 accusatoriam
1236 1357 1373 1422 formam

253 1475 379 1540 licitum
400 1474 510 1552 luisse,
527 1482 688 1558 tamquam
706 1473 908 1560 probabilius
926 1475 959 1539 in
981 1473 1041 1539 hac
1059 1474 1143 1540 thesi
1162 1475 1371 1540 sustinemus.

254 1590 293 1656 Id
319 1591 439 1658 scilicet
463 1589 677 1657 vehementer
699 1591 837 1656 suadere
861 1592 928 1658 uisa
956 1596 1031 1656 suut
1054 1590 1148 1673 plura
1173 1591 1374 1680 antiquitatis

255 1705 461 1772 documenta.
479 1701 642 1772 Probatur
659 1705 770 1791 itaque
786 1705 885 1772 thesis
904 1729 910 1772 :

301 1828 335 1888 1⁰
351 1829 402 1889 Ec
430 1831 531 1888 sancto
551 1831 661 1906 Optato
689 1811 874 1888 Mttccitooc.
899 1863 944 1872 -
967 1815 1148 1890 Macharius
1175 1821 1310 1910 qnidam
1334 1819 1373 1888 ad

256 1939 510 2024 'compescendos
524 1941 830 2005 Donatistasmissus
844 1940 964 2006 iuerat.
976 1941 1013 2004 ui
1028 1939 1318 2023 exprobraverunt
1329 1939 1373 2002 in-

255 2064 308 2121 ter
322 2055 382 2119 alia
392 2055 578 2132 Donatista,
595 2052 683 2138 quod
700 2055 870 2120 nonnullos
887 2052 1032 2118 homibes
1044 2053 1258 2137 trucidasset;
1276 2061 1374 2140 atque

255 2171 332 2236 inde
354 2170 594 2238 contendebant
619 2190 695 2236 eum
728 2170 915 2236 debuissea
937 2171 1101 2237 catholicis
1127 2171 1297 2254 Episcopis
1323 2190 1375 2235 ex·
1450 2255 1451 2262 ἵ

255 2287 508 2352 communicari:
530 2285 707 2370 respondet
724 2294 854 2351 sanctus
870 2287 1010 2370 Optatus
1035 2285 1137 2352 officio
1158 2305 1217 2353 suo
1233 2306 1301 2351 non
1321 2285 1376 2352 de
1450 2267 1451 2280 ¹

257 2403 357 2468 fuisse
376 2404 549 2486 Episcopos
563 2401 739 2468 catholicos
755 2401 950 2468 Macharium
966 2422 1031 2467 non
1048 2403 1373 2486 excommunicando;

254 2528 354 2608 primo
370 2521 445 2606 quia
461 2521 521 2585 etsi
538 2524 703 2585 constaret
722 2519 763 2586 ab
785 2539 824 2586 co
840 2519 996 2606 quosdam
1017 2519 1116 2586 fnisse
1132 2521 1205 2586 neci
1224 2520 1374 2600 traditos,

258 2657 322 2703 non
334 2643 443 2702 tamen
458 2635 627 2700 constabat
639 2634 675 2700 id
693 2634 812 2722 injuste
830 2635 928 2702 fuisse
944 2645 1132 2720 peractnm;
1149 2639 1288 2714 ccccmo,
1305 2638 1376 2721 quia

257 2753 405 2819 nondum
426 2754 514 2818 ullus
534 2761 648 2819 contra
672 2772 748 2818 eum
764 2752 935 2836 prodierat
952 2753 1041 2838 apud
1057 2754 1232 2837 Episcopos
1247 2773 1376 2819 accusa-

259 2876 313 2934 tor
331 2891 337 2933 :
359 2893 373 2929 c
392 2867 456 2934 Sed
467 2868 535 2933 haec
551 2868 707 2933 sileantur
726 2889 733 2932 :
751 2867 896 2933 dicamus
912 2877 945 2934 et
961 2889 1019 2934 nos
1034 2868 1122 2953 quod
1138 2868 1256 2946 dicitis,
1282 2888 1374 2935 reum
1449 2917 1450 2947 q

263 2985 393 3048 ciuisse
409 2983 607 3048 Macharium
624 2983 777 3068 :quodsi
795 2983 870 3063 fuit,
889 2993 1076 3050 accusatore
1100 2985 1227 3062 silente,
1247 3005 1265 3050 a
1288 2983 1376 3050 nobis

264 3124 281 3162 «
294 3117 360 3164 non
375 3099 470 3164 licuit
486 3099 652 3164 abstineri.
676 3098 840 3182 Scriptum
858 3108 908 3165 est
920 3101 1019 3178 enim,
1035 3101 1290 3184 antecognitum
1309 3119 1377 3194 cau·
1448 3085 1449 3124 ³

264 3239 279 3274 u
295 3233 362 3281 sam
380 3215 543 3280 neminem
562 3233 631 3281 esse
645 3213 876 3282 damnandum.
893 3217 1009 3296 Dicite,
1024 3217 1095 3302 quis
1111 3235 1186 3283 cum
1202 3218 1374 3290 accusavit,

228 3423 232 3430 ἱ
265 3355 281 3393 u
298 3339 333 3396 et
347 3329 477 3396 nuditus
491 3341 557 3396 non
576 3331 652 3397 est?
670 3324 776 3397 Dicite
791 3331 987 3398 Macharium
1008 3332 1189 3399 confessum
1217 3353 1288 3399 esse
1313 3333 1378 3398 cul-

265 3469 282 3510 «
301 3465 386 3531 pam,
408 3454 442 3512 et
454 3456 597 3513 nostram
613 3447 738 3513 siluisse
760 3449 983 3515 sententiam?
998 3451 1114 3514 Sumus
1137 3451 1234 3529 enim,
1253 3449 1378 3536 quales·
1447 3521 1448 3536 ἦ

257 3592 280 3624 a
300 3579 449 3648 cumque,
466 3562 596 3648 judices
621 3565 655 3628 in
681 3565 845 3649 Ecclesia;
873 3565 961 3650 quod
991 3574 1026 3631 et
1049 3567 1111 3650 ipsi
1144 3583 1209 3633 non
1238 3568 1375 3651 negatis;
1447 3551 1448 3580 l

188 3717 189 3722 κ
267 3677 390 3764 equod
408 3697 466 3743 nos
486 3678 614 3776 judices
635 3696 704 3745 esse
725 3693 821 3745 veros
837 3679 960 3746 debere
977 3682 1184 3748 contenditis.
1202 3683 1274 3747 Non
1296 3683 1378 3748 enim

267 3803 468 3879 «possumus
489 3791 601 3860 facere
620 3793 708 3880 quod
728 3813 793 3859 non
814 3795 896 3862 lecit
918 3799 1017 3891 Deus!
1037 3798 1092 3882 qui
1118 3799 1151 3864 in
1173 3796 1296 3882 judicio
1323 3815 1377 3863 suo

267 3932 282 3968 a
303 3927 458 3993 personas
479 3919 632 3995 separare
658 3911 807 3994 dignatus
832 3921 905 3996 est;
925 3932 986 3979 nec
1009 3913 1163 3980 eumdem
1187 3912 1290 3980 voluit
1311 3932 1378 3980 esse

267 4049 283 4087 u
302 4034 523 4093 accusatorem
532 4036 572 4093 et
583 4024 740 4112 jndicem.
758 4029 827 4093 Non
843 4029 928 4093 enim
939 4037 1051 4114 'potest
1061 4031 1132 4116 quis
1144 4031 1179 4095 in
1191 4049 1256 4095 una
1271 4049 1373 4106 causa,
1446 4015 1447 4034 .

266 4165 283 4204 «
302 4141 417 4208 eodem
436 4149 601 4208 momento
622 4139 703 4208 duas
723 4151 856 4226 portare
872 4160 1044 4229 personas3
1063 4150 1101 4210 ut
1116 4145 1149 4210 in
1166 4145 1282 4212 eodem
1295 4141 1379 4229 judi·

267 4261 350 4322 acio
363 4264 400 4322 *et
418 4265 589 4322 accusator
605 4274 675 4323 esse
698 4260 798 4341 possit
820 4267 853 4324 et
866 4257 982 4344 judex.
1002 4257 1099 4342 Quod
1119 4261 1208 4325 Deus
1232 4274 1293 4325 nec
1321 4278 1379 4344 per

268 4372 565 4454 «omnipotentiam
595 4371 684 4437 fecit.
711 4373 757 4438 Ut
784 4375 879 4440 uobis
904 4374 1073 4459 judicandi
1106 4375 1245 4443 formam
1273 4383 1377 4441 osten·
