2914 5122
250 333 291 398 92
582 344 769 395 raacrsrus
793 347 838 394 na
863 342 1011 394 runicus.

247 495 264 531 a
281 477 457 556 cognoscet
469 471 575 557 primo
588 469 692 555 judex
705 477 817 536 utrum
836 470 879 535 sit
901 470 1075 535 infamatus
1089 490 1097 553 ;
1116 473 1151 536 et
1162 477 1276 554 postea
1292 489 1366 554 pro·

246 611 263 647 a
281 587 378 652 cedet
389 557 495 670 super*
502 588 540 652 iis
556 605 627 672 quae
643 585 833 652 denuntiata
843 593 936 652 sunt:
954 583 1031 649 alias
1045 605 1110 650 non
1119 584 1287 668 procedat,
1303 587 1362 651 nisi

246 727 263 764 a
276 703 380 786 primo
395 707 521 767 constet
542 698 631 787 quod
651 700 825 766 infamatus
844 701 896 765 sit.
912 721 928 761 a
946 699 1039 765 Ratio
1059 697 1250 794 differentia
1275 701 1365 767 inter

242 818 326 886 hanc
341 825 375 884 et
387 816 628 903 praecedentem
643 818 883 882 conclusionem
899 823 959 893 est,
977 815 1067 901 quod
1080 815 1159 882 dum
1173 815 1278 901 judex
1290 836 1365 900 pro·

243 933 333 1002 cedit
355 954 395 1000 ex
417 953 508 1000 mero
524 933 647 1012 officio,
674 931 795 999 debeat
816 933 884 1016 ipse
900 939 1011 997 notam
1029 930 1148 997 habere
1165 931 1330 998 infamiam
1354 956 1361 1000 :

244 1070 317 1117 cum
332 1069 414 1116 rero
436 1052 614 1116 intervenit
638 1050 858 1124 denuntiator,
881 1046 955 1113 huic
976 1046 1133 1113 incumbit
1147 1050 1305 1132 praeviam
1320 1051 1365 1113 in-

158 1156 162 1164 *
242 1168 370 1234 famiam
382 1167 591 1251 probareipsi
601 1165 715 1252 judici,
734 1175 772 1232 ut
785 1166 812 1230 is
827 1163 869 1230 ad
883 1162 1113 1250 inquirendum
1124 1163 1166 1230 de
1176 1165 1365 1232 criminibus

242 1282 440 1348 denuntiatis
460 1301 530 1348 sese
549 1280 760 1348 determinet.

285 1397 476 1463 Adoctrina
494 1397 658 1462 communi
676 1397 811 1461 recessit
825 1396 859 1460 in
876 1395 936 1462 hoc
956 1393 1029 1462 loco
1042 1396 1253 1463 Reiffenstuel
1274 1397 1362 1484 (vide

241 1514 276 1579 in
289 1514 340 1578 tit.
361 1516 390 1590 l,
411 1513 468 1577 lib.
488 1515 507 1576 5
527 1511 632 1590 decr,
659 1532 692 1575 n.
715 1509 802 1595 194),
831 1510 890 1576 sed
910 1530 1025 1598 parum
1048 1511 1204 1595 feliciter3
1223 1520 1258 1578 et
1284 1510 1364 1577 dum

242 1627 347 1716 (ibid,
366 1649 399 1692 n,
421 1625 494 1712 184)
514 1625 834 1714 queriturdoctores
851 1646 925 1692 cum
947 1625 1148 1706 difficultate,
1163 1628 1364 1695 obscuritate

239 1752 275 1812 et
290 1743 598 1810 contradictionibus
611 1743 775 1825 scripsisse
797 1741 839 1807 dc
862 1743 996 1808 materia
1013 1742 1276 1823 denuntiationis,
1293 1747 1364 1829 ipse

239 1869 273 1933 in
299 1859 358 1925 hac
384 1867 478 1943 parte
502 1859 678 1944 genuinum
702 1857 788 1942 juris
820 1859 963 1924 canonici
985 1860 1168 1938 tramitem,
1198 1861 1364 1927 nonsatis

239 1983 348 2054 reete,
367 1993 439 2040 meo
458 1973 589 2059 quidem
599 1972 737 2059 judicio,
762 1973 949 2039 delineavit.

284 2091 323 2155 V.
344 2093 494 2172 Quomodo
511 2093 667 2172 probanda
686 2095 728 2154 sit
736 2096 854 2174 precia
868 2092 1076 2170 infamiai-
1088 2091 1170 2157 Huic
1179 2093 1359 2178 quaestioni,

239 2205 463 2272 innocentium
479 2207 524 2271 lv
543 2207 645 2271 citans
661 2211 694 2270 et
712 2224 863 2290 sequens,
881 2206 926 2270 sic
941 2206 1119 2288 respondet
1133 2207 1304 2291 Fagnanns
1319 2209 1363 2295 (in

237 2322 290 2388 tit.
316 2325 345 2400 i,
369 2323 392 2388 1.
416 2318 711 2405 5decr.,n.85):

284 2462 300 2501 a
318 2439 421 2504 Testis
433 2437 599 2522 deponere
615 2437 727 2518 debet,
747 2458 823 2504 eum
837 2439 955 2525 dequo
970 2439 1088 2524 agitur,
1102 2437 1145 2505 de
1159 2440 1216 2504 tali
1226 2440 1361 2508 crimine

239 2553 472 2621 «diffamatum
488 2575 558 2620 esse
574 2576 581 2638 ;
600 2555 864 2640 etinterrogatus
883 2555 971 2640 apud
997 2575 1078 2642 quos
1097 2556 1140 2622 sit
1158 2554 1354 2637 diffamatus,

239 2696 255 2734 a
277 2670 477 2756 respondere
491 2681 624 2739 tenetur
635 2671 723 2757 apud
742 2673 840 2756 tales3
859 2680 893 2737 et
911 2673 971 2738 nisi
986 2691 1043 2739 eos
1055 2675 1209 2753 nominet,
1228 2695 1293 2740 non
1310 2676 1359 2741 vi·

238 2812 254 2849 a
274 2787 373 2854 detur
389 2787 530 2855 reddere
546 2788 664 2855 bonam
692 2807 820 2855 causam
843 2787 922 2853 dicti
938 2790 998 2854 sui.
1027 2790 1068 2854 Et
1090 2791 1173 2855 ratio
1198 2796 1259 2872 est,
1282 2793 1358 2876 quia

238 2927 255 2965 «
274 2904 368 2969 aliter
381 2904 534 2969 sciriuon
548 2912 658 2987 potest
676 2924 717 2968 an
736 2904 782 2970 illi
800 2904 864 2968 sint
883 2903 964 2969 viles
981 2912 1015 2970 et
1029 2906 1193 2985 malevoli,
1217 2926 1356 2973 unvero

238 3042 254 3080 a
270 3015 337 3084 fide
350 3017 457 3103 digni3
477 3017 519 3084 de
537 2995 691 3104 queunte
707 3019 813 3083 omnia
830 3017 932 3103 judici
953 3027 1102 3085 constare
1118 3018 1260 3087 debet...
1290 3025 1357 3090 De·

237 3157 254 3196 a
270 3133 421 3217 betergo
438 3131 546 3200 dicere
569 3155 576 3199 :
598 3132 686 3217 apud
701 3134 785 3198 tales
800 3140 833 3199 et
844 3134 927 3200 tales
939 3143 990 3200 est
1004 3143 1185 3219 suspectus,
1202 3137 1355 3221 qniahaeo

237 3272 253 3310 a
270 3249 310 3316 ab
327 3250 373 3314 eis
384 3248 504 3326 audivi,
522 3257 556 3315 et
573 3249 640 3316 vidi
654 3268 709 3315 eos
723 3251 827 3315 vitare
837 3250 936 3332 ipsius
953 3250 1216 3316 familiaritatem.
1232 3253 1273 3318 Et
1282 3255 1356 3320 sub

234 3388 250 3426 a
269 3362 318 3430 dit
329 3365 547 3443 Innocentius
575 3364 722 3433 sufficere
740 3366 766 3430 si
787 3363 916 3431 dicatur
934 3385 952 3430 a
968 3365 1098 3432 duobus
1121 3387 1157 3432 se
1177 3367 1351 3448 audivisse,

233 3503 250 3542 a
266 3481 340 3566 quia
356 3487 464 3546 textus
480 3489 592 3547 noster
600 3482 786 3567 loquiturin
800 3481 928 3566 plurali,
943 3481 998 3561 ibi,
1013 3488 1154 3566 providis
1167 3493 1196 3548 et
1206 3487 1353 3566 honestis,-

232 3620 249 3658 ι(
268 3616 345 3682 ergo
363 3597 524 3663 sufficiunt
547 3597 614 3664 duo
630 3598 717 3685 (lege
735 3602 793 3662 Ubi
811 3619 963 3677 nummu,
986 3598 1018 3663 ii.
1037 3603 1074 3664 de
1105 3599 1266 3686 Testtbas).
1291 3602 1353 3669 Ad·

232 3737 249 3776 «
265 3722 358 3780 verte
372 3722 481 3782 tamen
493 3715 569 3801 quia
595 3734 660 3782 non
679 3714 794 3779 sufficit
814 3715 840 3779 si
858 3714 951 3779 testis
974 3713 1063 3780 dicat
1081 3717 1168 3800 apud
1183 3716 1265 3784 duos
1281 3739 1351 3785 esse

231 3853 247 3891 a
266 3838 469 3914 suspectum3
497 3831 572 3916 quia
596 3850 637 3895 ex
663 3829 725 3894 boc
755 3850 820 3895 non
858 3837 943 3895 essct
973 3830 1113 3912 probata
1137 3831 1223 3898 lama
1254 3855 1261 3899 :
1293 3834 1353 3900 sed

230 3955 392 4030 «oportet
422 3967 497 4013 enm
524 3945 648 4012 addere
672 3948 705 4011 in
723 3966 782 4016 sno
798 3947 1004 4027 testimonio,
1039 3948 1128 4032 quod
1156 3947 1217 4014 hoo
1244 3952 1351 4035 ipsum

229 4063 352 4147 «quod
373 4063 498 4130 audivit
513 4063 554 4130 ab
574 4063 636 4127 illis
657 4063 796 4140 duobus,
825 4063 941 4129 clamat
957 4063 1060 4148 major
1078 4084 1154 4149 pars
1182 4067 1347 4134 viciniae...

230 4177 540 4259 «Quidamtamen,
559 4187 597 4245 ut
619 4177 748 4264 subjicit
772 4180 980 4245 Innocentius
994 4179 1039 4266 (in
1057 4180 1108 4245 tit.
1130 4185 1159 4257 l,
1177 4181 1236 4246 lib.
1260 4185 1278 4246 5
1296 4179 1349 4248 de·

229 4292 447 4368 acretalium,
470 4311 503 4356 n.
525 4289 571 4375 4),
592 4311 657 4357 non
675 4291 935 4375 improbabiliter
960 4290 1075 4357 dicunt
1101 4294 1177 4359 satis
1200 4311 1282 4371 esse,
1311 4305 1347 4361 ut

228 4412 384 4484 «testes,
404 4407 500 4473 etiam
525 4407 620 4473 nullis
645 4409 790 4492 personis
813 4408 993 4492 expressis,
1023 4407 1154 4475 dicant:
1177 4429 1291 4477 rumor
1313 4416 1345 4475 et
