2848 5118
253 375 319 439 nto
603 367 790 438 morasus
812 391 856 437 nra
877 388 1027 438 romeus.

257 539 274 580 a
291 517 414 595 nativi,
433 491 505 582 sive*
514 515 731 602 capitulorum
741 522 797 581 aut
813 521 1032 601 repertorum,
1047 514 1210 582 tradenda
1221 524 1269 582 est
1280 533 1357 582 sum·

256 613 274 694 a
291 630 401 718 ptibus
412 631 514 716 ipsius
524 631 595 707 nei,
607 630 663 718 qui
673 638 788 715 petere
803 631 890 696 illam
903 629 1006 697 debet
1021 631 1253 698 auctariosive
1262 639 1359 696 actua·

255 748 339 814 ario
360 766 478 830 causae3
499 766 574 812 cum
603 744 705 831 judex
729 746 863 814 functus
878 747 920 812 sit
939 746 1041 815 officio
1063 767 1122 813 suo
1142 748 1176 812 in
1198 747 1271 826 boc,
1290 746 1357 812 dun

256 849 275 926 a
289 863 440 930 decrevit
454 864 542 929 illam
556 882 627 929 esse
642 862 848 930 tradendam.
875 861 970 929 Fallit
989 870 1099 929 tamen
1116 863 1180 930 boc
1196 865 1230 928 in
1253 883 1359 947 paupe

256 1002 274 1041 a
292 978 393 1059 ribus,
408 979 525 1064 quibus
549 979 711 1045 tradenda
735 986 786 1045 est
807 979 910 1063 copia,
932 978 999 1044 sive
1023 979 1186 1064 originalis
1201 995 1359 1064 processus

253 1077 359 1162 eloco
372 1095 482 1178 copiae,
498 1095 608 1178 gratis.
627 1117 643 1155 a
673 1093 898 1182 (Pellegriuus
917 1103 1003 1179 part.
1020 1094 1053 1171 4,
1073 1101 1154 1160 sect.
1176 1097 1228 1170 10,
1247 1113 1280 1159 n.
1298 1091 1354 1177 ll.)

297 1213 331 1276 6.
349 1209 529 1276 Publicatio
543 1229 714 1295 processus
729 1208 896 1293 duplicem
910 1209 1013 1274 trahit
1023 1208 1118 1275 ualde
1135 1209 1311 1277 notabilem
1320 1209 1362 1273 el·

252 1327 397 1392 fectum:
423 1329 455 1390 1⁰
468 1345 584 1410 nempe
600 1334 638 1391 ut
648 1324 715 1410 jam
727 1331 868 1411 nequeat
880 1324 983 1414 (juxta
992 1325 1247 1410 probabiliorem
1258 1327 1361 1391 saltem

252 1431 426 1509 doctorum
445 1437 649 1525 sententiam)
670 1442 760 1506 ullus
779 1442 860 1506 alius
874 1441 968 1507 testis
986 1460 1047 1525 pro
1066 1441 1294 1507 informatione
1315 1459 1361 1505 cu·

252 1559 307 1624 rioe
317 1556 446 1624 admitti
461 1566 495 1623 et
511 1557 689 1623 examinari
699 1555 796 1650 ⁵(vide
810 1556 1042 1640 Pellegrinum
1061 1562 1147 1640 part.
1163 1557 1196 1633 4,
1214 1563 1296 1621 sect.
1315 1557 1359 1631 ta,

254 1695 287 1754 n„
312 1671 387 1759 20);
405 1678 440 1741 2⁰
459 1682 497 1739 ut
515 1693 572 1739 reo
587 1673 719 1757 incipiat
734 1671 788 1758 jus
801 1642 958 1738 habendae
978 1691 1148 1756 processus
1158 1673 1270 1760 copiae.

299 1800 330 1857 7.
352 1790 509 1872 Quamvis
526 1787 639 1874 judex,
665 1789 831 1888 publicato
855 1807 1010 1872 processu
1032 1788 1201 1867 offensivo
1219 1796 1362 1854 teneatur

251 1926 310 1974 reo
328 1907 456 1990 petenti
467 1904 650 1972 concedere
665 1905 814 1990 ejusdem
829 1900 999 1989 processus
1022 1905 1168 1989 copiam,
1185 1925 1252 1970 non
1263 1913 1362 1972 tamen

252 2031 390 2090 tenetur
419 2019 461 2086 ad
487 2019 725 2088 manifestanda
759 2022 824 2106 ipsi
854 2023 990 2088 testium
1026 2022 1156 2087 nomina
1197 2029 1362 2108 antequam

252 2146 356 2205 testes
368 2145 581 2223 repetantur;
599 2139 660 2204 nisi
683 2159 760 2205 rcus
778 2138 858 2204 velit
875 2157 1064 2222 processum
1079 2140 1144 2205 buc
1162 2158 1267 2225 usque
1287 2138 1363 2204 babi-
1418 2175 1419 2224 3

252 2263 325 2321 tum
345 2258 525 2338 lepitr'mare,
547 2254 657 2335 idest,
674 2256 734 2320 nisi
750 2253 900 2322 declaret
917 2275 951 2321 se
966 2255 1088 2334 babere
1103 2260 1205 2321 testes
1218 2256 1252 2319 in
1272 2254 1363 2319 infor·

253 2372 375 2437 mativo
393 2390 548 2457 processu
562 2379 782 2455 receptospro
798 2377 856 2434 rite
875 2377 998 2435 et'recte
1011 2377 1114 2434 citatis
1130 2379 1160 2434 et
1174 2377 1360 2436 examinatis.

253 2487 335 2552 Hinc
359 2487 393 2552 in
406 2486 547 2553 formula
564 2505 627 2574 qua
639 2485 741 2572 judex
762 2486 884 2553 dictam
904 2486 1030 2571 copiam
1053 2485 1220 2566 concedit,
1238 2487 1363 2574 apponit

253 2603 337 2669 banc
368 2612 425 2670 aut
451 2603 587 2669 similem
613 2603 808 2670 clausulam:
841 2607 956 2686 Absque
987 2609 1105 2668 armine
1139 2612 1280 2685 testeam,
1312 2609 1364 2669 nist
1417 2691 1418 2700 ἵ

253 2743 390 2805 expresse
402 2742 471 2784 reas
487 2724 689 2785 declaraverit
713 2742 744 2785 sa
763 2724 859 2784 dictos
881 2727 969 2784 testes
986 2721 1093 2783 habam
1106 2742 1166 2804 pro
1179 2728 1239 2786 rita
1253 2731 1283 2786 et
1297 2729 1363 2786 recta

251 2844 457 2916 examinatas,-
474 2857 533 2918 qua
560 2841 642 2918 [acta
670 2840 883 2917 declaratione,
908 2843 1001 2900 etiam
1018 2843 1141 2900 aomina
1166 2845 1288 2902 testium
1313 2842 1363 2920 ipsi

251 2957 440 3036 pandantur.
456 2955 506 3017 De
521 2951 672 3037 quotide
688 2950 775 3017 dicta
787 2951 821 3017 in
834 2959 946 3017 nostro
959 2952 1162 3019 formulario.

301 3073 332 3136 8.
349 3070 446 3136 Facta
460 3075 570 3134 autem
586 3066 744 3152 predicto
761 3065 858 3132 modo
875 3066 1096 3150 publicatione
1117 3087 1298 3152 processus,
1316 3065 1363 3133 da·

255 3192 354 3269 taque
370 3204 428 3251 reo
442 3189 574 3248 actuum
591 3184 701 3266 copia,
718 3181 828 3247 eidem
841 3185 1023 3265 assignatur
1037 3184 1198 3249 terminus
1214 3183 1258 3250 ad
1270 3183 1363 3268 porri·
1416 3269 1417 3278 ἵ

256 3300 362 3387 gendo
379 3307 630 3382 intercessoria,
652 3301 679 3364 si
699 3319 762 3384 qua
788 3299 1056 3366 exhibere-velit.
1082 3302 1152 3367 Hoc
1178 3309 1290 3368 autem
1315 3321 1363 3366 uo

257 3418 341 3483 mine
363 3415 519 3483 dicuntur
535 3418 639 3500 capita
655 3417 721 3492 illa,
740 3415 781 3482 de
797 3415 914 3500 quibus
928 3435 1005 3481 reus
1019 3415 1163 3499 postulat
1180 3414 1363 3500 interrogari

256 3542 369 3612 testes,
385 3551 446 3618 pro
461 3533 687 3599 informatione
702 3532 800 3597 curiae
816 3531 882 3617 jam
893 3519 1103 3598 examinatos.

301 3651 531 3734 Proponentur
549 3655 660 3714 autem
680 3648 820 3714 testibus
840 3647 910 3713 baec
936 3649 1206 3733 interrogatoria,
1229 3655 1263 3716 et
1290 3647 1363 3716 reci·

257 3765 389 3851 pientur
404 3783 521 3830 eorum
541 3782 706 3846 responsa,
733 3764 849 3829 sivein
873 3765 942 3848 ipsa
958 3766 1154 3849 repetitione
1182 3766 1324 3842 testium,
1341 3764 1364 3828 si

257 3899 334 3946 rcus
348 3879 432 3944 hanc
448 3877 519 3945 fieri
531 3880 648 3962 exigat,
668 3877 735 3944 sive
751 3877 873 3965 absque
885 3881 939 3946 illa
959 3880 1167 3963 repetitione
1187 3882 1214 3947 si
1233 3900 1310 3948 rens
1325 3877 1363 3946 illi
1415 3868 1416 3898 ¹

258 3998 423 4062 renuntiet
435 4003 469 4062 et
480 3995 625 4064 declaret
641 4015 675 4062 se
689 3995 812 4064 habere
831 4016 893 4083 pro
911 3997 1057 4082 legitime
1073 3999 1262 4066 examinatis
1272 4003 1361 4064 testea

257 4130 318 4200 pro
333 4113 558 4188 informatione
577 4114 672 4180 curia
686 4111 858 4181 adhibitos.
