2930 5114
232 357 301 422 dll
734 367 843 422 nnbat.

1298 471 1352 527 Peg.

300 542 396 592 cadendi
405 543 512 603 toronum,
526 541 635 603 delegatae
644 543 801 606 inquisitionis
812 545 966 594 tribunalibus
976 544 1137 605 injunctamtt
1165 579 1171 594 .
1199 581 1206 600 ‚
1232 580 1238 594 .
1266 541 1352 596 ,3315

265 625 331 696 filli.
350 629 471 686 Quomodo
491 641 542 676 sose
562 630 647 677 habeat
667 629 800 689 jurisdictio
823 629 987 692 inquisitorum
1005 628 1179 692 delegatorum,
1200 638 1250 680 tum
1262 633 1285 680 iu

299 715 385 776 seipsa,
401 721 450 762 tunt
461 714 556 762 relative
568 713 598 762 ad
608 700 758 776 inquisitores
773 715 904 764 ordinarios
920 730 961 764 seu
973 717 1117 777 Episcopos?
1131 752 1273 768 .....
1302 719 1352 766 sut

265 799 332 861 liv.
345 801 379 848 lte
399 800 489 862 objecto
509 787 678 862 inquisitionis,
699 815 741 849 seu
760 815 865 862 quonam
881 815 956 850 causa
970 803 1104 850 criminales
1117 816 1231 864 processu
1248 805 1283 851 in-

300 885 433 947 quisitiouis
442 885 601 934 tribunalibus
610 886 708 948 proprio
722 885 826 948 expediri
836 885 970 936 debeantl.
996 923 1003 938 .
1029 924 1036 937 .
1064 915 1094 937 .·
1098 924 1272 942 ......
1304 891 1355 938 579

269 969 280 1032 ξ
294 970 323 1018 V.
334 970 444 1027 Quanam
457 981 561 1030 personae
576 970 740 1032 inquisitorum
750 971 909 1031 jurisdictioni
930 970 1083 1032 subjaceant?
1097 1009 1275 1025 ......
1305 976 1356 1028 580

268 1052 321 1121 QVI
348 1057 382 1103 lu
393 1056 418 1104 in
429 1067 499 1102 causa
513 1055 610 1103 haeresis
620 1056 695 1117 possit
705 1055 813 1103 adbiberi
825 1069 950 1116 processus
965 1058 1087 1105 summarii
1096 1056 1208 1107 formal.
1235 1095 1242 1108 .
1269 1060 1353 1108 ‚sot

268 1137 343 1206 pull.
363 1142 399 1190 nn
409 1140 433 1187 in
443 1153 514 1189 causa
523 1141 628 1200 heresis,
639 1141 700 1188 sicut
713 1141 737 1188 in
751 1142 804 1189 aliis
813 1143 891 1190 causis
905 1141 1076 1203 criminalibus,
1096 1143 1191 1204 procedi
1203 1145 1287 1206 possit,

268 1233 352 1273 ·-tum
363 1226 400 1273 uia
409 1225 574 1286 accusationis,
588 1232 637 1273 tum
651 1226 688 1274 sia
698 1223 888 1287 denuntiationis,
900 1232 947 1276 tum
960 1228 998 1275 uia
1011 1229 1209 1288 inquisitionist.
1235 1264 1242 1278 .
1269 1267 1275 1278 .
1307 1230 1358 1278 582

270 1307 283 1376 ξ
297 1310 362 1358 vltl.
378 1311 412 1357 De
421 1311 560 1359 necessitate
570 1309 686 1358 citationis
700 1317 723 1358 et
736 1311 900 1371 probationum
914 1312 938 1358 in
948 1312 1100 1372 processibus
1122 1312 1196 1360 sancti
1210 1312 1287 1373 officii,

272 1423 274 1428 ·
303 1409 392 1444 necnon
405 1395 557 1445 concedende
568 1409 666 1444 reosese
680 1394 819 1444 defendendi
828 1395 947 1444 facultatis
961 1431 1275 1447 ..........
1308 1399 1359 1445 382

272 1478 338 1545 W·
350 1481 412 1538 Quid
427 1482 473 1529 sibi
495 1481 616 1542 proprium
628 1482 713 1529 habeat
733 1481 810 1542 quoad
825 1481 1003 1542 appellationem
1024 1493 1150 1541 processus
1171 1482 1196 1528 in
1220 1495 1290 1530 causa

306 1569 435 1615 hereseos!
440 1599 1278 1617 ..........................
1310 1570 1359 1616 584

273 1649 285 1717 fl
298 1651 329 1700 x.
343 1650 403 1709 Quid
414 1650 459 1699 sibi
469 1651 591 1712 proprium
604 1651 689 1698 babeat
701 1648 777 1712 quoad
789 1654 874 1699 testes?
898 1683 1276 1702 ............
1309 1653 1358 1700 385

258 1759 260 1764 ·
275 1733 289 1803 fl
303 1737 346 1785 xl.
362 1733 424 1792 Quid
435 1735 480 1783 sibi
495 1735 617 1797 proprium
628 1735 713 1784 habeat
726 1734 803 1797 quoad
819 1735 972 1784 manentiam?
976 1769 1280 1786 ..........
1311 1739 1361 1785 386

272 1823 348 1885 §llll
357 1818 419 1877 Quid
433 1818 579 1869 sentiendum
593 1819 622 1868 de
638 1820 777 1881 exprobrata
788 1819 945 1869 tribunalibus
965 1821 1127 1883 inquisitionis
1140 1822 1259 1882 injustitia
1272 1831 1295 1870 et

252 1901 260 1942 ἒ
306 1904 457 1955 crudelitate!
474 1937 1112 1956 ....................
1114 1939 1116 1942 -
1138 1943 1282 1958 .....
1313 1905 1361 1956 38ῖ

242 1989 370 2042 SECTIO
379 1989 408 2042 V.
422 1991 456 2038 lle
469 2001 582 2052 processu
593 1989 655 2038 ciuili
666 1989 710 2038 lori
718 1989 887 2039 ecclesiastici.
904 2027 910 2040 .
940 2022 945 2034 .
970 2010 977 2038 .·
1004 2027 1281 2042 .........
1312 1993 1361 2040 397

242 2077 342 2128 CAPUT
353 2077 373 2125 1.
387 2075 522 2125 Communis
535 2087 688 2136 processuum
701 2075 805 2122 ciuilium
816 2076 862 2123 tela
874 2076 999 2124 summarie
1017 2075 1179 2124 describitur.
1208 2113 1215 2125 .
1239 2113 1248 2126 .
1276 2111 1282 2124 .
1313 2075 1362 2123 398

240 2163 307 2211 Gnl’s
324 2161 356 2209 ll.
375 2162 412 2208 An
426 2168 449 2208 et
463 2159 578 2222 quemodo
590 2171 716 2222 processus
730 2159 806 2208 civilis
820 2173 833 2208 a
847 2160 962 2208 crinnnali
976 2159 1070 2210 diderat
1092 2160 1169 2224 quoad
1191 2161 1295 2209 remedia

275 2252 356 2295 contra
375 2245 487 2309 iniustam
505 2245 662 2293 renuntiem:
679 2245 719 2292 ubi
736 2244 765 2293 de
778 2244 882 2307 querela
897 2245 1035 2300 nollitotr's,
1053 2253 1075 2294 et
1090 2245 1120 2295 de
1135 2248 1297 2296 restitutione

272 2321 735 2394 tainteqrune........÷
762 2364 1274 2383 ................
1309 2334 1357 2382 404

275 2412 320 2481 fil.
335 2416 369 2463 lle
378 2415 533 2476 appellatione
547 2422 569 2462 et
580 2415 678 2476 querela
690 2415 803 2464 nullitatis
817 2416 841 2462 in
855 2428 967 2476 processu
979 2416 1040 2464 civili
1069 2451 1282 2473 .......
1314 2421 1362 2468 405

275 2500 332 2569 ξΙΙ.
349 2503 382 2551 De
397 2499 542 2548 restitutione
554 2499 578 2546 in
593 2499 741 2561 integrum..
769 2520 779 2550 e
803 2535 1284 2554 ...............
1314 2503 1360 2552 lli

242 2582 309 2636 (lbi).
323 2587 368 2634 Ill.
380 2587 467 2634 Norma
475 2583 616 2645 procedendi
631 2585 654 2632 in
664 2587 742 2634 causis
755 2587 966 2635 matrimonialibus
977 2622 1285 2638 ..........
1314 2590 1362 2637 420

276 2670 289 2737 p
302 2673 322 2720 1.
333 2673 367 2722 lte
379 2683 450 2719 cansa
463 2669 620 2719 restitutionis
630 2670 707 2731 quoad
714 2671 890 2720 matrimonium
904 2708 1285 2724 ............
1314 2675 1357 2722 tul

310 2759 418 2818 Quustto
433 2759 468 2804 lt.
484 2755 618 2817 Quotuplici
634 2754 703 2804 modo
715 2755 791 2818 quoad
802 2758 978 2806 matrimonium
998 2758 1099 2819 spolium
1112 2759 1257 2820 contingere,
1272 2773 1298 2806 ec

256 2829 258 2834 ’
341 2841 438 2904 proinde
448 2854 518 2890 causa
531 2840 688 2890 restitutionis
700 2843 757 2891 oriri
767 2843 861 2904 possit?
874 2879 1286 2896 .............
1314 2846 1357 2892 lbi

312 2926 419 2986 Qorstto
437 2927 473 2974 2².
490 2925 515 2974 si
529 2927 628 2975 maritus
649 2939 745 2976 uxorem
759 2928 885 2989 expulerit,
904 2935 1016 2990 etpostea
1030 2936 1137 2992 revocet;
1151 2931 1202 2978 baec
1220 2937 1297 2979 annm

251 3003 262 3044 ³¹-
296 3033 299 3042 =
337 3011 420 3060 -redire
433 3010 505 3072 nolit;
521 3011 649 3058 almaricus
657 3019 722 3073 petat
731 3025 756 3060 se
765 3013 859 3061 restitui
870 3013 894 3060 in
911 3014 1084 3074 possessionem
1095 3015 1177 3063 uxoris
1191 3029 1255 3078 suse3
1270 3029 1298 3063 an

343 3094 596 3158 judexecclesiasticus
609 3095 693 3146 debeat
711 3099 771 3146 banc
784 3098 954 3146 restitutionem
969 3095 1150 3150 decerneret..
1177 3135 1185 3148 .
1211 3135 1218 3150 .
1246 3136 1253 3149 .
1279 3137 1286 3151 .
1315 3103 1361 3150 492

314 3182 422 3241 an’stt‘o
436 3181 472 3228 3¹.
488 3177 513 3232 Si
527 3182 586 3229 oller
598 3163 721 3244 conjugum
734 3189 820 3230 temere
829 3182 930 3244 fugiens,
944 3190 967 3231 et
977 3192 1059 3246 postea
1070 3184 1174 3246 rediens,
1186 3187 1215 3233 ab
1225 3187 1307 3236 altero⁴

256 3255 282 3298 5'·
346 3281 391 3315 non
398 3268 537 3331 recipiatur,
548 3273 571 3314 et
582 3274 646 3328 petat
660 3266 802 3328 judicialiter
816 3281 842 3316 se
860 3269 952 3316 restitui
968 3269 991 3316 iu
1005 3269 1156 3330 possessione
1177 3272 1295 3334 conjugis;

345 3365 374 3400 an
385 3351 469 3400 debeat
479 3352 553 3413 juder
567 3351 739 3401 ecclesiasticus
753 3366 803 3401 eam
815 3339 986 3402 restitutionem
1001 3355 1179 3406 decerneret..
1206 3395 1214 3406 .
1241 3396 1248 3409 .
1271 3398 1278 3411 .
1309 3357 1361 3408 tur

315 3438 423 3496 watto
436 3439 473 3486 ⁴³.
487 3437 585 3496 Quando
599 3452 659 3486 unns
671 3439 795 3500 conjugum
811 3439 906 3500 propria
919 3441 1060 3490 authoritate
1071 3441 1190 3507 discessit,
1199 3445 1255 3508 qnid
1264 3444 1297 3493 la·
1320 3457 1323 3462 ·

256 3509 267 3552 ⁹-
301 3509 304 3514 ¹
346 3521 463 3583 ciendum,
476 3524 496 3570 si
510 3524 568 3571 alter
578 3537 603 3571 se
614 3523 639 3570 in
647 3523 796 3585 possessione
804 3525 896 3572 restitui
905 3523 1047 3586 judicialiter
1061 3532 1180 3588 petatl.·.
1207 3567 1214 3580 .
1314 3531 1361 3581 ld}

317 3608 425 3666 watto
443 3609 479 3657 5¹.
495 3607 555 3664 Quid
566 3607 680 3668 agendum
691 3607 791 3670 quando,
804 3616 855 3656 rato
865 3608 907 3657 sed
918 3609 1023 3659 nondum
1036 3623 1198 3663 consummato
1208 3617 1289 3665 matri·

255 3715 264 3724 ·
292 3717 299 3723 -
347 3691 434 3768 monio,
448 3693 532 3753 conjux
544 3685 669 3740 discedens
682 3692 917 3754 praetendit-asistere
930 3693 1121 3755 impedimentum
1138 3700 1260 3763 dirimens,
1275 3709 1295 3749 et

347 3777 408 3826 alter
421 3777 479 3840 petit
492 3789 517 3824 se
530 3776 622 3824 restitui
634 3777 659 3824 ln
667 3777 817 3838 possessione
826 3778 949 3838 conjugis?
975 3807 982 3828 s
1008 3814 1016 3829 .
1043 3815 1049 3829 .
1076 3797 1092 3828 .·
1110 3819 1284 3836 ,,,,,,
1312 3788 1360 3834 m

258 3853 261 3860 ’
277 3885 302 3894 -*·
317 3863 424 3921 Quaestt'o
436 3863 474 3910 dt.
489 3860 550 3917 Quid
564 3861 679 3922 agendum
692 3860 795 3924 quando,
811 3871 970 3911 consummato
978 3865 1137 3928 matrimonio,
1153 3871 1237 3931 conjux
1252 3871 1298 3919 dis-

254 4001 257 4006 ,
338 3948 432 3998 'cedens
443 3946 572 4009 *praetendit
594 3945 786 4008 impedimentum
799 3945 920 4008 dirimens,
933 3953 956 3996 ct
977 3947 1035 3998 alter
1055 3952 1156 4010 petitae
1172 3955 1262 4003 restitui
1275 3957 1298 4004 in

338 4032 495 4095 possessione
513 4031 617 4093 conjugis
627 4034 649 4080 l.
673 4057 680 4082 ·.
706 4069 714 4083 .
738 4059 748 4082 ·.
773 4066 914 4084 .....
939 4061 946 4083 ·.
973 4069 980 4084 .
1007 4061 1015 4084 a
1039 4061 1047 4084 a
1074 4069 1283 4092 .......
1311 4043 1361 4089 tao

317 4118 425 4176 Qataetta'o
438 4121 474 4165 ⁸¹1¹¹.
487 4117 521 4177 Si,
532 4121 692 4165 consummato
704 4117 861 4178 matrimonio,
869 4129 929 4166 uror
937 4093 1032 4180 propria
1044 4123 1183 4171 auctoritate
1197 4123 1296 4181 recedat,

258 4215 267 4234 ··
301 4227 303 4232 .
350 4203 461 4264 objiciens
474 4201 555 4250 mariti
565 4199 715 4264 adulterium,
733 4203 864 4251 etmaritus
875 4208 939 4264 petat
951 4215 976 4251 se
996 4205 1089 4252 resolui
1111 4207 1135 4254 in
1153 4211 1298 4270 possessione

276 4307 279 4316 =
350 4289 509 4349 conjugissan
518 4286 589 4348 judex
598 4288 659 4336 bane
671 4288 841 4336 restitutionem
849 4287 973 4336 decernere
985 4287 1122 4342 debenti..
1149 4327 1156 4340 .
1249 4331 1256 4345 .
1280 4333 1287 4344 .
1313 4293 1363 4343 tut

263 4393 273 4402 -
300 4369 426 4428 Quaestio
438 4369 476 4419 8¹.
491 4371 515 4419 si
533 4383 593 4420 uror
604 4372 736 4433 recesserit,
755 4379 834 4420 totum
853 4379 969 4434 perpetua
986 4374 1132 4425 continentiae
1152 4385 1234 4428 mutuo
1246 4395 1297 4430 con·

328 4465 420 4503 sensu
439 4455 553 4504 emissum
567 4455 690 4515 objicietis,
706 4462 729 4502 et
742 4453 841 4504 maritus
855 4454 1022 4504 restitutionem
1036 4452 1109 4522 petat,
1127 4472 1156 4509 an
1168 4461 1201 4510 sit
1220 4461 1295 4512 deotr-
