2878 5114
256 356 318 420 508
592 373 781 422 spumosos
804 375 848 422 oa
870 375 1020 424 sobicus.

254 503 344 561 tatur
361 495 475 581 aliquis
493 499 547 583 qui
566 497 632 583 jam
645 500 687 564 sit
710 500 855 565 notarius
873 500 1032 584 publicus,
1055 504 1184 570 velcon
1204 528 1210 570 :
1225 507 1250 570 si
1258 509 1340 590 paics,

251 612 378 678 litteras
396 614 659 680 commissoriclcs
673 615 752 688 darc
768 617 887 700 poterit
912 618 1009 682 etiam
1034 619 1179 686 Vicarius
1193 623 1340 705 generalis.

253 729 286 793 Si
297 746 376 794 vcro
391 727 506 794 iisdem
525 729 644 795 litteris
661 732 823 797 actuarius
839 733 894 816 qui
910 731 1091 815 deputatur
1106 736 1263 802 creandus
1275 736 1309 802 sit
1321 740 1345 803 in

252 845 414 909 notariam
433 845 610 928 publicum,
624 847 768 912 cosdore
782 847 917 914 debebit
932 849 1126 936 Episcopus3
1144 871 1217 918 cum
1229 853 1266 918 cb
1281 855 1345 937 ipsc,

252 978 316 1023 non
325 966 433 1025 autem
445 962 598 1028 aVicerio
612 941 880 1046 generaliorem
892 963 1016 1047 possint
1024 966 1143 1031 notorii
1151 967 1277 1050 publici.
1287 969 1347 1049 Qcae

252 1077 432 1158 potentalcs
456 1077 574 1142 litterae
601 1078 627 1144 si
651 1078 691 1142 ab
719 1079 877 1163 Episcopo
904 1079 1100 1160 scribantur,
1129 1091 1281 1166 poterunt
1303 1085 1348 1150 hcc

252 1190 349 1258 modo
363 1192 558 1258 concinnari.

299 1333 314 1372 a
333 1315 387 1386 Ν.,
421 1313 627 1376 Ambianensis
657 1315 835 1395 Episcopus,
867 1314 974 1376 (lilerio
1004 1318 1036 1376 in
1069 1315 1191 1378 Christo
1222 1316 1284 1394 filio
1305 1321 1347 1392 Ν.,

250 1430 354 1510 oppidi
368 1432 421 1506 Ν.,
435 1429 566 1490 diocesis
580 1436 691 1492 nostrie
701 1429 844 1510 parocho,
858 1431 1029 1492 salutemet
1043 1433 1281 1496 bucedictionem.
1291 1437 1350 1496 Cau

250 1547 387 1608 domiuus
406 1550 460 1624 Ν.,
479 1549 520 1610 ad
538 1565 590 1610 nos
603 1565 659 1628 per
675 1548 793 1609 litteras
810 1551 1012 1610 transmiserit
1026 1549 1280 1613 denuntiationem
1290 1569 1352 1630 pra-

248 1664 379 1726 sentidus
388 1667 500 1726 nostris
522 1663 678 1740 inclusam,
699 1668 727 1724 et
748 1661 840 1740 officii
855 1667 951 1726 nostri
969 1668 1021 1736 sit,
1038 1670 1200 1744 antequam
1215 1669 1247 1727 in
1260 1666 1352 1728 deuon

250 1781 556 1861 tialumprocedatur,
575 1787 609 1844 ut
626 1787 808 1862 compertum
824 1781 983 1844 babeamus
998 1799 1069 1842 num
1088 1800 1195 1844 recem
1205 1783 1350 1862 predictas

252 1902 291 1962 Ν.
310 1900 565 1962 denuntiationem
582 1897 658 1960 lonc
669 1902 821 1978 scripserit
841 1904 870 1958 et
888 1917 952 1962 eam
967 1918 1026 1979 pro
1048 1916 1104 1960 sua
1121 1905 1277 1980 epitescat·
1294 1917 1351 1980 pao

131 2041 141 2060 ·
251 2015 468 2078 niomaliurede
485 2016 587 2094 dipnis
603 2016 762 2090 decausis,
786 2018 920 2077 animum
942 2021 1079 2078 nostrum
1097 2017 1291 2092 moneatidm,
1309 2021 1351 2096 jn

252 2133 386 2194 dicernus
416 2151 475 2194 non
502 2150 564 2194 esse
581 2138 779 2214 opportunum
803 2133 937 2194 eumdem
956 2136 997 2196 N.
1025 2134 1067 2194 cat
1096 2139 1231 2195 nostram
1254 2136 1350 2194 curiam

252 2265 372 2324 cocum,-
397 2249 463 2310 ideo
493 2249 636 2310 ducimus
670 2249 726 2310 tibi
755 2250 928 2334 sumendam
952 2250 1097 2329 ejusmodi
1128 2251 1351 2329 insurrectionem

252 2366 444 2428 descendere.
461 2367 578 2428 Harum
594 2384 663 2446 erpo
679 2371 755 2426 serie
772 2367 839 2428 Tibi
857 2370 1040 2447 injunpimus
1062 2373 1096 2426 ut
1115 2364 1241 2449 (adjecto
1259 2366 1308 2426 tibi
1327 2369 1351 2424 ia
1418 2373 1419 2376 ’

252 2487 422 2544 actuorium
455 2484 575 2544 domino
600 2485 637 2544 Ν.
642 2529 652 2560 ,
688 2501 772 2562 quem
794 2486 895 2562 cipere
917 2487 1127 2564 presentium,
1164 2483 1206 2544 ad
1232 2484 1350 2562 effectam

251 2600 413 2661 dumtauat
431 2601 581 2662 sumendo
592 2601 680 2661 diotre
692 2601 925 2678 informationis,
944 2602 1097 2660 notorium
1113 2599 1266 2678 publicum
1282 2615 1350 2658 creo-
1419 2639 1420 2644 η

252 2734 328 2792 ricus,
343 2734 363 2776 a
377 2735 433 2795 quo
448 2721 477 2776 ct
491 2717 612 2778 solitum
627 2715 788 2792 fidelitatis
801 2720 1009 2796 juramentum
1021 2719 1109 2794 prius
1121 2710 1273 2796 excipies),
1285 2730 1350 2794 pre·

250 2834 349 2911 folum
365 2834 518 2909 dominum
530 2835 569 2896 N.
587 2833 678 2894 adens
693 2829 758 2916 (vel
774 2849 882 2894 coram
893 2834 927 2895 tc
942 2829 1050 2894 vocari
1060 2826 1184 2914 facias),
1196 2837 1226 2892 et
1233 2830 1349 2911 jurtdar

251 2967 350 3011 coram
367 2947 447 3012 dicta
465 2954 583 3012 notario
601 2953 765 3030 interropes
788 2967 877 3028 super
890 2949 1029 3010 articulis
1048 2949 1133 3026 infra
1153 2946 1346 3010 describendis.

251 3070 448 3146 Proecipimus
462 3073 562 3129 autem
571 3067 625 3128 sad
639 3067 763 3145 formali
773 3071 921 3146 praecepto
934 3071 963 3126 et
977 3069 1009 3126 in
1022 3068 1135 3126 uirtute
1148 3067 1279 3144 Spiritus
1289 3064 1350 3124 Son·

252 3187 293 3244 cti
307 3185 427 3246 domino
444 3185 498 3261 Ν.,
521 3188 556 3245 ut
572 3190 599 3244 te
620 3188 761 3261 tanquam
785 3186 921 3243 nostrum
942 3185 1179 3242 commissarium
1200 3181 1348 3260 deicpotau

252 3301 294 3362 ed
312 3301 485 3364 cremendam
496 3300 676 3382 prodictam
691 3301 934 3378 informationem
950 3304 1149 3378 recopuoscat,
1173 3289 1202 3358 et
1218 3301 1250 3358 in
1261 3295 1349 3356 ordine

253 3418 294 3478 ad
309 3417 362 3479 doc
375 3423 408 3480 iu
421 3417 555 3480 omnibus
571 3419 626 3479 tibi
635 3419 756 3497 paueat,
776 3421 805 3476 et
820 3416 950 3477 obediet.
971 3417 1067 3476 Porro
1086 3414 1212 3476 articuli
1229 3417 1293 3474 sunt
1312 3413 1348 3468 in-

252 3536 409 3616 frascripti
421 3554 431 3594 :
451 3536 482 3596 1ο
495 3553 536 3596 an
553 3535 671 3612 aliquas
690 3533 809 3594 litteras
825 3532 866 3593 ad
880 3533 1059 3611 Episcopum
1074 3532 1114 3592 Ν.
1132 3531 1278 3592 direxerit
1296 3521 1348 3610 (vel

253 3649 295 3714 cd
313 3648 384 3734 ejus
399 3648 562 3713 Vicorium
581 3643 796 3730 gencraleml;
818 3647 852 3710 2⁰
867 3654 1012 3727 quatenus
1034 3645 1229 3724 affirmative,
1254 3663 1294 3706 aa
1309 3659 1348 3702 eas

249 3771 375 3850 proprio
407 3784 498 3828 manu
527 3768 680 3846 scripserit
688 3785 703 3840 ,·
738 3764 772 3826 3⁰
806 3764 879 3843 quid
913 3766 979 3824 ista
1011 3763 1123 3823 litteris
1160 3762 1349 3831 continerent,-

251 3881 286 3944 4⁰
314 3878 481 3964 (postquam
506 3884 623 3941 ostenso
644 3882 672 3940 ei
697 3879 791 3955 suerit
817 3879 1043 3938 denuntiatoria
1066 3870 1207 3956 epistole)
1232 3891 1270 3934 on
1294 3885 1346 3932 earn

246 4016 305 4078 pro
319 4015 373 4058 sim
390 4003 541 4076 apncscut.
564 3996 810 4074 Iuscrmotioncm
831 3999 930 4054 autem
943 3997 978 4054 ut
989 3991 1162 4071 prefertur,
1184 3989 1346 4069 completam

250 4120 279 4176 et
300 4115 467 4194 sipillatem
487 4115 529 4174 ad
553 4116 614 4177 Nos
638 4116 756 4173 mittere
778 4111 909 4173 curedis.
931 4111 1084 4171 Datum...
1098 4143 1143 4153 —
1162 4110 1218 4184 Ν.,
1243 4107 1347 4186 Episco-

248 4233 359 4312 pusN.
373 4263 419 4276 -
437 4232 492 4305 Ν.,
509 4231 708 4290 acinarius.»

294 4344 325 4408 Si
340 4342 503 4426 praedicto
528 4342 791 4408 commissorislcs
814 4341 932 4406 littercc
956 4338 1077 4406 dentur
1092 4359 1110 4404 a
1125 4338 1250 4404 vicario
1263 4350 1345 4422 genc-

250 4460 319 4536 roli,
335 4459 542 4526 adhibebitur
558 4459 673 4524 eadem
688 4459 838 4537 formula,
857 4457 988 4526 mutatis
1004 4454 1185 4524 mutandis.
