2838 5114
501 302 578 348 raras
601 301 760 348 secunus.
1117 286 1180 349 399

112 449 124 480 ιι
143 426 206 488 lstc
225 421 366 508 (libellas)
379 421 479 488 debet
494 441 562 488 esse
584 423 701 499 clarus,
718 420 760 490 ad
777 419 839 484 boc
856 428 892 486 ut
907 439 984 486 reus
1000 429 1182 504 conuentus

70 565 79 590 ιι
101 536 287 604 deliberare
305 539 423 616 valent,
443 559 484 604 an
503 539 553 604 liti
572 537 703 615 cedere,
726 537 779 602 vel
803 535 1003 602 contendere
1022 537 1176 616 voluerit.

69 677 83 714 ιι
97 654 245 740 Alioquin
268 655 412 719 Vicarius
427 655 587 737 generalis
605 654 682 740 (sive
700 652 837 738 quilibet
853 653 934 718 alius
950 651 1064 736 iudex)
1087 653 1178 718 illum

68 794 82 829 ιι
95 769 267 835 admittere
293 789 358 834 non
374 770 484 846 debet,
512 769 571 836 sed
596 772 702 854 potius
728 768 881 854 reji·cere;
906 770 980 854 qnia
999 768 1179 850 secundnm

68 911 80 945 ιι
95 887 184 950 illum
196 893 273 950 sunt
287 906 347 970 per
364 895 507 952 actorem
523 888 627 969 ipsum
642 884 800 950 faciendae
815 885 1035 968 probationes,
1060 893 1093 950 et
1112 885 1180 951 for-

67 1025 81 1060 ιι
96 1001 206 1066 mandi
232 1002 361 1066 articuli
388 1002 628 1086 superquibus
653 1002 879 1068 examinantur
907 1010 1024 1084 testes;
1053 1021 1179 1078 necnon

67 1143 78 1174 ιι
92 1116 197 1200 judex
213 1117 408 1181 sententiam
436 1115 516 1181 dare
535 1115 637 1182 debet
661 1117 860 1182 conformem
878 1117 1001 1182 libello.
1024 1140 1039 1178 ιι
1061 1117 1178 1202 (Pelle-

64 1233 153 1314 grini,
168 1237 286 1294 Procris
304 1236 501 1310 Vicarioram,
520 1231 582 1296 sub
597 1232 724 1296 initium
740 1231 889 1298 secundae
906 1231 1032 1316 partis.)
1049 1234 1094 1298 Ea
1107 1252 1177 1318 quoe

63 1347 205 1410 libellum
221 1347 409 1430 respiciunt.
430 1348 537 1433 quoad
557 1348 757 1412 criminalem
778 1349 873 1414 simul
901 1356 936 1414 et
954 1349 1082 1414 civilem
1099 1369 1178 1432 pro-

63 1481 184 1527 cessum
200 1462 414 1545 expendimus
429 1465 574 1528 sectione
590 1466 621 1540 3,
640 1463 844 1528 subsectionc
861 1467 892 1540 2,
911 1466 1015 1548 capite
1035 1471 1063 1527 l.

101 1581 142 1642 ll.
171 1583 216 1642 De
226 1586 368 1642 citatione
385 1584 438 1643 Rei
449 1587 596 1644 concreati.
617 1619 662 1628 --
682 1606 696 1640 ιι
719 1581 796 1646 Post
815 1581 918 1646 libelli
939 1583 1177 1663 porrectionem

65 1719 77 1751 ιι
92 1694 128 1758 fit
141 1697 255 1760 citatio
268 1715 328 1779 per
335 1695 481 1780 judicem
496 1716 596 1780 snper
612 1695 740 1774 eodem,
759 1696 802 1762 ad
818 1697 878 1762 hoc
889 1705 925 1762 nt
942 1717 1017 1762 reus
1036 1717 1176 1764 conven-

64 1835 76 1868 ιι
94 1819 145 1874 tus
173 1812 257 1875 illius
273 1812 438 1894 petitionis
464 1812 505 1876 ab
522 1820 633 1877 actore
653 1812 746 1878 factae
775 1814 921 1878 notitiam
944 1813 1086 1896 babeat;
1107 1813 1174 1878 sine

64 1950 77 1984 ιι
92 1927 295 2010 appositione
320 1927 456 2011 alicujus
478 1947 592 2012 poenae.
614 1929 703 1994 Solet
721 1935 830 1994 tamen
853 1929 886 1993 in
901 1928 1060 2013 aliquibus
1078 1930 1176 1994 curiis

64 2064 77 2099 ιι
94 2042 151 2106 tali
167 2061 245 2106 casu
263 2041 397 2124 procedi
409 2062 470 2126 per
483 2044 567 2108 viam
586 2043 729 2109 mandati
749 2043 896 2126 pecualis,
915 2042 1004 2128 quod
1020 2042 1055 2110 lit
1069 2045 1111 2110 ad
1127 2046 1175 2108 in-

65 2158 246 2222 ustantiam
267 2159 385 2224 actoris
408 2157 530 2244 aliquid
551 2161 693 2242 petentis
712 2182 719 2223 :
738 2161 770 2224 in
785 2178 850 2246 quo
875 2161 1052 2244 requiritur
1067 2169 1104 2228 ut
1118 2182 1176 2245 ap-

65 2299 77 2332 «
96 2284 238 2358 ponatur
259 2276 417 2340 terminus
438 2276 561 2358 aliquot
577 2274 717 2354 dierum,
737 2296 811 2341 cum
839 2276 941 2342 verbo
964 2285 1171 2361 peremptorie,

66 2419 76 2445 ιι
95 2392 217 2458 adhoc
238 2399 277 2457 ut
293 2411 370 2456 rens
392 2392 491 2474 possit
510 2393 651 2476 legitime
675 2411 865 2476 comparere
889 2395 975 2460 intra
998 2395 1173 2460 terminum

65 2531 78 2565 ιι
95 2509 227 2585 illorum
242 2506 379 2585 dierum,
395 2507 501 2572 habita
517 2510 641 2574 ratione
656 2507 814 2575 distantiae
828 2509 904 2574 loci.

102 2648 117 2684 ιι
127 2627 194 2688 lsta
211 2624 320 2688 citatio
335 2622 511 2688 intimanda
526 2631 576 2690 est
591 2643 648 2688 rco
664 2622 706 2687 de
724 2642 860 2707 persona
880 2622 936 2709 (1),
956 2625 983 2688 si
1002 2624 1171 2692 commode

61 2763 73 2797 ιι
92 2739 204 2804 baberi
231 2740 392 2821 potuerit;
420 2739 497 2802 alias
520 2737 606 2802 domi
633 2757 697 2802 suaa
728 2738 828 2802 solitae
864 2738 1066 2804 habitationis
1096 2760 1172 2806 exc-

60 2853 233 2938 «quenda,
256 2852 385 2918 dimissa
407 2855 509 2938 copia.
533 2855 611 2936 Quae
632 2861 768 2918 executa
795 2853 899 2920 altero
923 2875 962 2919 on
977 2855 1173 2938 supradictis

61 2993 75 3029 ιι
90 2970 205 3050 modis,
221 2970 295 3035 fieri
310 2969 411 3035 debet
426 2971 574 3035 relation
593 2990 736 3048 cursore,
755 2990 813 3036 seu
829 2972 974 3036 ministro
988 2973 1084 3036 curiae
1100 2965 1171 3056 quac

61 3111 74 3144 ιι
90 3088 214 3164 citavit,
233 3107 332 3174 super
348 3089 550 3152 executione.
574 3089 615 3152 Et
631 3087 698 3152 baec
716 3086 845 3174 (relatio)
863 3088 1036 3172 aliquando
1056 3089 1094 3154 iit
1113 3108 1173 3172 per

61 3229 74 3260 ιι
93 3206 255 3269 notarium
268 3205 299 3267 in
317 3205 404 3270 calce
420 3202 567 3287 ejusdem
584 3204 744 3268 citationis
757 3223 816 3270 seu
830 3204 985 3281 mandati,
1005 3204 1112 3272 medio
1124 3204 1173 3289 jn·

60 3343 73 3374 ιι
91 3328 238 3386 ramento
256 3319 337 3384 dicti
352 3320 487 3384 ministri
505 3341 512 3382 :
531 3318 705 3404 aliquando
720 3338 799 3384 vero
811 3319 965 3384 scribitur
976 3339 1036 3404 pcr
1050 3322 1171 3404 ipsum-

59 3459 72 3492 ιι
90 3444 159 3500 met
174 3437 354 3500 ministrum
371 3454 445 3498 cum
464 3455 521 3499 sua
535 3434 769 3518 subscriptione
782 3442 821 3512 ,et
838 3434 979 3500 duorum
994 3438 1166 3502 testium...

57 3553 144 3616 «Est
168 3550 249 3615 benc
272 3569 385 3616 verum
410 3548 498 3634 quod
520 3551 553 3614 in
574 3547 767 3634 quibusdam
791 3549 890 3613 curiis
911 3569 976 3614 non
996 3551 1171 3632 expeditur

57 3688 71 3722 ιι
90 3667 201 3731 citatio
218 3665 441 3748 particularis,
463 3663 522 3730 sed
541 3663 727 3730 notificatur
743 3683 799 3730 reo
817 3664 907 3729 idem
927 3665 1059 3730 libellus
1078 3665 1170 3749 cnjus

56 3805 69 3839 ιι
86 3783 210 3864 copiam
229 3781 351 3846 habere
368 3780 479 3846 debet.
499 3805 514 3842 a
537 3779 734 3866 (Pellegrini,
751 3782 849 3846 citato
861 3779 959 3866 loco.)

94 3898 295 3976 Quaestiones
314 3915 385 3981 qnae
407 3898 531 3962 moveri
550 3896 655 3961 solent
673 3894 714 3959 de
731 3897 895 3974 citatione,
918 3905 952 3962 ct
967 3899 1064 3966 modo
1081 3901 1168 3966 illam

56 4012 231 4090 intimandi,
256 4012 379 4078 eaedem
398 4019 473 4076 sunt
493 4010 601 4096 quoad
621 4011 749 4076 civilem
772 4020 806 4076 et
820 4014 1018 4080 criminalem
1038 4037 1168 4100 proces-

56 4146 121 4192 sum
136 4151 144 4212 ;
157 4148 273 4214 easque
290 4129 490 4194 excussimus
503 4127 646 4192 sectione
659 4129 692 4203 3,
712 4127 917 4194 subsectione
935 4132 965 4208 2,
989 4132 1093 4216 capite
1110 4135 1141 4198 5.

86 4387 121 4450 (l)
136 4387 175 4436 Dc
189 4387 392 4448 personabat,
406 4386 500 4448 ipsimet
514 4385 582 4434 citato
599 4385 622 4446 (a
634 4388 669 4436 lni
679 4399 710 4444 aa
722 4399 870 4450 perronae).
