2878 5114
252 309 317 369 450
590 320 777 368 meminus
799 323 844 369 nu
866 322 1016 398 Jnntnns.

249 447 335 513 niter
352 453 467 512 tenent
488 443 640 512 doctores
652 449 773 528 plenam
795 447 919 532 requiri
937 447 1180 530 probationem,
1202 459 1291 534 prout
1306 470 1345 516 sn

248 583 307 649 pra
323 563 534 630 affirmantem
549 562 838 647 Schmelzgrueber
854 563 1005 630 vidimus.

292 687 325 747 ⁶2.
345 682 479 747 Certum
495 686 545 746 est
563 680 652 745 licite
672 678 744 745 lieri
758 697 850 762 posse
867 681 1102 764 inspectionem
1118 701 1296 767 corporum,
1312 681 1345 747 ed

246 795 455 886 obtinendam
475 797 673 881 impotentiae
692 796 918 878 probationem
941 817 948 861 :
970 797 1118 880 corporis
1135 817 1251 883 nempe
1269 798 1346 862 nnio

246 912 379 979 medicis
393 917 428 978 et
443 913 618 994 chirurgis:
632 911 773 978 foeminae
784 931 863 976 vero
872 911 914 976 ab
925 911 1168 990 obstetricibus,
1182 913 1345 980 honestiste

245 1030 411 1096 matronis.
431 1025 526 1092 Unde
548 1027 576 1091 si
597 1027 692 1092 ambo
717 1025 870 1111 conjuges
894 1027 1087 1093 solutionem
1111 1029 1346 1094 mettimoniiex

246 1144 333 1212 dicto
347 1143 579 1229 impedimento
602 1149 733 1226 petent,
753 1148 787 1208 et
801 1144 1050 1226 inspectionem,
1068 1143 1110 1208 ad
1125 1144 1210 1210 illud
1224 1143 1346 1229 impedi·

243 1268 390 1326 mentum
408 1257 613 1344 probandum
625 1259 850 1335 necessariam,
869 1259 980 1325 subire
997 1260 1113 1337 nolint,
1132 1259 1284 1326 audiendi
1295 1279 1346 1325 non

241 1383 328 1444 sunt.
342 1377 465 1444 sivero
485 1371 569 1441 unus
588 1375 823 1457 inspectionem
841 1382 987 1453 recuset,
1003 1383 1038 1440 et
1050 1377 1238 1442 exaltemus
1252 1377 1345 1458 inspe

242 1495 349 1560 ctione
375 1493 534 1558 sufficiens
563 1490 789 1575 impedimenti
816 1491 965 1574 probatio
991 1511 1055 1556 non
1081 1496 1218 1571 oriatur,
1242 1494 1345 1560 solutio

241 1601 444 1706 pronuntiari
461 1609 574 1694 nequit
600 1631 606 1674 ε
633 1627 726 1673 secus
743 1609 771 1673 si
793 1609 888 1672 unius
908 1605 1077 1675 dumtaxat
1101 1610 1259 1694 inspectio
1282 1611 1346 1675 satis

241 1728 413 1811 allegatam
429 1727 651 1813 impotentiam
670 1724 800 1808 probet,

273 1827 317 1910 Ι3.
339 1843 457 1910 Medici
472 1851 507 1908 et
526 1849 681 1908 matronae
696 1859 767 1926 qna
783 1840 826 1907 ed
844 1842 992 1924 corporis
1012 1842 1249 1925 inspectionem
1268 1842 1346 1908 edhi-

239 1959 371 2037 bentur,
390 1958 531 2036 debent,
557 1957 621 2022 non
644 1965 771 2022 tentum
788 1975 858 2022 esse
874 1957 969 2023 bonae
989 1958 1100 2037 femae,
1121 1968 1156 2025 et
1172 1981 1191 2026 a
1205 1961 1346 2027 suborna

238 2075 334 2141 tionis
355 2076 536 2158 suspicione
558 2075 727 2151 immunes,
747 2072 806 2138 sed
826 2073 997 2156 iesuperu
1014 2073 1214 2159 judiccipso
1234 2077 1306 2160 eligi
1318 2081 1345 2139 et

238 2178 407 2276 deputari3
422 2191 563 2275 alioquin
585 2207 699 2256 eorum
712 2190 935 2255 testimonium
960 2190 1003 2256 nd
1026 2190 1232 2274 probandam
1255 2195 1344 2275 impe

238 2304 375 2370 tentiam
389 2323 454 2370 non
470 2301 608 2369 v'eleret.

281 2427 313 2486 4.
328 2421 378 2488 nd
388 2420 623 2503 inspectionem
638 2419 700 2484 nini
714 2418 862 2484 sufficere
878 2418 960 2485 duos
972 2426 1142 2505 ¹expet-tom
1162 2421 1206 2488 ad
1219 2422 1343 2488 temne

238 2544 346 2604 autem
371 2537 451 2602 duas
475 2535 626 2600 honestes
650 2542 684 2599 et
706 2541 859 2618 expertae
880 2537 1045 2602 'matrones
1070 2544 1187 2602 tenent
1208 2537 1344 2604 doctores

238 2653 467 2720 communiter.
494 2650 545 2717 nd
570 2651 729 2716 cautelam
755 2659 865 2717 minen
885 2651 988 2736 major
1011 2671 1185 2732 numerus,
1207 2655 1233 2718 si
1254 2651 1342 2736 judici

239 2768 416 2846 videbitur,
436 2765 584 2832 adhiberi
600 2768 736 2849 poterit.

284 2889 315 2950 5.
338 2882 503 2970 Ejusmodi
527 2891 637 2948 autem
655 2885 784 2966 experti
804 2882 1028 2968 juramentum
1057 2887 1180 2968 praevio
1203 2891 1340 2968 preston

239 2999 363 3068 debent
377 2997 419 3064 de
434 3000 559 3063 sincero
575 2998 760 3064 testimonio
777 2998 928 3066 terendo.

279 3120 312 3181 6.
331 3117 362 3178 Si
376 3133 418 3179 ex
432 3115 633 3196 inspectione
646 3133 831 3198 corporum,
851 3114 960 3178 aliisve
974 3113 1098 3192 mediis,
1115 3116 1337 3182 orianturcertn

237 3235 383 3316 allegatae
406 3229 603 3320 impotentia
626 3229 715 3312 signe
741 3229 851 3315 (verbi
872 3231 990 3312 gretia,
1017 3232 1044 3294 si
1066 3229 1187 3298 medici
1209 3231 1336 3296 referent

236 3350 342 3413 tirum
353 3348 493 3431 utroque
505 3352 591 3410 teste
603 3364 727 3423 canem,
739 3346 793 3410 vel
804 3346 867 3411 alio
882 3345 1016 3411 delectu
1031 3347 1177 3429 corporis
1189 3347 1333 3420 laborare,

238 3483 278 3532 nx
295 3482 358 3548 quo
381 3469 472 3526 certa
493 3461 536 3526 sit
555 3461 747 3544 impotentia
762 3469 922 3544 perpetua
943 3461 986 3526 ed
1003 3460 1178 3546 copulem),
1196 3469 1298 3545 potest
1309 3465 1334 3523 et

239 3580 342 3646 debet
365 3579 473 3644 statim
492 3579 694 3661 pronuntiari
712 3577 906 3643 matrimonii
925 3578 1071 3656 nullitns,
1093 3585 1129 3642 et
1147 3577 1273 3662 conjugi
1289 3594 1332 3660 po

238 3697 320 3761 tenti
336 3695 409 3760 lieni
424 3695 516 3777 copia
529 3692 572 3757 ad
585 3711 696 3770 novas,
712 3693 850 3766 attolit,
869 3693 998 3776 nuptias
1012 3691 1216 3757 transeundi.

284 3821 315 3878 7.
334 3811 363 3874 Si
379 3814 471 3874 dubia
495 3808 664 3873 dumtaxat
685 3809 892 3873 obtineantur
910 3809 1108 3891 impotentiae
1131 3809 1232 3892 signe,
1249 3805 1331 3872 debet

235 3925 338 4013 judex
358 3925 517 3991 triennale
540 3925 798 4007 experimentum
817 3923 1016 4006 decernere3
1037 3921 1140 3991 idest
1160 3920 1330 4008 conjugibus

239 4042 437 4118 concedere,
455 4047 493 4104 ut
507 4059 568 4123 per
582 4041 757 4104 triennium
772 4041 992 4123 experiantur,
1015 4058 1093 4104 num
1105 4057 1225 4109 revera
1239 4035 1329 4105 mabi-

237 4162 379 4229 monium
393 4161 481 4223 iuter
495 4167 550 4223 eos
565 4159 779 4222 consummaui
793 4165 946 4242 nequent.

283 4279 315 4344 8.
330 4273 569 4358 siimpntentte
583 4272 672 4355 signe
683 4291 745 4338 nen
756 4273 945 4355 simpliciter
958 4291 1015 4340 seu
1029 4261 1163 4357 physice
1176 4279 1266 4364 certa,
1279 4283 1326 4332 net

238 4392 423 4476 simpliciter
435 4391 526 4452 dubio
537 4390 610 4465 sint,
625 4387 682 4454 sed
696 4391 852 4454 moraliter
864 4397 957 4468 certa,
972 4397 1051 4455 tune
1066 4387 1325 4473 presundnnea
