2848 5118
246 351 308 418 248
581 367 767 417 annonarus
793 343 836 417 nn
858 371 1007 422 runicus.

285 494 318 558 6.
340 479 642 558 Excommunicatus
657 491 867 576 interponere
883 501 992 578 potest
1010 483 1258 582 appellationem
1268 497 1338 584 judi·

241 607 366 686 dalem,
390 625 455 672 non
470 619 563 673 'uero
589 591 888 692 extra-judicialem.
911 609 1004 696 (Vide
1027 613 1163 678 citatum
1190 621 1337 680 auctorem

241 721 566 807 dictolooo‚n.ll.)
672 784 676 793 ,
1001 816 1006 824 ¹

285 851 316 908 7.
335 841 383 906 An
393 839 556 923 appellare
568 841 679 922 possit,
696 841 751 925 qui
760 840 882 926 juravit
893 861 927 908 se
940 845 1005 909 non
1017 845 1268 940 appellaturum,
1282 865 1334 912 non

237 959 334 1043 plane
345 957 460 1041 liquet,
482 957 525 1023 ob
544 959 809 1023 contrarietatem
823 978 918 1044 quam
933 961 1150 1044 praeseferunt
1162 961 1243 1047 juris
1258 981 1337 1028 cano

238 1073 301 1138 nici
316 1079 444 1155 textus;
461 1070 621 1156 siquidem
638 1051 792 1155 incapite
814 1079 983 1153 Qteaesttane
997 1075 1062 1162 (21,
1084 1081 1122 1140 ate
1138 1071 1269 1162 Appeli.)
1288 1083 1338 1142 sta·
1414 1111 1415 1114 ¹

237 1189 343 1254 tuitur
359 1207 427 1253 non
441 1205 511 1254 esse
525 1186 757 1254 admittendam
782 1191 1031 1273 appellationem
1056 1191 1154 1270 illins,
1181 1193 1236 1277 qui
1249 1193 1338 1276 prins

238 1323 332 1389 quam
346 1304 671 1382 ferretur‘sententia‚
684 1303 807 1390 jurarit
817 1325 853 1372 se
865 1305 915 1372 illi
929 1309 1095 1374 sententiaa
1106 1311 1338 1393 pariturum3in

237 1421 346 1503 capite
362 1437 442 1485 uero
465 1421 513 1484 Aa
535 1420 595 1482 iaec
620 1419 675 1504 (20
697 1419 844 1505 ejusdem
864 1419 961 1506 tituli)
986 1423 1225 1507 appellantibus
1249 1423 1339 1509 injun-

237 1535 326 1619 gitur
339 1542 388 1613 ut,
406 1539 454 1598 aei
468 1542 586 1599 servent
598 1538 676 1617 qnod
683 1541 804 1618 jurant,
830 1541 878 1602 ael
891 1544 975 1602 intra
993 1539 1037 1602 lo
1052 1543 1117 1603 dies
1131 1547 1203 1621 post
1224 1543 1340 1622 appella

239 1657 347 1716 tionem
368 1657 576 1733 interpositam
593 1657 652 1714 iter
671 1658 825 1734 arra'piant
849 1658 891 1718 act
912 1661 1009 1737 ipsane
1017 1659 1265 1738 prosequendam.
1285 1654 1339 1721 Sed
1414 1711 1415 1716 ,

239 1767 439 1832 communius
453 1774 566 1832 tenent
581 1764 742 1850 doctores,
764 1771 955 1835 etiamtunc
970 1770 1191 1854 recipiendam
1206 1789 1275 1837 esse
1296 1789 1339 1854 ap-

238 1884 459 1968 pellationem,
477 1882 575 1949 modo
589 1902 653 1949 non
666 1885 706 1948 sit
718 1885 845 1951 frivola.
862 1885 1174 1973 (Schmalzgrneber,
1192 1887 1265 1952 loon
1277 1889 1335 1964 cit,
1414 1909 1415 1948 f

239 1996 363 2083 n.13.)
1309 2077 1315 2098 ί

285 2118 317 2181 8.
334 2113 487 2196 Exceptis
502 2122 611 2180 autem
624 2115 777 2199 profatis,
795 2117 912 2202 quibus
925 2117 1146 2202 appellationis
1161 2118 1341 2184 beneficium
1414 2143 1415 2146 ¹

240 2229 347 2315 aJ'ure
361 2227 554 2312 denegatur,
573 2232 767 2314 regulariter
784 2233 948 2316 appellare
967 2241 1103 2316 possunt
1121 2235 1144 2298 ii
1159 2253 1278 2314 omnes,
1295 2236 1340 2319 qui
1414 2257 1415 2294 1

239 2364 306 2414 non
315 2365 356 2411 ex
373 2345 508 2422 frivolis,
523 2344 638 2412 sodex
656 2348 812 2431 pambus
828 2349 1006 2415 rationibus
1027 2367 1098 2415 sese
1119 2358 1268 2434 gravatos
1283 2349 1339 2416 exi·
1414 2373 1415 2396 2

241 2460 384 2526 stimant.
731 2545 735 2550 .
961 2541 968 2548 Α

286 2580 319 2642 9.
336 2575 368 2639 Si
381 2576 414 2639 in
426 2593 522 2640 causa
540 2555 687 2658 pluribus
701 2579 872 2655 communi,
891 2597 909 2643 a
930 2579 1091 2644 sententia
1112 2587 1225 2645 contra
1244 2597 1338 2647 omnes
1414 2621 1415 2629 κ

240 2692 306 2758 lata
318 2710 402 2756 unus
416 2697 544 2755 tantum
567 2683 753 2775 appellavit}
774 2699 808 2758 et
825 2694 859 2756 in
878 2692 999 2778 judicio
1020 2695 1244 2777 appellationis
1261 2695 1335 2772 vicit,

242 2804 391 2872 etiamad
403 2805 555 2891 reliquos,
572 2807 628 2892 qui
637 2827 702 2873 non
714 2809 930 2891 appellarunt,
944 2809 1086 2876 victoriae
1100 2812 1337 2876 emolumentum

243 2922 443 2989 extenditur.
462 2922 594 2989 Constat
608 2941 759 3008 expresse
774 2943 815 2989 ex
834 2927 939 3008 capite
956 2929 1023 2990 Uno
1039 2925 1104 3012 (72,
1123 2929 1161 2990 de
1172 2929 1338 3010 Appellatio

243 3036 356 3124 niben);
373 3047 407 3105 et
425 3047 580 3105 consonat
600 3041 835 3106 iustiniaueum
845 3041 898 3126 jus
917 3041 999 3128 (lege
1012 3047 1047 3108 Si
1059 3049 1112 3124 qai
1128 3046 1180 3119 10,
1199 3043 1232 3108 ff.
1246 3048 1280 3108 de
1290 3045 1337 3125 Ap

238 3158 378 3238 pel.,·-
394 3155 468 3239 lege
484 3160 519 3221 Si
526 3159 629 3238 jactici
655 3157 684 3234 1,
710 3163 745 3221 et
759 3158 919 3242 sequenti,
945 3177 974 3222 o.
996 3162 1032 3223 Si
1056 3179 1135 3222 anns
1153 3179 1194 3230 en
1215 3161 1336 3243 pialtico

243 3268 343 3356 app).

286 3387 332 3451 Ut
340 3393 450 3451 autem
460 3387 604 3451 victorico
622 3385 817 3453 beneficium
832 3387 877 3453 sio
891 3385 934 3453 ad
943 3387 1022 3453 alios
1037 3387 1245 3467 extendatur,
1262 3409 1278 3449 a
1294 3405 1334 3452 re·

245 3517 262 3564 n
278 3501 419 3586 quiritur
437 3505 469 3568 1⁰
482 3509 520 3567 ut
534 3502 597 3568 sint
610 3489 726 3582 correi,
745 3503 813 3569 sive
829 3507 863 3568 iu
881 3501 996 3569 eadem
1015 3523 1111 3569 causa
1127 3523 1189 3588 per
1202 3503 1331 3571 eamdem

244 3619 470 3684 «sententiam
480 3617 697 3684 condemnati.
714 3623 748 3684 2⁰
761 3621 805 3685 Ut
818 3620 979 3686 sententia
995 3620 1061 3684 lata
1080 3621 1122 3684 sit
1145 3639 1206 3704 pro
1229 3639 1289 3685 nna
1309 3619 1333 3682 in

244 3755 260 3793 a
273 3753 363 3797 cansa
380 3737 592 3817 appellationis
606 3753 616 3796 :
628 3753 703 3798 nam
718 3735 744 3799 si
754 3735 819 3800 lata
832 3736 875 3801 sit
884 3743 1012 3801 tantum
1025 3736 1059 3799 in
1072 3719 1176 3818 prima
1187 3734 1329 3808 instantia,

125 3915 127 3920 .
243 3861 261 3910 c
277 3847 440 3916 ordinarie
452 3869 513 3934 pro
527 3869 592 3916 uno
602 3851 667 3916 lata
682 3851 749 3917 aliis
759 3870 824 3917 non
835 3850 981 3935 prodest,
1000 3853 1061 3917 etsi
1074 3851 1191 3918 eadem
1204 3839 1244 3918 sit
1254 3865 1331 3916 causa

242 3967 420 4031 nomnium
438 3988 445 4032 :
463 3973 497 4033 et
516 3967 577 4032 hoo
600 3957 650 4032 est
675 3966 847 4033 discrimen
871 3970 958 4033 inter
981 3969 1175 4034 sententiam
1197 3965 1330 4034 latamin

241 4082 389 4164 «prima,
407 4089 442 4146 et
449 4083 536 4147 inter
545 4083 644 4148 latam
657 4083 691 4148 in
703 4083 845 4150 secunda
856 4083 1017 4149 instantia.
1036 4086 1071 4149 3⁰
1086 4085 1131 4149 Ut
1149 4083 1249 4150 correi
1260 4097 1330 4146 com·

240 4200 364 4264 «muni
383 4215 495 4265 omnes
511 4200 584 4286 jure
605 4207 741 4266 utantur
759 4222 766 4266 :
783 4221 857 4266 nam
872 4203 898 4266 si
916 4217 1000 4266 unus
1020 4208 1134 4266 contra
1160 4198 1329 4268 sententiam

239 4313 404 4400 «juretur
424 4314 497 4402 jure
527 4317 668 4401 speciali,
694 4319 835 4401 exempli
859 4318 973 4403 gratia,
997 4317 1110 4385 favore
1128 4318 1277 4391 aetatis...,
1291 4310 1327 4374 vi·

238 4451 255 4492 a
273 4430 375 4496 ctoria
389 4431 485 4496 unius
500 4451 563 4496 non
580 4430 711 4516 prodest
727 4433 861 4499 alteri...
882 4435 916 4500 4⁰
932 4435 976 4498 Ut
997 4433 1038 4500 sit
1054 4431 1142 4499 idem
1160 4429 1325 4516 negotium
