2914 5122
514 339 594 386 rans
616 339 774 386 saeuum.
1140 326 1202 387 115

107 492 119 527 a
133 467 202 532 derc
224 465 283 555 (l),
306 466 417 532 docuit
441 482 535 529 reum
562 465 630 528 sine
657 470 843 528 accusatore
872 481 936 526 non
966 462 1090 528 debere
1113 463 1204 528 dam·

106 585 197 664 anari,
214 591 272 650 aut
286 590 508 650 accusatorem
523 599 597 647 eum
617 599 699 659 esse,
716 581 772 665 qui
783 580 885 666 judex
907 582 941 644 in
956 600 994 646 ea
1010 599 1105 647 causa
1118 582 1204 646 futu·

106 719 177 764 arus
191 707 282 766 est...
302 701 415 765 Duma
433 697 510 762 Cain
526 697 631 762 irater
644 697 725 762 Abel
744 704 829 762 esset
843 699 980 778 occisus,
995 697 1119 762 lectum
1131 706 1201 763 est:

106 838 119 874 a
133 823 162 880 et
174 816 302 881 vocavit
326 816 414 880 Dens
437 813 524 891 Cain,
550 819 584 878 et
604 813 819 896 interrogavit
838 833 913 878 eum
927 813 985 878 ubi
999 820 1085 879 esset
1102 813 1206 878 frater

105 929 213 1016 «ejusz
230 931 285 996 ille
309 938 481 1014 peccatum
510 929 695 1012 duplicans,
725 929 815 1013 quasi
845 931 1049 1014 ignorantem
1080 929 1206 995 faceret

105 1047 239 1125 «Deum,
258 1047 385 1112 nescire
408 1067 442 1112 se
467 1045 560 1110 dixit.
583 1047 623 1111 Et
644 1045 774 1131 qnando
798 1053 907 1130 posset
931 1047 1056 1112 nescire
1085 1047 1206 1132 aliquid

104 1165 292 1243 «Dominus
315 1163 376 1229 sub
394 1161 486 1246 cujus
505 1164 606 1229 oculis
621 1171 655 1228 et
672 1163 768 1228 vultu
781 1171 856 1228 sunt
873 1165 978 1229 omnia
1000 1183 1070 1249 quae
1092 1183 1207 1246 gerun-

105 1281 204 1347 «tnr‘i
220 1283 262 1346 Et
279 1286 390 1346 tamen
406 1282 496 1344 Deus
512 1280 578 1344 sine
598 1286 786 1344 accusatore
803 1299 868 1345 non
889 1279 1037 1364 judicat:
1054 1285 1087 1344 et
1110 1281 1208 1345 inter-

107 1406 219 1483 amgat
235 1399 350 1482 utique
374 1396 463 1482 quod
481 1404 629 1461 noverat.
648 1397 689 1459 Et
716 1414 773 1460 vos
801 1395 898 1460 vultis
918 1405 957 1460 ut
971 1397 1208 1462 abstineremus

106 1533 218 1599 «quem
228 1533 294 1579 non
308 1511 449 1578 vidimus
461 1511 582 1596 aliquid
597 1510 674 1576 maii
686 1513 872 1591 facientem,
893 1522 927 1579 ct
946 1515 1001 1598 qui
1013 1514 1140 1578 nullum
1155 1512 1208 1578 ba-

106 1629 197 1695 «buit
213 1636 448 1694 accusatorem.
469 1627 572 1693 Video
592 1627 737 1694 hocloco
750 1629 839 1714 qnod
859 1629 981 1695 invidia
1002 1631 1208 1699 submurmu-

105 1753 178 1811 aret
193 1753 314 1812 vestra.
329 1746 441 1811 Dicitis
458 1746 544 1810 enirn
565 1762 629 1810 non
652 1765 711 1811 nos
733 1744 865 1811 latuisse
884 1747 974 1830 quod
1000 1745 1123 1811 factum
1145 1757 1204 1813 est.

105 1861 287 1927 «Fatemur'
301 1881 360 1926 nos
378 1859 538 1925 audivisse
561 1883 568 1926 :
589 1859 649 1925 sed
666 1845 841 1943 peccatum
858 1870 931 1926 erat
954 1861 1106 1928 damnare
1133 1883 1206 1928 eum

105 1999 117 2036 a
133 1959 224 2061 quem
240 1995 340 2042 nemo
356 1984 406 2041 est
424 1995 520 2042 ausus
533 1996 681 2060 arguere.
701 1975 766 2041 Sed
780 1977 806 2041 si
823 1976 970 2042 dixeritis
982 1980 1056 2062 quia
1070 1999 1134 2044 non
1150 1997 1208 2044 nos

104 2091 222 2159 «latuit
236 2095 380 2172 factum,
399 2092 497 2159 dicite
524 2095 595 2159 Deo
621 2113 721 2178 quare
745 2095 985 2180 interrogauit,v
999 2097 1054 2180 qui
1080 2095 1209 2162 viderat

105 2209 344 2292 «parricidium.
357 2213 423 2276 Nec
435 2209 518 2274 illud
530 2230 549 2274 a
560 2209 653 2274 nobis
662 2209 734 2273 fieri
743 2211 887 2292 oportuit
902 2209 990 2294 quod
1002 2210 1207 2276 Deusfacere

105 2325 239 2406 «noluit,
263 2327 320 2411 qui
338 2327 532 2392 sententiam
553 2325 657 2391 noluit
680 2325 791 2391 dicere
810 2327 869 2390 nisi
892 2345 962 2392 reo,
984 2327 1101 2394 Redde
1119 2347 1226 2416 acon-y

106 2466 119 2503 a
133 2453 281 2522 satorem,
299 2444 439 2529 alioquin
452 2463 518 2509 non
531 2452 640 2527 posset
650 2442 737 2527 justa
750 2463 819 2508 esse
832 2444 1033 2510 sententia...
1050 2445 1129 2511 Ideo
1142 2448 1186 2511 ait
1199 2470 1206 2512 :

105 2583 119 2620 a
131 2559 209 2626 Ecce
229 2563 358 2644 sangnis
373 2561 485 2625 fratris
499 2561 547 2626 tui
557 2560 675 2625 clamat
690 2559 795 2624 adme
813 2560 855 2625 de
868 2569 968 2626 terra.
987 2563 1095 2644 Quare
1107 2571 1140 2626 et
1151 2583 1209 2628 vos

21 2765 22 2772 ἵ
106 2700 120 2736 a
134 2697 202 2742 cum
219 2677 351 2742 minime
367 2676 506 2760 probare
521 2675 648 2759 possitis
667 2675 829 2761 abaliquo
844 2677 933 2761 apud
952 2698 1011 2743 nos
1026 2687 1208 2744 accusatum

106 2815 120 2853 a
135 2811 200 2858 esse
215 2792 423 2870 Macharium
443 2800 590 2858 nostrum
608 2812 673 2858 non
684 2794 819 2877 potestis
832 2792 985 2859 damnare
1000 2794 1170 2878 judicium.
1191 2822 1207 2856 a

105 2907 214 2992 (Opera
230 2909 332 2973 sancti
346 2908 467 2991 Optati,
487 2907 618 2986 libror,
640 2909 725 2974 circa
745 2909 854 2986 finem,
874 2929 947 2994 pag.
973 2913 1046 2990 112,
1060 2912 1139 2978 edit.
1153 2913 1211 2978 Pa-

105 3024 178 3090 risiis
196 3027 274 3090 1631
286 3021 307 3107 .)
326 3025 443 3088 Fateor
457 3043 509 3088 me
522 3023 585 3088 boc
601 3023 797 3090 documento
812 3025 906 3090 valde
922 3029 1057 3092 moveri.
1076 3029 1108 3092 Si
1125 3031 1211 3094 enim

105 3140 218 3207 licitum
234 3150 267 3208 ct
281 3141 410 3208 solitum
427 3150 507 3206 tunc
523 3143 680 3226 temporis
696 3141 811 3207 fuisset
825 3162 886 3226 per
904 3145 988 3209 viam
1000 3146 1211 3230 inquisitionis

107 3257 288 3337 procedere,
313 3257 514 3341 respondere
535 3264 687 3342 poterant
704 3259 882 3324 Donatistae
898 3281 905 3323 ε
922 3261 949 3324 si
967 3269 1135 3327 accusator
1154 3264 1211 3329 de-

107 3368 176 3453 tuit,
197 3375 289 3440 vobis
306 3375 403 3438 etiam
426 3373 696 3452 concedentibus,
724 3393 789 3440 non
806 3373 913 3440 defuit
936 3377 1078 3442 criminis
1098 3379 1208 3447 fama:

108 3505 159 3552 car
169 3509 245 3574 ergo
257 3509 298 3554 ex
312 3487 414 3554 officio
428 3508 617 3572 processum
629 3507 693 3553 non
703 3489 896 3568 instituistis,
912 3481 945 3555 et
961 3493 993 3556 in
1007 3512 1100 3558 reum
1110 3497 1212 3579 inqui·

110 3595 238 3673 sitistis?

147 3723 178 3786 2⁰
191 3725 242 3786 Ea
253 3730 355 3786 sancto
366 3725 543 3803 Anqustiao.
562 3760 606 3769 —
627 3746 641 3783 a
660 3723 724 3787 Nos
737 3741 817 3788 vero
833 3743 851 3788 a
867 3725 1091 3792 communione
1105 3729 1214 3812 prohi-

115 3836 210 3904 ubere
234 3856 429 3923 quemquam
446 3856 512 3902 non
527 3857 705 3920 possumus,
723 3839 783 3904 nisi
803 3845 867 3904 aut.
878 3847 993 3923 sponte
1014 3843 1208 3926 confessum,

116 3955 231 4018 «autin
247 3955 355 4038 aliquo
369 3953 437 4018 sive
457 3952 603 4018 saeculari
619 3955 686 4018 sive
704 3955 922 4020 ecclesiastico
933 3954 1057 4040 judicio
1072 3961 1213 4026 nomina·

117 4077 206 4133 otum
220 4079 317 4155 atque
334 4070 529 4136 convictum.
545 4070 623 4150 Quis
635 4071 720 4134 enim
735 4071 795 4135 sibi
805 4080 980 4157 utrumque
997 4074 1114 4141 audeat
1130 4097 1214 4142 assu·

119 4201 237 4264 amere,
259 4193 303 4252 ut.
317 4186 467 4269 cuiquam
490 4187 559 4268 ipse
584 4187 625 4250 sit
644 4194 812 4252 accusator
839 4194 872 4252 et
892 4187 1063 4272 indeuia..
1082 4193 1213 4272 'Quibus

151 4449 181 4508 111
197 4451 259 4502 torte
271 4453 395 4515 tegendum
414 4453 565 4502 ostenderat.
