2914 5122
678 235 709 282 ο

505 359 583 409 raas
605 359 762 408 secunus.
1133 349 1195 411 135

102 507 129 552 ae
151 488 395 572 perfectiorem,
422 485 590 550 inducere.
622 485 816 567 Proeparatis
845 505 923 552 vero
955 487 1107 569 paulatim
1137 507 1197 571 per

31 651 33 656 ·
102 605 187 671 nnita
200 606 315 670 seculo
331 603 374 670 ad
387 603 644 668 immutationem
663 601 787 681 animis,
807 601 849 668 ad
863 577 1198 688 perfectioren‘gres-

101 739 145 785 sus
156 721 285 787 tundam
298 721 408 786 iactus
423 726 485 784 est.

102 859 104 866 ·
135 838 323 903 Prorosmo
339 837 643 916 vu-loqesstcost
653 853 809 916 processus
827 837 926 916 [ormo
942 835 1105 916 perfectior
1127 843 1173 899 est
1186 833 1197 899 ἐ

99 955 164 1016 mede
185 959 278 1035 ipsiius
307 957 342 1015 io
371 955 598 1015 aeclesiasticum
625 950 818 1032 disciplinam
844 953 1026 1014 introductio
1051 957 1199 1016 immerito

100 1076 229 1151 mpure.
242 1099 288 1120 -e
305 1071 350 1134 Ut.
366 1071 476 1152 pateat
488 1066 586 1152 hujus
598 1066 700 1133 thesis
711 1067 842 1144 veritas,
858 1065 1082 1152 expendemus
1093 1068 1198 1152 primo

99 1185 189 1270 inquo
204 1189 350 1270 prestet,
365 1193 437 1250 tum
452 1186 486 1250 in
500 1201 568 1269 quo
590 1199 728 1268 peccare
756 1181 835 1267 iingi
846 1185 946 1267 possit
962 1201 1133 1267 processus
1151 1185 1200 1248 in-

99 1302 240 1386 quisitorii
251 1311 408 1388 systema.

136 1421 162 1483 i.
177 1421 215 1484 In
228 1439 294 1504 qno
307 1417 547 1502 inquisitorium
561 1425 705 1502 systema
723 1422 857 1499 praestet
872 1419 1083 1484 accusatorio.

133 1537 243 1600 Poma.
262 1535 414 1599 Privatus
428 1532 549 1597 liberat
564 1531 606 1596 ab
622 1549 721 1596 onere
737 1531 923 1615 gravissimo
938 1533 1044 1598 standi
1069 1535 1103 1598 in
1114 1533 1201 1619 judi-

99 1651 148 1730 cio,
165 1649 384 1734 deliciumque
401 1645 582 1732 probandi,
600 1653 633 1712 et
651 1666 720 1712 sese
737 1646 921 1730 exponendi
935 1647 1202 1716 calumniatorum

98 1785 198 1850 penae,
217 1765 389 1832 siiortein
405 1762 575 1848 probando
584 1761 746 1842 deficiant,
764 1772 800 1828 et
813 1782 887 1847 pars
900 1763 1156 1832 adversoialsam
1167 1775 1202 1834 et

97 1883 271 1949 malitiosam
291 1881 529 1946 accusationem
549 1878 756 1963 persuadeat.
778 1877 916 1944 Inducta
930 1877 1088 1964 siquidem
1104 1879 1204 1967 inqui'·

96 1997 193 2064 daria
210 1998 327 2076 torma,
346 1997 423 2061 satis
438 2002 488 2061 est
501 1993 602 2081 judici
619 1993 780 2061 declarari
796 1993 952 2062 delictum
970 2005 1002 2061 et
1016 1995 1121 2062 media
1134 2000 1204 2083 qui-

96 2114 148 2180 bus
169 2113 211 2181 de
230 2133 270 2182 eo
285 2119 434 2179 constare
450 2113 551 2196 possit
572 2133 579 2178 :
601 2129 666 2197 quo
679 2109 898 2197 facto,'judex
913 2132 973 2196 per
991 2133 1025 2179 se
1046 2133 1085 2178 ex
1102 2113 1204 2182 officio

96 2232 255 2296 tentatam
280 2228 427 2314 inquirit,
454 2230 553 2293 etsie
575 2228 825 2293 malefactorum
850 2228 1003 2294 coercitio
1024 2229 1201 2308 obtinetur,

95 2344 163 2426 quin
174 2341 363 2409 accusatore
375 2342 507 2425 proprie
521 2341 705 2424 dictoopus
718 2338 880 2406 sit.Porro
892 2349 1034 2426 systema
1047 2351 1127 2427 quot
1141 2345 1203 2428 pri-

97 2462 154 2525 vati
166 2481 185 2526 a
199 2461 387 2544 gravissumo
401 2459 585 2524 liberantur
600 2477 713 2537 onere,
734 2458 812 2543 quin
825 2457 948 2543 justitia
968 2461 1072 2525 minus
1090 2468 1203 2528 exacte

94 2573 255 2651 reddatur,
280 2575 341 2639 bac
358 2591 400 2638 ex
415 2569 509 2656 parte
527 2571 707 2655 perfectius
717 2573 751 2635 in
762 2589 796 2637 se
812 2580 862 2637 est
876 2579 910 2637 et
925 2572 1200 2656 anteponendum.
1301 2567 1302 2572 ’

116 2671 274 2756 'Sammo
293 2689 503 2774 Inquisitorio
529 2695 708 2773 systemate
733 2687 938 2771 attinguntur
952 2689 1053 2754 multa
1070 2687 1201 2768 delicta,

96 2808 408 2890 qmamumtorinm
430 2803 588 2888 impunita
607 2803 821 2888 relinqueret.
849 2804 880 2868 Si
902 2805 988 2869 enim
1012 2803 1078 2871 solu
1096 2810 1207 2890 pateat

97 2925 298 2990 accusationis
312 2925 373 3001 via,
391 2938 476 3006 sape
491 2923 658 3004 cuttinget
671 2926 709 2984 ut
723 2921 745 2985 ii
761 2921 906 2986 bomines
917 2922 972 3007 qni
983 2921 1139 2988 delictum
1150 2939 1204 2988 no

99 3049 208 3106 amnne
224 3049 260 3107 et
272 3039 396 3106 vendas
411 3038 453 3104 de
475 3057 515 3105 eu
534 3039 742 3122 probationes
761 3032 915 3103 exhibere
941 3040 1084 3120 possent,
1108 3041 1204 3108 silere

99 3156 210 3234 malini,
226 3158 337 3240 potius
352 3173 449 3241 quam
458 3151 619 3241 judicialis
631 3154 843 3220 accusationis
855 3169 936 3219 onus
947 3154 1059 3220 subire
1073 3177 1080 3220 :
1095 3155 1205 3241 sicque

99 3270 283 3356 impunitum
301 3271 458 3340 delictum
473 3271 665 3337 remanebit.
678 3271 809 3350 Contra,
826 3270 853 3335 si
868 3277 979 3352 pateat
991 3271 1206 3356 inquisitionis

101 3387 267 3466 viaiidem
281 3386 587 3474 buminesjudicem
610 3387 754 3454 libenter
776 3382 925 3464 adibunt,
943 3394 1111 3473 totamque
1136 3407 1205 3454 rem

100 3505 343 3571 maniiestabunt
358 3527 365 3570 ε
383 3505 482 3572 immo
495 3503 597 3589 judex
611 3505 683 3588 lpse
698 3503 820 3588 absque
834 3501 903 3568 ullo
917 3499 1077 3580 delatore,
1101 3523 1141 3568 ex
1155 3523 1207 3568 so-

100 3618 137 3684 lis
148 3620 267 3688 mdiciis
286 3630 320 3690 et
335 3612 466 3705 publica
481 3622 577 3699 fama,
594 3621 748 3704 inquiret,
766 3619 970 3702 veritateque
986 3627 1154 3704 comperta
1171 3621 1207 3686 ei

101 3735 238 3818 padam,
255 3734 292 3803 ib
303 3733 549 3823 delinquentem
561 3734 811 3802 animadvertet.
828 3733 933 3800 Porro
944 3742 978 3800 et
993 3753 1034 3798 ex
1045 3733 1206 3821 bacpnrte

103 3861 184 3932 putet
199 3851 339 3920 muitum
353 3855 457 3920 altero
473 3859 629 3936 praestare
645 3851 880 3936 inquisitorium
896 3869 1096 3935 processum.

146 3971 249 4035 Terin.
265 3971 473 4056 Inquisitoria
487 3971 593 4036 formu
613 3969 741 4036 tollitur
755 3966 906 4034 odiorum
923 3969 1036 4048 fames,
1060 3988 1131 4056 quae
1155 3994 1207 4040 ac·

106 4094 258 4155 umentem
273 4091 361 4154 inter
375 4095 410 4156 ct
424 4095 608 4154 accusatum
628 4106 806 4172 eorumque
821 4085 958 4152 familias
982 4088 1061 4154 oriri
1086 4089 1203 4158 solent.

108 4203 187 4268 dunc
199 4205 282 4270 enim
293 4201 411 4289 singuli
425 4206 495 4283 Rei,
508 4224 573 4270 non
589 4221 663 4270 cum
676 4205 810 4289 singulis
824 4205 1066 4270 accusatoribus
1078 4223 1207 4273 eausam

110 4315 231 4400 babeat,
241 4321 302 4391 sed
315 4341 428 4388 amnes
445 4338 518 4388 cum
532 4324 601 4405 ipsu
613 4327 774 4407 potestate
790 4321 932 4408 publica,
951 4321 993 4388 ad
1011 4321 1208 4392 coercendos

112 4435 322 4507 nasamones
337 4438 505 4525 deputata.
671 4445 674 4453 ‘
