2914 5122
492 361 571 408 rans
593 359 751 408 sacunna.
1141 346 1181 406 97

88 483 232 569 ujudicio,
250 484 317 550 nou
331 501 466 568 peceare
480 490 592 551 contra
608 482 766 568 justitiam
783 499 838 547 eos
853 483 910 567 qui
923 481 1008 548 illud
1023 483 1057 548 in
1071 481 1182 567 hujus·

87 600 190 667 «modi
201 601 406 686 inquisitione
422 601 626 684 patefaciunt
644 599 806 683 superiori
825 621 831 664 :
850 619 926 664 nam
937 619 977 666 eo
991 608 1113 665 eventu
1132 598 1186 685 jus

86 717 222 784 «habent
245 717 417 783 accusandi
442 718 495 783 vel
523 715 740 783 denuntiandi
768 723 947 782 auctorem.
981 717 1185 803 Quicumque

86 858 99 895 a
112 835 205 914 enim,
221 835 276 900 vel
285 834 443 912 testibus,
459 835 513 900 vel
525 832 596 900 aliis
608 833 753 910 indiciis,
770 834 893 898 crimen
906 833 1047 918 probare
1061 842 1183 918 potest,

85 971 172 1016 anon
187 959 304 1035 peccat
323 959 435 1018 eontra
452 949 621 1035 justitiam,
643 949 671 1015 si
687 948 770 1014 illud
786 948 890 1033 judici
912 949 1110 1056 denuntiet:
1131 971 1188 1016 ex·

87 1066 200 1151 «pedit
214 1068 302 1134 enim
321 1067 409 1134 bono
427 1067 559 1151 publico
577 1075 615 1132 ut
637 1066 786 1133 omnibus
811 1067 880 1132 haec
898 1073 1044 1152 potestas
1059 1067 1159 1134 detur
1179 1090 1186 1134 :

87 1185 286 1267 «generatim
301 1183 572 1269 enimloquendo,
582 1183 713 1249 infamia
730 1191 765 1248 et
778 1184 904 1266 punitio
919 1203 990 1268 quae
1007 1185 1136 1268 privato
1145 1185 1191 1249 iu·

87 1299 226 1378 «femur,
244 1299 376 1368 abunde
392 1300 593 1384 compensari
612 1298 746 1365 videtur
767 1300 916 1383 exemplo
936 1300 1078 1384 publico,
1101 1308 1135 1366 ct
1151 1303 1192 1366 ti-

88 1435 200 1482 «more
214 1417 272 1502 qui
289 1417 358 1482 aliis
370 1415 525 1501 injicitur,
546 1434 607 1500 per
627 1435 725 1500 quem
753 1417 815 1481 sihi
835 1437 854 1481 a
876 1416 1042 1500 peccando
1061 1425 1189 1484 cavent.

88 1557 100 1594 a
116 1534 204 1600 ldem
217 1533 404 1600 confirmari
416 1532 550 1600 videtur
568 1554 609 1599 ex
624 1534 715 1617 praxi
729 1535 830 1599 totius
848 1533 936 1600 orbis
950 1557 956 1600 :
968 1535 1090 1619 ubique
1108 1536 1194 1601 enim

88 1658 354 1720 «consueverunt
368 1653 450 1718 tales
464 1651 600 1730 deferri,
618 1670 683 1716 non
699 1651 805 1716 solum
818 1651 948 1735 quando
964 1652 1124 1736 generalis
1142 1659 1193 1720 est

90 1769 274 1855 «inquisitio
289 1777 323 1835 et
338 1767 462 1834 subditi
475 1770 730 1853 interrogantur,
754 1768 813 1835 sed
841 1771 939 1835 etiam
963 1778 1078 1854 sponte
1094 1790 1114 1835 a
1130 1791 1195 1837 nun

91 1887 245 1970 «rogatis,
264 1894 303 1951 ut
320 1885 418 1952 docet
436 1886 550 1950 Clarus
567 1885 610 1972 (q.
627 1882 672 1969 7).

129 2004 366 2070 «Nihilominus
379 2010 542 2068 eommunis
559 2007 623 2084 sare
641 2001 813 2068 doctorum
828 2004 990 2068 sententia
1005 2011 1065 2083 est,
1085 2004 1121 2070 id
1136 2005 1198 2071 illi·

92 2145 106 2180 «
120 2122 216 2186 citum
225 2139 307 2199 esse,
321 2120 451 2206 quando
464 2119 506 2184 ad
518 2122 618 2186 sulam
629 2120 829 2204 punitionem
839 2119 1006 2204 tenditur;
1022 2129 1101 2186 tunc
1111 2126 1197 2187 enim

93 2261 107 2297 a
122 2238 219 2304 dehet
233 2238 423 2322 precedere
442 2239 587 2316 infamia,
603 2243 641 2302 nt
657 2237 822 2321 colligitur
840 2257 882 2302 ex
895 2241 1000 2322 capite
1016 2242 1155 2319 (naliter
1169 2249 1200 2304 et

93 2377 107 2412 a
123 2359 238 2436 quaudo
254 2355 320 2441 (nt,
341 2354 392 2419 tit.
414 2357 442 2432 1,
459 2353 517 2419 lib.
538 2351 728 2437 5decret.).
756 2353 822 2418 Nec
848 2354 957 2419 obstat
976 2356 1086 2438 praxis
1112 2355 1200 2422 orbis

94 2471 278 2535 «contraria
296 2491 303 2534 :
319 2487 393 2534 nam
414 2469 511 2534 multi
528 2469 589 2533 hae
608 2471 642 2532 in
659 2487 697 2533 rc
720 2474 859 2552 peccant
884 2487 946 2553 per
972 2471 1197 2553 ignorantiam.

95 2587 214 2652 «Multi
230 2587 329 2651 etiam
344 2605 408 2651 nou
428 2593 496 2650 tam
518 2585 719 2668 punitionem
744 2592 895 2667 spectant
911 2585 1083 2664 criminosi,
1103 2604 1200 2670 quam

94 2702 393 2780 «emendationem,
412 2702 466 2766 vel
484 2702 561 2766 mali
577 2701 823 2785 impeditionem
844 2709 879 2767 et
897 2701 1115 2786 aversionem;
1137 2721 1201 2788 quo

95 2843 109 2880 a
126 2839 199 2886 casu
213 2819 416 2885 denuntiatio
434 2826 485 2884 est
497 2819 597 2897 licita,
616 2819 819 2883 etiamsinon
836 2820 1042 2901 praecesserit
1055 2819 1196 2900 infamia,

95 2959 110 2996 a
124 2943 161 3000 ut
172 2938 289 3020 passim
299 2934 451 3002 doctores
461 2933 607 3001 tradunt.
624 2959 640 2996 a
657 2935 805 3022 (Lessius,
817 2938 854 3000 de
868 2939 943 3000 lure
951 2944 981 3000 et
988 2943 1083 3020 just,
1097 2935 1155 3002 lib.
1168 2941 1199 3017 2,

93 3073 120 3117 c.
137 3057 188 3133 aa,
206 3075 239 3120 n.
262 3050 352 3143 rto.)
557 3040 561 3048 '

134 3172 228 3237 Juxta
251 3170 336 3236 hane
359 3167 643 3254 doctrinamque
667 3189 745 3234 vera
770 3177 805 3234 et
828 3169 971 3234 tenenda
987 3169 1130 3250 videtur,
1150 3190 1205 3239 oc-

93 3287 178 3352 culta
195 3285 327 3364 delicta,
344 3286 417 3351 sire
439 3286 471 3348 in
489 3283 613 3370 judicio
631 3281 763 3367 probari
781 3285 914 3368 possint,
933 3285 1000 3352 sire
1016 3305 1091 3365 non,
1109 3305 1205 3373 supe·

93 3402 168 3466 riori
185 3402 372 3487 generalem
392 3400 631 3484 inquisitionem
643 3403 836 3482 judicialiter
847 3401 1032 3466 instituenti
1045 3403 1134 3469 licite
1151 3425 1205 3472 ne-

93 3526 215 3600 queunt
226 3537 245 3582 a
258 3515 409 3593 subditis,
422 3516 520 3580 etiam
528 3515 747 3598 interrogatis,
763 3513 963 3599 denuntiari;
978 3515 1038 3581 sed
1051 3523 1206 3587 tenentur

96 3630 264 3704 dumtaxat
289 3631 498 3698 manifestare
517 3629 762 3715 delinquentem
777 3630 820 3697 de
847 3631 965 3716 quibus
991 3633 1101 3698 existit
1122 3635 1208 3703 fama

95 3748 238 3830 publica.
359 3801 363 3804 .
687 3734 693 3748 ⁸

137 3867 221 3932 Hinc
238 3885 366 3952 aequum
381 3873 447 3942 est,
466 3866 532 3931 imo
558 3871 592 3928 et
616 3863 739 3929 subditi
756 3863 808 3949 jus
834 3864 956 3930 habere
980 3867 1145 3950 v'identur,
1170 3882 1208 3940 ut
1306 3943 1313 3952 ,

94 3982 245 4066 superior
262 4003 318 4049 eos
331 3990 531 4066 praemoneat
538 3983 698 4065 judicialis
713 3999 755 4046 ne
776 3981 827 4059 sit,
843 4001 884 4045 an
897 3991 1027 4064 paterna
1039 3984 1208 4053 dumtaxat

95 4099 256 4180 generalis
267 4098 442 4185 inquisitio.
461 4097 591 4163 sienim
606 4103 741 4182 paterna
756 4097 808 4176 sit,
824 4097 901 4180 ipsis
916 4099 992 4164 licet
1006 4103 1133 4168 occulta
1150 4102 1209 4169 de-

97 4214 177 4280 licta
190 4215 395 4282 manifestare
410 4237 416 4281 :
431 4217 457 4280 si
469 4233 549 4280 uero
560 4213 729 4299 judicialis,
744 4213 906 4280 id-iisdem
918 4217 1113 4300 regulariter
1122 4220 1212 4285 illici-

96 4339 168 4396 tum
186 4337 247 4396 est.
260 4334 439 4414 presertim
451 4333 476 4396 si
489 4331 608 4398 delicta
621 4330 688 4395 haec
705 4334 737 4394 in
750 4329 1019 4426 judiainprobari
1032 4345 1207 4429 nequeant.

245 4447 273 4503 ll.
1059 4447 1077 4502 'l
