2878 5114
489 311 568 360 uias
590 313 749 362 susanna.
1113 295 1176 362 469

73 437 222 514 claustris,
243 444 276 501 et
291 435 436 502 habitum
458 438 644 522 regularem
669 439 892 522 resumpsisse,
915 439 1064 523 siipsnur
1083 447 1178 505 antea

73 555 263 639 deposuerit.
291 554 414 640 (Capite
437 558 476 621 19
498 575 576 620 sess.
599 559 640 620 25
666 556 789 623 aoncilii
810 555 1008 639 Tridentin13
1030 564 1065 621 et
1079 556 1177 624 uitato

73 671 152 736 bulla
165 674 200 736 Si
214 667 344 754 datam.)

110 786 176 852 llll.
195 787 234 850 In
248 784 433 870 hujusmodi
451 785 666 870 expediendis
682 787 787 852 causis
810 784 1030 852 condolendus
1054 793 1105 852 est
1123 807 1180 854 ve·

71 878 120 966 rus
132 908 164 967 et
179 900 339 986 J'udieialis
360 921 553 985 processus:
574 907 709 968 Veientes
729 911 818 985 atque
837 907 977 968 districte
1001 907 1179 969 mandentes

70 1026 99 1080 et
112 1022 151 1082 ad
176 1021 377 1082 adslmlendos
390 1022 580 1100 probationes
603 1025 635 1082 in
660 1020 831 1101 dnJ'nsmodi
855 1025 955 1082 eaesis
982 1026 1175 1099 necessarias,

70 1153 147 1200 anns
159 1141 189 1196 et
197 1136 361 1215 judicialis
367 1154 524 1216 praeesses
540 1141 660 1198 omnino
675 1135 876 1213 conficiatnr;
895 1141 928 1197 in
944 1155 1001 1216 qno
1013 1142 1042 1198 et
1056 1138 1182 1200 articuli

69 1249 258 1312 eadileantar
270 1269 309 1312 en
319 1257 407 1331 perte
426 1253 510 1314 illias
524 1257 578 1332 qni
596 1253 740 1314 adversas
751 1255 966 1332 professionem
980 1257 1061 1332 epit·
1080 1261 1108 1314 et
1133 1258 1182 1315 in·

70 1371 259 1446 terropaloria
273 1367 382 1428 dantur
391 1369 429 1428 ab
441 1386 476 1428 eo
489 1374 585 1447 porte,
597 1387 662 1447 quoe
675 1374 737 1430 stet
742 1387 801 1448 pro
814 1373 908 1447 ipsius
917 1371 1114 1448 professionis
1129 1387 1182 1430 aa·

69 1481 196 1556 liditote,·
210 1487 242 1544 el
258 1487 344 1542 testes
357 1488 418 1544 tane
432 1502 520 1562 snper
531 1485 682 1561 articulis,
701 1502 792 1564 quana
799 1488 896 1564 jarria
906 1484 1076 1564 dujnsnrodi
1092 1488 1183 1546 inler-

68 1603 212 1676 ropatoria
234 1603 461 1676 odoramentum·
487 1605 576 1679 ntqne
600 1599 655 1660 ime
681 1602 781 1679 serino
802 1618 861 1662 non
882 1607 1013 1678 servata,
1025 1618 1182 1678 praeesses

70 1715 136 1793 ipse,
161 1720 190 1774 et
209 1718 359 1776 sententia
377 1715 575 1794 dependenter
597 1716 635 1776 ab
653 1734 686 1776 eo
708 1716 832 1794 prolata·
847 1715 1011 1776 insanabili
1028 1715 1183 1781 nullitatis

69 1837 136 1893 vitio
151 1851 291 1894 eormrere
305 1839 495 1910 remeantem
512 1834 598 1896 salvo
611 1839 703 1896 etiarn
716 1836 912 1913 dispositione
922 1837 1005 1914 J'nris
1017 1837 1180 1896 emanannis

68 1950 156 2026 pond
173 1950 241 2010 alia
255 1949 410 2012 nnllitatis
425 1954 539 2029 rapite,
558 1955 586 2010 si
600 1968 666 2030 qam
681 1952 759 2028 sorte
775 1953 888 2028 inipso
902 1967 1059 2028 praeesses
1070 1954 1181 2028 oontpi·

70 2069 140 2130 tiooe
153 2070 381 2143 intervenerint.
405 2062 509 2149 (Bulla
523 2069 558 2130 Si
574 2060 704 2146 datan.)
1173 2133 1175 2138 .

106 2180 191 2245 XIII.
209 2179 309 2243 Citari
325 2176 458 2256 debent,
483 2185 555 2243 tum
571 2177 763 2244 defensores
781 2177 967 2244 monasterii
993 2196 1051 2244 seu
1066 2197 1176 2244 eoeno·

68 2294 116 2379 hii;
133 2301 203 2360 tum
218 2294 359 2379 professi
372 2294 471 2378 ipsius
485 2271 725 2378 consanguinei,
744 2295 811 2360 sive
827 2293 1013 2378 propinqui,
1030 2295 1098 2359 sive
1112 2295 1177 2372 ulii,

68 2411 176 2495 quibus
196 2412 355 2478 bonasus
371 2409 574 2476 donavitaut
593 2414 707 2494 cessit3
732 2419 802 2476 tum
825 2411 935 2475 eaeteri
958 2429 1080 2486 omnes,
1104 2428 1181 2494 quo-

67 2547 133 2592 rum
153 2529 293 2594 interest
313 2526 399 2592 illius
421 2526 656 2609 professionem
673 2526 811 2593 validam
828 2527 990 2592 sustineri.
1018 2525 1122 2610 (Bona
1143 2531 1179 2592 Si

66 2643 187 2730 datam.)

105 2766 187 2828 XIV.
206 2760 425 2846 Depntandus
448 2769 498 2826 est
516 2760 556 2825 ab
573 2779 767 2844 unoquoque
791 2757 965 2826 Ordinario
987 2759 1021 2821 in
1044 2757 1179 2824 dioeresi

66 2899 116 2945 sna
141 2885 281 2962 defensor
304 2883 532 2961 professionem,
561 2876 730 2941 adinstar
760 2874 939 2940 defensoris
966 2874 1173 2940 matrimonii.

68 2995 162 3080 (nuda
177 3000 215 3062 Si
234 2990 362 3077 darant.)

103 3114 169 3178 XV.
192 3113 412 3196 Quacumque
434 3115 554 3174 statuta
571 3116 646 3174 sunt
662 3107 769 3193 quoad
782 3106 990 3174 defensorem
1011 3108 1176 3172 matrimo-

66 3230 243 3307 invaleat
265 3226 447 3310 respective
464 3223 571 3312 quoad
587 3229 806 3306 professionem
821 3226 1000 3304 defensores.
1021 3222 1124 3309 (Bulla
1141 3228 1176 3288 Si

66 3345 188 3428 datam.)

105 3462 187 3528 XVI.
206 3461 362 3544 Expensae
379 3475 439 3540 pro
457 3455 629 3522 honorario
646 3453 827 3521 defensoris
853 3454 1088 3538 professionum
1115 3455 1178 3520 sol·

67 3577 173 3643 vendas
190 3583 268 3642 sunt
282 3574 411 3652 abillis,
430 3572 547 3658 quihus
562 3571 732 3655 religiosus
752 3570 917 3653 professus
930 3570 1015 3635 hona
1035 3588 1092 3632 sua
1108 3587 1177 3634 ees-

68 3694 113 3758 sit.
129 3695 160 3758 Si
176 3692 259 3758 tales
279 3712 343 3757 non
360 3691 512 3767 existant,
533 3688 661 3754 solvere
681 3685 782 3752 debet
801 3686 926 3770 religio,
943 3683 1041 3750 modo
1063 3692 1175 3749 tamen

67 3808 103 3874 de
115 3811 153 3874 iis
170 3810 295 3893 sitque
313 3806 398 3873 bona
412 3804 605 3888 temporalia
619 3802 785 3886 possidere
800 3808 919 3888 potest.
946 3801 979 3866 Si
997 3799 1078 3867 ordo
1091 3799 1177 3865 bona

66 3944 125 3990 non
136 3924 310 4012 possideat,
330 3943 390 3990 nea
416 3924 479 3988 sint
502 3921 621 4006 quibus
642 3920 810 4004 religiosus
831 3917 995 4002 professus
1015 3915 1101 3981 bona
1119 3934 1176 3980 sua

67 4040 229 4120 dimiserit,
240 4041 373 4106 satisfiat
388 4060 428 4106 ex
444 4038 572 4104 mulctis
579 4035 859 4112 illiustrihunalis‚
874 4035 908 4098 in
923 4052 987 4118 quo
1002 4051 1096 4098 eausa
1112 4031 1180 4116 agi-

68 4164 129 4222 tata
157 4157 275 4235 fuerit,
307 4162 406 4239 prout
434 4154 476 4220 de
501 4153 694 4218 matrimonii
724 4150 898 4218 defensore
925 4155 1083 4215 statutum
1102 4146 1178 4210 fuit.

70 4272 167 4358 (Bulla
182 4279 217 4340 Si
229 4270 358 4356 datam.)
864 4276 866 4279 ”

109 4393 206 4458 xv11.
225 4393 255 4460 Si
269 4413 286 4456 u
299 4391 461 4476 judicibus
475 4391 508 4453 in
524 4389 628 4475 prima
643 4389 794 4458 instantia
812 4385 970 4472 professio
986 4384 1184 4470 pronumtia-
