2914 5122
266 329 308 392 98
346 381 350 390 .
609 339 797 389 murenas
817 343 862 388 nn
883 343 1032 393 annueris.

310 469 462 550 Qumsrto
473 467 519 532 δι.
543 501 589 516 -
602 465 754 548 Quomodo
768 475 904 550 superior
918 489 958 532 eu
972 454 1107 551 peuerell
1120 475 1317 554 inquisitione
1340 477 1381 538 ud

262 588 420 669 specialem
448 589 578 648 trocstre
596 587 717 666 possit?
740 619 786 634 -
805 584 975 670 Multiplex
1006 603 1099 653 casus
1134 582 1383 673 distinguendus

264 709 326 768 est.

311 821 344 882 1ο
361 817 395 882 Si
416 814 652 881 denuntientur
681 813 908 900 delinquentes
931 815 973 882 de
999 835 1139 902 qnorum
1164 819 1296 886 delictis
1313 819 1380 906 jam

259 935 371 1001 existit
385 933 469 998 tamn
487 931 627 1036 publica,
641 935 750 1013 potest
764 932 914 1015 superior
931 941 1045 998 contra
1061 935 1145 1001 tales
1160 939 1319 1018 specialem
1335 938 1381 1001 in·

252 1051 466 1136 :quisitionem
488 1047 652 1131 incipere,
671 1047 745 1131 quia
769 1047 811 1112 ad
831 1049 1004 1132 specialem
1025 1049 1268 1134 inquisitionem
1288 1053 1380 1117 insti·

260 1166 417 1233 tuendum
434 1163 551 1230 sufficit
566 1163 686 1247 praevia
701 1163 842 1229 infamia.
867 1163 970 1250 quue
986 1165 1098 1231 locum
1120 1167 1220 1234 habet
1235 1169 1304 1235 sive
1319 1170 1381 1252 ipsi

259 1289 298 1349 ιιι
313 1287 412 1366 patri,
429 1281 497 1346 sive
520 1287 558 1344 ut
567 1283 670 1362 judici
687 1278 834 1363 praedicti
855 1279 1085 1366 delinquentes
1107 1281 1233 1348 inerint
1254 1281 1381 1348 denun-

249 1402 340 1466 ,tiam
359 1401 448 1464 Tunc
466 1398 551 1462 enim
569 1416 635 1462 non
657 1404 724 1461 tam
746 1399 778 1462 vi
801 1396 1066 1476 denuntiationis,
1085 1417 1183 1483 quem
1203 1399 1298 1466 tumre
1320 1415 1380 1483 pu-

258 1517 360 1594 buce,
374 1515 440 1601 jam
457 1515 519 1599 ipsi
533 1515 679 1598 cognita,
701 1531 891 1597 processum
903 1514 1076 1598 specialem
1092 1517 1243 1582 instituit.
1260 1518 1333 1582 Imo
1348 1517 1378 1581 in

257 1633 320 1698 hoe
338 1651 415 1698 cusu
435 1631 565 1715 exigere
585 1636 694 1713 potest
716 1631 876 1713 superior,
902 1637 940 1695 ut
957 1629 1186 1714 delinquentes
1203 1631 1376 1716 ejusmodi,

257 1751 312 1836 qui
325 1767 443 1832 nempe
457 1746 589 1812 infamia
605 1746 765 1824 laborant,
783 1747 845 1811 sihi
853 1749 1047 1828 judicialiter
1062 1745 1314 1814 denuntientur.

302 1870 337 1930 2⁰
350 1867 392 1943 Si,
408 1863 487 1930 dum
495 1871 626 1945 paterno
639 1869 690 1926 cst
701 1862 861 1945 generalis
874 1861 1049 1946 inquisitio,
1068 1863 1229 1946 superiori
1239 1872 1279 1928 ιιι
1291 1865 1378 1948 patri

256 1980 504 2048 manifestentur
524 1977 644 2042 occulti
672 1975 914 2061 delinquentes,
942 1996 1008 2042 nnn
1036 1984 1143 2062 potest
1169 1981 1323 2062 superior
1348 1981 1378 2044 in

255 2098 338 2164 tales
356 2094 584 2178 delinquentes
604 2093 665 2158 nisi
675 2101 804 2174 paterae
816 2092 999 2176 procedere
1017 2115 1025 2160 ε
1046 2102 1186 2179 excepto
1203 2103 1318 2161 tamen
1332 2096 1379 2182 (ut

255 2210 463 2294 insuperiori
477 2209 583 2292 capite
604 2208 728 2276 dictum
747 2206 809 2292 est)
825 2229 900 2274 casu
923 2227 990 2295 quo
1015 2210 1082 2276 tale
1103 2217 1190 2277 esset
1210 2212 1377 2276 occultum

243 2328 424 2405 delictum,
446 2327 553 2411 utqui
571 2327 662 2392 novit
673 2332 828 2392 teneatur
843 2327 940 2392 etiam
954 2325 1153 2411 judicialiter
1161 2327 1375 2411 denuntiare;
1443 2379 1444 2402 ,

245 2444 349 2514 uerbi
361 2444 477 2528 gratia,
495 2442 628 2527 quando
643 2443 784 2527 alioquin
801 2443 987 2510 immineret
1003 2463 1102 2528 grave
1124 2444 1278 2510 damnum
1293 2464 1378 2510 com·
1443 2419 1444 2440 ¹

255 2561 415 2638 manituti,
435 2559 490 2626 vel
505 2559 602 2625 alicui
622 2556 727 2624 tertias
741 2577 899 2640 persone.
1167 2646 1171 2653 .

298 2679 334 2742 3ο
347 2675 389 2752 Si,
405 2673 483 2740 dnm
496 2672 656 2759 judicialis
671 2680 722 2738 est
736 2673 896 2756 generalis
908 2675 1084 2759 inquisitio,
1099 2676 1262 2758 superiori
1274 2678 1377 2742 mani-

254 2793 417 2860 testentur
431 2799 469 2856 ut
477 2788 580 2875 judici
597 2789 717 2855 occulti
731 2787 970 2873 delinquentes,
990 2809 1129 2877 quorum
1143 2791 1266 2858 delicta
1278 2793 1314 2858 in
1326 2791 1376 2877 ju-

255 2907 339 2974 dicio
355 2905 488 2990 probari
500 2912 679 2988 nequeunt,
699 2912 839 2988 peceant
852 2907 909 2990 qui
930 2910 976 2974 ita
992 2905 1199 2984 denuntiant,
1222 2913 1258 2974 et
1271 2906 1375 2992 J'ndex

254 3023 369 3108 nequit
386 3022 429 3089 ad
450 3022 623 3106 specialem
643 3004 884 3106 inquisitionem
909 3031 1023 3088 contra
1046 3023 1127 3090 tales
1145 3023 1376 3109 delinquentes

254 3139 401 3210 transire.
424 3138 504 3204 Gum
527 3138 614 3202 enim
636 3146 801 3223 nequeant
819 3137 1042 3219 condemnari,
1062 3140 1103 3207 oh
1118 3138 1312 3208 deserentes
1332 3160 1372 3207 eu
1442 3201 1443 3222 ,

255 3255 428 3340 hypothesi
442 3253 659 3338 probationes,
677 3255 711 3320 in
724 3275 848 3322 meram
863 3275 977 3322 eorum
994 3262 1028 3322 et
1044 3256 1193 3322 inutilem
1205 3257 1374 3324 infamium

240 3379 290 3438 et
303 3369 506 3458 uexationem
521 3377 676 3452 uergeret
690 3369 905 3456 inquisitionis
923 3389 1103 3455 processus.
1442 3337 1443 3362 Χ

300 3489 335 3552 4ο
354 3487 396 3565 Si,
418 3485 496 3552 dum
518 3479 642 3568 pariter
656 3491 818 3569 judicialis
840 3497 889 3554 est
905 3489 1066 3572 generalis
1079 3489 1255 3574 inquisitio,
1278 3509 1375 3575 supe·

256 3605 335 3670 riori
355 3601 605 3670 manifestentur
627 3604 749 3670 occulti
770 3604 1011 3689 delinquentes,
1033 3625 1173 3690 qnorum
1196 3605 1319 3673 deficta
1341 3609 1375 3673 in

255 3719 378 3806 jndicio
393 3716 527 3800 probari
534 3726 680 3801 possunt,
694 3717 806 3784 illicite
822 3718 956 3804 quidem
971 3727 1071 3805 agunt
1084 3723 1129 3786 sic
1143 3721 1376 3789 denuntiantes

132 3922 137 3930 Ι
257 3834 361 3922 (justa
375 3833 556 3900 doctrinam
577 3832 638 3900 sub
653 3833 852 3918 precedenti
867 3838 1043 3920 questione
1066 3836 1272 3923 expositam);
1286 3837 1376 3924 jndi-

242 3970 331 4018 cem
348 3957 458 4016 tamen
473 3968 567 4032 pesse
583 3950 617 4014 in
628 3949 837 4018 denuntiatos
852 3951 1012 4036 ejusmodi
1027 3955 1176 4038 specialis
1195 3956 1376 4040 inquisitie

257 4070 306 4136 nis
318 4085 504 4151 processum
511 4066 686 4145 instruere,
701 4076 750 4134 est
761 4069 920 4136 sententia
931 4077 980 4136 sat
991 4073 1178 4150 minaris,
1196 4079 1235 4138 ut
1248 4071 1375 4138 metum

234 4239 236 4246 ,
258 4187 308 4248 est
322 4197 421 4262 supra
439 4177 466 4263 (5
484 4180 515 4253 2,
534 4195 664 4260 propos.
689 4177 734 4263 2);
761 4179 821 4248 sed
841 4181 977 4248 adverte
999 4182 1088 4267 quod
1107 4183 1233 4252 ibidem
1249 4184 1290 4251 de
1310 4183 1374 4252 hac
1441 4269 1442 4274 ἵ

258 4293 418 4360 sententia
433 4290 670 4358 adnotavimus.
1441 4303 1442 4314 ¹
