2878 5114
534 305 612 355 ωε
635 305 794 356 sacusos.
1092 341 1095 347 .
1148 293 1210 358 487

115 445 173 496 mm
186 431 291 492 nostra
304 432 407 506 curia,
421 447 488 495 oum
501 431 637 492 omnibus
654 431 825 508 bannimus,
843 431 991 508 acoribus,
1008 433 1214 499 emolumentis

113 548 138 606 et
152 544 317 624 prioibepiis
333 546 433 611 solitis
454 551 483 608 et
501 551 660 626 consuetis,
678 551 887 610 constituimus
912 555 941 610 et
961 550 1148 635 deputamus.
1173 553 1212 623 In

111 678 222 744 parum
230 659 321 736 ήάοηι
324 667 489 741 praesentes
499 665 650 743 expediri,
666 669 734 726 etin
745 670 848 726 nostra
859 666 1040 727 concellaria
1051 670 1212 746 rapistrori

104 778 247 854 jussimus.
259 779 388 862 Datum,
403 785 460 842 etc.
470 782 581 860 -—N.,
597 780 757 864 Episcopus
771 783 811 844 N.
828 815 872 826 -
887 783 918 844 N
920 828 942 858 .,
963 783 1169 846 canceltarius.
1190 800 1207 840 n

109 923 146 937 -
159 888 197 956 Et
207 898 347 973 ponatur
362 892 500 976 sigiflum
516 901 672 966 consueto
682 894 764 962 loco.

594 1146 693 1211 xv11.

164 1374 318 1432 rosamo
349 1331 587 1429 ammineum
610 1377 777 1432 sansonis
800 1379 1043 1442 couuuroaarm
1068 1384 1131 1438 sno

325 1493 626 1547 somussrsnmoss
649 1493 806 1546 mconau
827 1495 965 1546 masau.

140 1721 229 1796 uN.‚
251 1720 416 1800 Episcopus
440 1721 481 1781 N.
496 1753 541 1766 —·-
567 1720 685 1782 Dilecto
703 1723 742 1784 N.
762 1754 808 1767 -
830 1722 1206 1806 Enipitproaidentiopa-

98 1835 212 1896 storatis
233 1834 337 1913 officii,
354 1840 389 1895 at
412 1835 487 1896 bona
502 1839 531 1895 et
546 1834 683 1897 redditus
702 1836 831 1896 tororum
841 1839 963 1914 piorum
981 1844 1058 1900 recte
1075 1839 1205 1902 admini-

95 1955 233 2028 strentur,
245 1955 275 2013 a
284 1955 529 2030 eoramoomputa
544 1950 643 2015 debito
655 1955 784 2030 tempure
793 1953 1003 2015 manamaur
1012 1957 1041 2013 et
1051 1955 1204 2018 revidean-

97 2070 150 2128 tar.
172 2071 362 2148 Quapropter
376 2069 439 2130 Nos
453 2067 644 2147 pravioribus
663 2070 745 2126 curis
763 2071 909 2147 occupati,
933 2068 971 2130 de
987 2074 1039 2130 tua
1054 2068 1203 2145 fidelitate

93 2188 119 2244 et
128 2187 312 2263 eaperiactio
324 2184 494 2263 plurimum
510 2186 543 2246 in
558 2185 686 2248 aomina
696 2181 816 2260 cautim,
836 2185 877 2246 To
892 2187 926 2246 in
943 2188 1104 2249 recisoroae
1116 2203 1204 2264 parre-

93 2300 180 2364 raIern
192 2305 400 2380 computorum
413 2304 443 2359 ot
453 2299 754 2362 administrationum
773 2303 906 2361 amnium
923 2301 1054 2362 tororum
1064 2306 1198 2382 piorum

93 2419 149 2474 tom
161 2419 301 2478 ciuitatis
316 2415 558 2495 qaomdioeresis,
570 2420 600 2476 ct
614 2420 725 2476 nostra
739 2415 903 2476 ordinaria
916 2421 946 2477 et
962 2416 1204 2496 detepatap'uris·

91 2531 212 2594 dictioni
235 2533 452 2612 subjectarum,
471 2533 627 2610 otipimus,
646 2533 856 2592 constituimus
877 2535 906 2592 et
923 2530 1118 2611 deputamus,
1135 2549 1201 2600 cuns

88 2648 228 2724 suauitate
241 2646 384 2726 officiales
401 2654 431 2710 et
446 2647 709 2710 administratores
721 2663 927 2726 quassataeque,
937 2651 1115 2728 proutjuris
1125 2653 1196 2728 erit,

88 2768 213 2846 citandi,
237 2767 317 2829 etad
325 2765 524 2828 cohibendum
534 2764 627 2826 tibros
640 2768 670 2823 et
680 2767 878 2842 computnpro
892 2761 1060 2826 redditione
1071 2767 1201 2826 retiariis

87 2883 291 2963 compellendi.
309 2883 358 2944 Ad
372 2883 551 2944 amentiam
567 2883 667 2938 autem
687 2877 899 2938 absolutorium
923 2896 975 2940 seu
996 2879 1201 2940 cmudcmrcotm

88 3003 160 3060 mam
174 3017 237 3061 noa
250 2999 403 3073 devenias,
423 2996 526 3072 Nobis,
545 2995 592 3054 cet
603 2998 705 3053 nostra
719 2994 840 3053 Vicorio
853 2993 987 3072 ponerem
998 2993 1175 3056 inconsultis
1187 3013 1199 3054 .·

84 3117 277 3194 pensantibus
294 3116 337 3176 ad
356 3121 491 3176 nostrum
513 3110 728 3188 beneplacitum
746 3107 899 3169 saeuus.
918 3109 1041 3187 Datum,
1071 3115 1128 3170 etc.
1153 3143 1198 3161 .-

85 3233 137 3310 N.²
167 3235 332 3314 Episcopus
355 3232 395 3294 N.
412 3263 458 3278 -
481 3230 534 3301 N,
559 3223 805 3288 cambiarius.»
834 3221 874 3284 Et
897 3229 1038 3304 ponatur
1055 3222 1194 3306 sigillum

84 3351 238 3409 consueto
252 3343 333 3409 Ioco.

585 3556 701 3621 XVIII.

96 3799 251 3848 consona
266 3799 506 3848 nsoassmoms
531 3799 698 3862 cunsoms,
725 3801 799 3849 s1v1o
815 3798 940 3857 cassu,
970 3797 1042 3846 srva
1067 3794 1180 3846 sanan

446 3885 652 3965 anscausus
672 3916 787 3965 coum.

118 4147 140 4200 ‘u
155 4145 197 4206 N.
201 4187 213 4221 ,
233 4143 397 4224 Episcopus
426 4145 457 4206 N
459 4190 466 4204 .
492 4176 537 4189 -
553 4142 669 4206 Diteoto
689 4144 720 4205 N
723 4188 729 4202 .
747 4173 790 4185 -
813 4139 977 4202 Preaidere
995 4138 1124 4199 colentes
1142 4153 1194 4196 osu·
1210 4115 1218 4132 ’

86 4262 162 4321 rs'am
176 4265 311 4324 nostram
324 4259 517 4340 episcopatem
531 4260 568 4322 de
581 4260 686 4322 idoneo
699 4275 828 4335 cursare,
847 4259 910 4318 siue
927 4255 1035 4336 bajulo,
1052 4257 1105 4333 qui
1117 4250 1194 4330 fido-

80 4379 164 4441 iitoto
182 4383 212 4439 et
229 4379 423 4454 assiduitate,
441 4381 604 4464 coimmissa
618 4378 676 4438 sibi
699 4376 879 4457 adimpleat,
907 4378 933 4433 tc
957 4373 994 4434 de
1014 4373 1096 4452 cujus
1119 4369 1193 4432 diii-
