2878 5114
236 367 297 429 484
586 381 773 431 pascemus
797 385 839 430 na
863 383 1011 432 luntcus.

238 511 316 588 Tibi,
329 517 363 572 ut
374 509 442 590 lali,
458 511 602 573 debentur
617 509 876 591 afficicproesteat.
892 512 1112 591 lucubrum...
1135 514 1272 575 mmm...
1288 545 1322 557 -

235 629 266 690 N
268 674 289 705 .‚
308 628 469 708 Episcopus
482 629 522 690 N.
540 662 586 676 —
598 629 626 691 N
629 674 651 705 .,
671 627 878 691 caucellarius.
898 649 915 688 u
932 663 978 676 -
992 625 1033 691 Et
1048 634 1185 710 ponatur
1197 625 1317 712 sigillum

133 825 136 834 ,
235 748 393 809 consueto
411 742 493 810 loco.

279 864 368 924 Nota.
391 898 436 909 —
454 858 605 926 Formula
621 858 663 926 ad
680 858 905 944 deputandum
924 865 1122 944 professionis
1138 862 1272 943 relipiosa
1284 862 1325 924 ie

234 981 391 1060 imorem,
411 976 505 1044 facile
523 997 564 1043 ex
582 977 745 1060 praemissa
757 977 942 1044 concinnari
957 979 1091 1061 poterit.

772 1231 842 1294 xil.

342 1461 497 1510 rotimum
521 1460 758 1510 antummum
780 1460 1026 1510 Pnocumoms
1049 1460 1235 1508 numum.

264 1701 280 1736 a
295 1680 324 1740 N
328 1725 349 1755 .,
370 1679 531 1758 Episcopus
544 1679 583 1739 N.
602 1711 645 1723 -
656 1678 770 1739 Dilecta
786 1680 825 1740 Ν.
844 1713 888 1724 -
908 1678 948 1739 Ut
960 1695 1106 1758 pauperes
1116 1683 1145 1740 et
1162 1674 1326 1738 miserabiles

231 1813 364 1876 perseum
377 1794 466 1875 bajus
476 1798 647 1856 ciuitatiscl
665 1796 808 1873 diaecesis,
828 1813 955 1874 quarum
970 1811 1042 1856 cura
1058 1801 1170 1856 uostroe
1180 1792 1326 1875 pastoralis

233 1912 450 1973 sollicitudinis
472 1915 607 1971 umoeimo
622 1929 695 1989 pars
713 1917 769 1988 cst,
795 1915 828 1972 im
844 1928 946 1972 corum
965 1911 1069 1972 lilibus
1085 1911 1277 1986 sublcoeutar,
1296 1909 1328 1967 m‘·

234 2044 302 2086 rum
309 2026 437 2105 prabum
452 2032 480 2086 el
491 2026 640 2102 idoneum,
661 2029 713 2104 qui
728 2027 888 2105 injudicio
898 2043 957 2104 pra
971 2029 1014 2086 cis
1031 2025 1186 2106 postulare
1202 2031 1231 2086 et
1244 2040 1328 2084 causas

234 2142 391 2220 defendere
402 2148 491 2222 queat
506 2143 615 2221 clipcrc
628 2147 657 2201 et
675 2143 820 2222 deputare
834 2146 1007 2205 statuimus.
1022 2142 1139 2204 Idcirco
1151 2143 1188 2204 de
1200 2148 1248 2203 tua
1256 2145 1330 2202 seim

236 2263 292 2335 tia,
301 2261 521 2344 etcuporicutia
531 2259 619 2319 valde
634 2262 667 2318 im
685 2260 811 2319 Domiuo
823 2257 941 2336 confisi,
955 2260 993 2320 Tc
1002 2265 1226 2338 procuratorem
1234 2272 1328 2318 aarum·

235 2376 303 2436 dem
311 2393 490 2454 pauperum,
504 2393 559 2455 pro
574 2378 672 2436 causis
686 2378 720 2435 lu
729 2381 833 2436 mostra
845 2373 1140 2453 tribuualiapeudis,
1153 2392 1217 2434 cum
1231 2372 1329 2433 boum·
1425 2393 1426 2410 ¹

134 2507 136 2512 ·
236 2493 300 2568 bus,
318 2493 455 2554 muribus
469 2497 499 2554 ct
512 2493 749 2572 coemptionibus
758 2492 868 2570 solitis,
887 2494 1096 2553 constituimus
1110 2497 1141 2552 ct
1156 2475 1327 2572 deputamus:

237 2609 326 2668 amice
343 2608 382 2667 Te
400 2607 433 2665 im
443 2607 570 2666 Domino
578 2605 743 2682 mercatos,
759 2611 793 2668 ut
802 2605 953 2683 defensam
963 2610 992 2665 at
1002 2608 1205 2684 patrocinium
1215 2603 1325 2676 ilicum,
1424 2644 1425 2670 s

238 2727 300 2783 lum
319 2722 476 2800 injudicio
491 2739 579 2800 quam
590 2725 690 2799 culco,
699 2726 729 2781 et
741 2723 833 2782 etiam
841 2721 1019 2798 absemtium,
1029 2723 1111 2782 omui
1121 2719 1263 2782 claritate
1273 2724 1329 2778 tam·

237 2855 327 2918 quam
341 2843 487 2918 patramus
498 2841 595 2916 protis
607 2841 752 2916 suscipias
762 2855 772 2897 .·
784 2827 842 2917 'pro
855 2855 913 2916 quo
929 2855 1038 2898 merces
1055 2843 1108 2898 tua
1122 2841 1237 2917 copioso
1245 2837 1295 2897 eu'l
1306 2835 1329 2890 iu

237 2955 329 3014 caelis.
347 2955 385 3015 Iu
396 2971 532 3032 quorum,
543 2957 598 3015 etc.
609 2955 732 3030 Datum,
741 2959 797 3014 otc.
808 2953 893 3014 -N
896 3000 918 3030 .,
936 2953 1101 3033 Episcopus
1111 2955 1142 3016 N
1145 3001 1151 3014 .
1163 2955 1265 3029 —N.,
1279 2965 1329 3010 cau

239 3069 390 3129 cellarius.
407 3089 422 3126 u
435 3102 479 3113 -
500 3067 539 3129 El
553 3071 692 3148 ponatur
704 3065 843 3147 sigillum
860 3073 1016 3131 consueta
1032 3064 1117 3130 laco.

759 3317 845 3380 xlii.

390 3545 544 3593 sommum
568 3544 806 3594 DEPUTATIONIS
829 3545 991 3594 onvocATi
1014 3546 1206 3602 muranum.

290 3777 376 3852 «N,
402 3777 565 3855 Episcopus
585 3775 626 3836 N.
644 3775 816 3835 —Dilecto
843 3777 881 3836 N.
909 3809 953 3820 -
970 3775 1010 3834 Ut
1019 3775 1215 3854 pauperibus,
1237 3771 1328 3840 mdais,

240 3892 378 3970 pupillis,
403 3892 529 3970 aliisque
555 3891 773 3952 miserabilibus
800 3895 946 3971 personis,
976 3909 1040 3970 quae
1063 3893 1124 3953 sibi
1154 3893 1192 3953 de
1213 3889 1333 3952 casaub
1419 3964 1420 3990 1

236 4007 605 4086 prouidereuoupossam,
619 4007 817 4085 consulamus,
837 4013 969 4088 iuspecto
978 4007 1202 4088 improbitate,
1219 4007 1333 4070 aarum

241 4129 270 4184 et
284 4126 408 4203 pietate,
424 4142 483 4202 quo
504 4143 574 4203 erpa
589 4125 748 4185 destitutos
768 4125 896 4186 bumuua
914 4125 1031 4185 auxilio
1041 4123 1151 4204 polles,
1177 4127 1215 4186 Te
1232 4123 1333 4184 mom·

242 4246 306 4302 lum
324 4242 493 4302 earumdem
509 4259 717 4320 personarum,
737 4242 923 4321 aliorumque
944 4259 1102 4321 apertorum
1117 4241 1206 4322 liujus
1219 4235 1332 4301 ciuitatis

241 4361 270 4418 ct
280 4357 412 4418 dioecesis
426 4361 635 4419 constituimus
652 4362 682 4419 et
699 4359 887 4438 deputamus,
902 4359 945 4420 ad
963 4357 1016 4419 bac
1032 4364 1065 4420 ut
1084 4357 1287 4420 misericordia
1298 4351 1333 4411 u'·

240 4491 323 4534 secra
338 4475 473 4550 imbutus,
485 4493 590 4536 causas
604 4475 645 4536 od
662 4477 760 4553 sorum,
776 4482 910 4537 uoslrum
926 4482 1092 4555 spectautes
1103 4494 1160 4554 pro
1175 4475 1272 4537 iisdem
1283 4483 1331 4527 tlt
