2836 5118
244 346 307 406 338
581 354 767 402 Tuscusu‘us
791 358 835 402 nu*
856 356 870 400 J
874 355 1003 429 uniens.

240 478 485 556 cormaricus,
504 475 611 562 quood
630 496 701 544 enm
715 485 856 562 purtem,
881 497 946 563 qua
962 477 1129 562 Episcopis
1147 474 1332 544 vindicamus

216 595 546 682 ⁴entra-judiciulium
584 596 828 680 suspensionum
851 594 1041 662 facultatem
1069 597 1110 658 oct
1141 597 1335 680 beneplacitum

239 735 298 788 seu
313 718 420 796 obsqrc
439 719 577 796 temporis
592 713 783 795 proficiooe.
807 715 888 778 Nom
908 710 1117 778 Lucionensis
1130 709 1270 776 Antistes
1288 710 1337 774 hoc

239 829 337 896 modo
360 829 560 912 parochum,
584 827 710 912 dequo
731 827 765 892 in
790 847 886 892 causo
910 827 1034 910 agitur,
1055 825 1289 908 suspenderet;
1311 832 1338 890 et

237 945 443 1012 nihilominus
461 945 560 1027 ipsius
583 945 775 1010 sententium
796 944 892 1008 Sacro
915 943 1128 1028 congregotio
1152 942 1281 1008 Consilii
1295 940 1339 1006 lir-

129 1146 132 1151 .
238 1081 323 1130 mum
342 1060 520 1126 declaravit
542 1060 552 1143 l
575 1057 598 1142 ).

281 1179 481 1243 Puerossmo
493 1175 544 1240 Vt.
563 1213 609 1224 -
624 1178 745 1240 Certum
759 1195 819 1238 moe
833 1182 888 1256 est,
910 1195 995 1258 posse
1008 1179 1191 1258 Episcopum
1206 1195 1243 1239 ec
1254 1177 1340 1254 ictor·

236 1302 319 1360 coeto
334 1297 513 1368 conscientie
523 1295 730 1374 suspeuderec
747 1292 898 1372 beneficio,
917 1300 947 1354 ct
955 1297 1081 1374 primore
1095 1270 1232 1369 beneficii,
1248 1295 1342 1371 fructi-

237 1414 289 1472 ocs
305 1447 350 1458 -
364 1408 531 1474 remissive
549 1405 592 1472 ud
607 1415 705 1490 caput
719 1425 871 1491 sequens.

280 1528 480 1600 Puorosmuo
505 1524 572 1588 VI·.
599 1559 644 1572 --
659 1528 797 1587 Potestas
806 1527 947 1606 Episcopi
963 1544 1115 1588 oscensem
1130 1529 1172 1588 ed
1188 1545 1282 1590 sacros
1296 1545 1339 1586 or-

236 1647 321 1718 dines
332 1645 545 1722 scirformctc
562 1645 740 1704 conscientie
760 1641 969 1720 interdicendi,
991 1643 1188 1722 iutellipenctc
1204 1648 1290 1706 etiam
1302 1650 1340 1703 est

236 1761 391 1840 &ordine
410 1763 569 1840 superiori,
589 1758 715 1818 relative
733 1757 774 1818 cst
796 1775 862 1818 eom
880 1761 932 1838 qui
952 1758 1087 1820 ordinem
1103 1760 1273 1838 infertorem
1280 1763 1340 1840 jeci

235 1879 365 1956 incepit,·
380 1875 463 1936 certi
485 1877 599 1954 pratia,
618 1874 655 1934 cte
679 1873 839 1935 immoto
862 1877 891 1934 et
914 1873 1125 1953 presbyteratu
1157 1875 1279 1937 relotice
1306 1875 1340 1936 od

235 1993 464 2066 subdiaconem,
488 1995 522 2064 ct,
544 1991 581 2050 cte
600 1989 810 2071 presbyteratu
832 1989 958 2050 relative
980 1991 1021 2050 oet
1049 1991 1217 2054 diaconum.
1242 2027 1286 2037 -
1308 1986 1340 2053 ld

236 2083 309 2170 sulse
324 2103 441 2188 prohat
456 2106 624 2188 Fagnsuus
644 2102 688 2189 (in
717 2108 815 2186 ceput
829 2107 880 2166 Ec
904 2110 1012 2181 terrore,
1037 2107 1073 2168 de
1105 2109 1206 2188 Temp.
1234 2108 1337 2179 ordin,

236 2241 271 2298 n.
305 2218 370 2304 13),
398 2220 465 2299 his,
496 2219 702 2313 intersitas,
732 2218 861 2284 innixus
886 2219 1096 2287 rationibus:
1125 2223 1157 2284 l⁰
1182 2222 1339 2288 concilium

236 2337 463 2405 tridentinum
483 2335 564 2422 (cop.
584 2339 612 2413 l,
631 2354 708 2402 sess.
731 2336 781 2412 14,
801 2339 838 2400 cte
856 2333 950 2418 liet).
978 2336 1143 2420 Episcopis
1160 2338 1339 2405 fucultatem

234 2453 387 2522 tribuens
404 2450 623 2518 interdicendi
646 2471 688 2516 ex
705 2451 879 2518 informato
895 2451 1091 2518 conscientia
1116 2471 1283 2520 ascensum
1305 2449 1339 2516 ad

236 2589 344 2636 sacros
363 2567 505 2645 ordines,
524 2569 630 2634 utitur
644 2565 783 2634 formula
801 2585 890 2651 quse,
917 2587 959 2632 ex
977 2588 1074 2636 sensu
1089 2568 1187 2635 obvio
1199 2577 1234 2636 ct
1245 2586 1341 2654 grunn-

235 2687 394 2764 muticali,
416 2703 527 2752 omnes
542 2683 675 2750 ordines
690 2701 797 2748 sacros
812 2683 1059 2766 comprehcndit
1079 2707 1086 2750 :
1102 2685 1183 2751 dicit
1197 2687 1297 2763 enim,
1319 2690 1342 2746 ci

234 2807 283 2864 cci
293 2821 431 2864 ascensis
446 2803 487 2863 ed
502 2820 601 2864 saeros
618 2802 768 2862 certicesc
787 2819 840 2860 sco
861 2802 1035 2864 pretato...
1063 2808 1155 2866 etiem
1170 2803 1342 2884 cetra-judi-

236 2921 355 2982 cialiter
369 2922 462 2999 fcerit
473 2920 692 2982 interdictus...
720 2946 732 2970 «
749 2923 871 2979 etcum
889 2917 988 2982 uerba
1005 2917 1069 2982 sint
1092 2920 1169 2984 satis
1193 2919 1279 2984 clara
1295 2916 1343 3004 (sis

241 3063 254 3090 o
273 3035 390 3100 citatus
404 3031 539 3116 unctor),
561 3051 627 3096 non
640 3032 821 3102 admittunt
838 3038 1144 3121 interpretationem
1168 3059 1275 3126 neque
1293 3056 1342 3102 ro

242 3181 254 3207 ·
270 3151 404 3218 luntatis
420 3149 652 3234 coniecturum.
671 3181 684 3204 n
712 3152 745 3214 2⁰
761 3151 874 3217 Potest
889 3151 1068 3236 Episcopus
1083 3152 1126 3217 ab
1148 3152 1273 3218 ordinis
1284 3152 1343 3238 jam

236 3268 380 3350 suscepti
392 3266 549 3332 exercitio
574 3264 728 3330 clericum
746 3284 786 3330 er
808 3266 983 3332 informata
998 3269 1196 3336 conscientia
1218 3288 1344 3354 suspen·

236 3371 334 3459 dere,
356 3387 393 3446 ut
410 3399 508 3464 supra
526 3379 701 3464 probatum
710 3385 779 3464 est,
798 3399 900 3464 «ergo
915 3356 1134 3468 multomagis
1150 3383 1343 3470 (suntuerho

244 3495 424 3581 «Fagunnil
443 3497 564 3580 poterit
581 3493 777 3562 interdicere
806 3496 919 3564 eidem
939 3503 1108 3580 promoto,
1136 3519 1179 3564 nc
1207 3498 1249 3564 ed
1275 3498 1345 3564 elios

244 3643 257 3669 «ι
276 3613 407 3684 ordines
418 3631 525 3678 sacros
538 3611 708 3695 escendut3
728 3616 801 3697 quin
825 3612 951 3678 facilius
965 3611 1146 3695 impeditur
1157 3631 1345 3698 promouen-

245 3761 259 3788 ι
274 3731 352 3810 dus,
371 3750 468 3816 quum
492 3729 645 3814 dejicitur
658 3738 837 3814 promotus.
853 3759 891 3812 »,

284 3847 694 3914 Pn0r0s1movlr.--1e
715 3849 847 3926 ferendis
871 3848 1026 3908 sententiis
1044 3863 1083 3906 cc
1103 3848 1272 3925 informata
1286 3866 1346 3912 coo·

239 3943 374 4044 retemta,
392 3966 508 4028 licitum
525 3969 570 4027 est
584 3965 729 4044 Episcopo
743 3968 878 4026 omittere
896 3966 988 4024 etiam
1007 3962 1211 4039 formalitctes
1226 3971 1263 4030 in
1278 3984 1347 4028 suin·

275 4170 309 4232 (l)
324 4169 400 4217 Nolim
410 4175 496 4226 temen,
507 4167 583 4228 quoad
595 4166 759 4228 suspensiones
770 4167 799 4214 irs
813 4170 976 4228 perpetuum,
993 4166 1103 4215 lectorem
1119 4165 1192 4216 fidere
1209 4165 1346 4216 conclusioni

237 4250 302 4324 meae,
308 4276 378 4325 posse
387 4261 476 4309 scilicet
487 4273 527 4309 ens
537 4275 563 4309 cx
573 4259 696 4308 informata
705 4259 844 4308 conscientie
853 4260 1008 4321 pronuntiari.
1019 4261 1076 4309 Nem
1088 4263 1233 4310 contrarium
1244 4271 1345 4326 unquam

238 4365 326 4408 certum
338 4357 417 4403 Rome
430 4367 445 4400 a
460 4354 521 4415 juris
535 4353 609 4402 sacris
619 4353 702 4416 peritis
714 4353 805 4412 heberi,
820 4353 878 4401 mihi
896 4353 1005 4403 dixerunt
1018 4365 1099 4403 eorum
1112 4355 1231 4404 nonnulli.
1252 4359 1284 4408 us
1295 4357 1346 4406 sco

237 4450 351 4512 puppim,
363 4447 528 4501 morositatem
538 4447 561 4494 in
571 4449 614 4496 hcc
623 4461 657 4506 re,
667 4447 815 4508 exignorstis
825 4445 979 4508 documentis,
992 4461 1038 4496 nou
1051 4448 1124 4497 tuisse
1139 4449 1196 4501 satis
1205 4461 1344 4502 uacuum.

611 4656 626 4684 δ
