<?xml version="1.0" encoding="UTF-8"?>
<!DOCTYPE html PUBLIC "-//W3C//DTD XHTML 1.0 Transitional//EN"
    "http://www.w3.org/TR/xhtml1/DTD/xhtml1-transitional.dtd">
<html xmlns="http://www.w3.org/1999/xhtml" xml:lang="en" lang="en">
 <head>
  <title>
</title>
<meta http-equiv="Content-Type" content="text/html;charset=utf-8" />
  <meta name='ocr-system' content='tesseract 3.04.00' />
  <meta name='ocr-capabilities' content='ocr_page ocr_carea ocr_par ocr_line ocrx_word'/>
</head>
<body>
  <div class='ocr_page' id='page_1' title='image "./tractatusdejudi01bouigoog_0350.png"; bbox 0 0 2836 5118; ppageno 0'>
   <div class='ocr_carea' id='block_1_1' title="bbox 506 270 1187 334">
    <p class='ocr_par' dir='ltr' id='par_1_1' title="bbox 506 270 1187 334">
     <span class='ocr_line' id='line_1_1' title="bbox 506 270 1187 334; baseline 0.001 -4"><span class='ocrx_word' id='word_1_1' title='bbox 506 283 585 332; x_wconf 77' lang='lat' dir='ltr'><strong>rans</strong></span> <span class='ocrx_word' id='word_1_2' title='bbox 607 281 766 332; x_wconf 66' lang='lat' dir='ltr'><strong>sucurre.</strong></span> <span class='ocrx_word' id='word_1_3' title='bbox 1128 270 1187 334; x_wconf 78' lang='lat'><strong>341</strong></span> 
     </span>
    </p>
   </div>
   <div class='ocr_carea' id='block_1_2' title="bbox 100 405 1269 4444">
    <p class='ocr_par' dir='ltr' id='par_1_2' title="bbox 100 405 1198 1310">
     <span class='ocr_line' id='line_1_2' title="bbox 101 405 1195 498; baseline 0.004 -27"><span class='ocrx_word' id='word_1_4' title='bbox 101 405 249 490; x_wconf 87' lang='lat' dir='ltr'><strong>dispositio</strong></span> <span class='ocrx_word' id='word_1_5' title='bbox 258 407 314 472; x_wconf 85' lang='lat' dir='ltr'><strong>iila</strong></span> <span class='ocrx_word' id='word_1_6' title='bbox 322 406 582 494; x_wconf 82' lang='lat' dir='ltr'><strong>Tridentinajuri</strong></span> <span class='ocrx_word' id='word_1_7' title='bbox 594 411 755 477; x_wconf 88' lang='lat' dir='ltr'><strong>communi</strong></span> <span class='ocrx_word' id='word_1_8' title='bbox 765 419 859 478; x_wconf 84' lang='lat' dir='ltr'><strong>antea</strong></span> <span class='ocrx_word' id='word_1_9' title='bbox 868 411 990 496; x_wconf 84' lang='lat' dir='ltr'><strong>vigenti</strong></span> <span class='ocrx_word' id='word_1_10' title='bbox 999 411 1137 496; x_wconf 83' lang='lat' dir='ltr'><strong>deroget</strong></span> <span class='ocrx_word' id='word_1_11' title='bbox 1146 411 1195 498; x_wconf 85' lang='lat' dir='ltr'><strong>(ut</strong></span> 
     </span>
     <span class='ocr_line' id='line_1_3' title="bbox 101 523 1195 607; baseline 0.004 -19"><span class='ocrx_word' id='word_1_12' title='bbox 101 542 183 607; x_wconf 87' lang='lat' dir='ltr'><strong>supra</strong></span> <span class='ocrx_word' id='word_1_13' title='bbox 195 523 411 606; x_wconf 85' lang='lat' dir='ltr'><strong>probavimus,</strong></span> <span class='ocrx_word' id='word_1_14' title='bbox 433 532 467 589; x_wconf 89' lang='lat' dir='ltr'><strong>et</strong></span> <span class='ocrx_word' id='word_1_15' title='bbox 485 523 605 592; x_wconf 81' lang='lat' dir='ltr'>docent</span> <span class='ocrx_word' id='word_1_16' title='bbox 620 528 834 593; x_wconf 89' lang='lat' dir='ltr'><strong>communiter</strong></span> <span class='ocrx_word' id='word_1_17' title='bbox 847 529 1031 607; x_wconf 77' lang='lat' dir='ltr'><strong>mnonistae,</strong></span> <span class='ocrx_word' id='word_1_18' title='bbox 1049 547 1123 594; x_wconf 90' lang='lat' dir='ltr'><strong>cum</strong></span> <span class='ocrx_word' id='word_1_19' title='bbox 1136 528 1195 593; x_wconf 83' lang='lat' dir='ltr'><strong>Ea·</strong></span> 
     </span>
     <span class='ocr_line' id='line_1_4' title="bbox 101 641 1193 728; baseline 0.006 -26"><span class='ocrx_word' id='word_1_20' title='bbox 101 658 200 723; x_wconf 79' lang='lat' dir='ltr'><strong>gnano,</strong></span> <span class='ocrx_word' id='word_1_21' title='bbox 214 641 245 704; x_wconf 93' lang='lat' dir='ltr'><strong>in</strong></span> <span class='ocrx_word' id='word_1_22' title='bbox 261 659 333 724; x_wconf 88' lang='lat' dir='ltr'><strong>cap.</strong></span> <span class='ocrx_word' id='word_1_23' title='bbox 352 645 398 706; x_wconf 82' lang='lat' dir='ltr'><strong>Ad</strong></span> <span class='ocrx_word' id='word_1_24' title='bbox 414 662 513 722; x_wconf 83' lang='lat' dir='ltr'><strong>aures,</strong></span> <span class='ocrx_word' id='word_1_25' title='bbox 534 651 569 708; x_wconf 89' lang='lat' dir='ltr'><strong>et</strong></span> <span class='ocrx_word' id='word_1_26' title='bbox 585 651 682 726; x_wconf 88' lang='lat' dir='ltr'><strong>caput</strong></span> <span class='ocrx_word' id='word_1_27' title='bbox 701 649 752 708; x_wconf 83' lang='lat' dir='ltr'><strong>En</strong></span> <span class='ocrx_word' id='word_1_28' title='bbox 771 653 881 726; x_wconf 82' lang='lat' dir='ltr'><strong>tenore,</strong></span> <span class='ocrx_word' id='word_1_29' title='bbox 901 647 939 709; x_wconf 86' lang='lat' dir='ltr'><strong>de</strong></span> <span class='ocrx_word' id='word_1_30' title='bbox 953 650 1053 728; x_wconf 84' lang='lat' dir='ltr'><strong>Temp.</strong></span> <span class='ocrx_word' id='word_1_31' title='bbox 1064 641 1193 728; x_wconf 78' lang='lat' dir='ltr'><strong>ordin),</strong></span> 
     </span>
     <span class='ocr_line' id='line_1_5' title="bbox 101 755 1196 846; baseline 0.008 -28"><span class='ocrx_word' id='word_1_32' title='bbox 101 755 196 821; x_wconf 89' lang='lat' dir='ltr'><strong>stricte</strong></span> <span class='ocrx_word' id='word_1_33' title='bbox 208 762 256 822; x_wconf 87' lang='lat' dir='ltr'><strong>est</strong></span> <span class='ocrx_word' id='word_1_34' title='bbox 274 756 531 841; x_wconf 86' lang='lat' dir='ltr'><strong>interpretanda.</strong></span> <span class='ocrx_word' id='word_1_35' title='bbox 550 758 698 838; x_wconf 83' lang='lat' dir='ltr'>Aliunde,</span> <span class='ocrx_word' id='word_1_36' title='bbox 721 761 748 824; x_wconf 92' lang='lat' dir='ltr'><strong>si</strong></span> <span class='ocrx_word' id='word_1_37' title='bbox 764 758 923 828; x_wconf 80' lang='lat' dir='ltr'><strong>adeantur</strong></span> <span class='ocrx_word' id='word_1_38' title='bbox 936 762 1039 827; x_wconf 79' lang='lat' dir='ltr'><strong>Sacrae</strong></span> <span class='ocrx_word' id='word_1_39' title='bbox 1056 762 1196 846; x_wconf 81' lang='lat' dir='ltr'><strong>Congre-</strong></span> 
     </span>
     <span class='ocr_line' id='line_1_6' title="bbox 101 871 1198 954; baseline 0.008 -21"><span class='ocrx_word' id='word_1_40' title='bbox 101 871 220 954; x_wconf 82' lang='lat' dir='ltr'><strong>gationis</strong></span> <span class='ocrx_word' id='word_1_41' title='bbox 230 872 363 938; x_wconf 85' lang='lat' dir='ltr'><strong>Gonciiii</strong></span> <span class='ocrx_word' id='word_1_42' title='bbox 379 872 626 953; x_wconf 81' lang='lat' dir='ltr'><strong>declarationes,</strong></span> <span class='ocrx_word' id='word_1_43' title='bbox 642 876 696 941; x_wconf 88' lang='lat' dir='ltr'><strong>vel</strong></span> <span class='ocrx_word' id='word_1_44' title='bbox 711 874 882 942; x_wconf 91' lang='lat' dir='ltr'><strong>doctorum</strong></span> <span class='ocrx_word' id='word_1_45' title='bbox 898 876 957 942; x_wconf 87' lang='lat' dir='ltr'><strong>hac</strong></span> <span class='ocrx_word' id='word_1_46' title='bbox 973 876 1015 943; x_wconf 91' lang='lat' dir='ltr'><strong>de</strong></span> <span class='ocrx_word' id='word_1_47' title='bbox 1029 895 1066 942; x_wconf 89' lang='lat' dir='ltr'><strong>re</strong></span> <span class='ocrx_word' id='word_1_48' title='bbox 1080 882 1198 943; x_wconf 87' lang='lat' dir='ltr'><strong>tracta-</strong></span> 
     </span>
     <span class='ocr_line' id='line_1_7' title="bbox 100 988 1198 1078; baseline 0.008 -28"><span class='ocrx_word' id='word_1_49' title='bbox 100 988 199 1066; x_wconf 82' lang='lat' dir='ltr'><strong>tiones,</strong></span> <span class='ocrx_word' id='word_1_50' title='bbox 213 988 291 1054; x_wconf 92' lang='lat' dir='ltr'><strong>nihil</strong></span> <span class='ocrx_word' id='word_1_51' title='bbox 303 991 428 1072; x_wconf 89' lang='lat' dir='ltr'><strong>pariter</strong></span> <span class='ocrx_word' id='word_1_52' title='bbox 443 999 607 1070; x_wconf 89' lang='lat' dir='ltr'><strong>occurret,</strong></span> <span class='ocrx_word' id='word_1_53' title='bbox 624 1010 689 1078; x_wconf 89' lang='lat' dir='ltr'><strong>quo</strong></span> <span class='ocrx_word' id='word_1_54' title='bbox 704 993 758 1058; x_wconf 89' lang='lat' dir='ltr'><strong>vel</strong></span> <span class='ocrx_word' id='word_1_55' title='bbox 774 993 940 1058; x_wconf 88' lang='lat' dir='ltr'><strong>minimum</strong></span> <span class='ocrx_word' id='word_1_56' title='bbox 953 993 1119 1074; x_wconf 82' lang='lat' dir='ltr'><strong>innuatur,</strong></span> <span class='ocrx_word' id='word_1_57' title='bbox 1142 1013 1198 1059; x_wconf 81' lang='lat' dir='ltr'><strong>cx·</strong></span> 
     </span>
     <span class='ocr_line' id='line_1_8' title="bbox 100 1103 1198 1195; baseline 0.006 -26"><span class='ocrx_word' id='word_1_58' title='bbox 100 1103 176 1170; x_wconf 91' lang='lat' dir='ltr'><strong>tendi</strong></span> <span class='ocrx_word' id='word_1_59' title='bbox 202 1113 412 1172; x_wconf 86' lang='lat' dir='ltr'><strong>memoratam</strong></span> <span class='ocrx_word' id='word_1_60' title='bbox 437 1116 634 1191; x_wconf 91' lang='lat' dir='ltr'><strong>potestatem</strong></span> <span class='ocrx_word' id='word_1_61' title='bbox 662 1108 705 1175; x_wconf 94' lang='lat' dir='ltr'><strong>ad</strong></span> <span class='ocrx_word' id='word_1_62' title='bbox 732 1110 810 1175; x_wconf 88' lang='lat' dir='ltr'><strong>alios</strong></span> <span class='ocrx_word' id='word_1_63' title='bbox 834 1116 936 1188; x_wconf 86' lang='lat' dir='ltr'><strong>actus,</strong></span> <span class='ocrx_word' id='word_1_64' title='bbox 964 1118 1084 1195; x_wconf 75' lang='lat' dir='ltr'><strong>preater</strong></span> <span class='ocrx_word' id='word_1_65' title='bbox 1102 1109 1198 1176; x_wconf 91' lang='lat' dir='ltr'><strong>modo</strong></span> 
     </span>
     <span class='ocr_line' id='line_1_9' title="bbox 100 1219 810 1310; baseline 0.007 -25"><span class='ocrx_word' id='word_1_66' title='bbox 100 1219 206 1286; x_wconf 89' lang='lat' dir='ltr'><strong>dictam</strong></span> <span class='ocrx_word' id='word_1_67' title='bbox 221 1220 487 1290; x_wconf 84' lang='lat' dir='ltr'><strong>interdictionem</strong></span> <span class='ocrx_word' id='word_1_68' title='bbox 506 1232 540 1290; x_wconf 89' lang='lat' dir='ltr'><strong>et</strong></span> <span class='ocrx_word' id='word_1_69' title='bbox 554 1225 810 1310; x_wconf 88' lang='lat' dir='ltr'><strong>suspensionem.</strong></span> 
     </span>
    </p>

    <p class='ocr_par' dir='ltr' id='par_1_3' title="bbox 100 1338 1207 2822">
     <span class='ocr_line' id='line_1_10' title="bbox 135 1338 1200 1428; baseline 0.005 -27"><span class='ocrx_word' id='word_1_70' title='bbox 135 1338 211 1401; x_wconf 90' lang='lat' dir='ltr'><strong>Hinc</strong></span> <span class='ocrx_word' id='word_1_71' title='bbox 227 1338 442 1404; x_wconf 85' lang='lat' dir='ltr'><strong>vehementer</strong></span> <span class='ocrx_word' id='word_1_72' title='bbox 456 1349 584 1406; x_wconf 87' lang='lat' dir='ltr'><strong>erraret</strong></span> <span class='ocrx_word' id='word_1_73' title='bbox 598 1341 786 1426; x_wconf 84' lang='lat' dir='ltr'><strong>Episcopus,</strong></span> <span class='ocrx_word' id='word_1_74' title='bbox 804 1343 861 1428; x_wconf 90' lang='lat' dir='ltr'><strong>qni</strong></span> <span class='ocrx_word' id='word_1_75' title='bbox 873 1341 1000 1408; x_wconf 91' lang='lat' dir='ltr'><strong>licitum</strong></span> <span class='ocrx_word' id='word_1_76' title='bbox 1015 1342 1076 1408; x_wconf 91' lang='lat' dir='ltr'><strong>sibi</strong></span> <span class='ocrx_word' id='word_1_77' title='bbox 1091 1341 1200 1408; x_wconf 84' lang='lat' dir='ltr'><strong>existi-</strong></span> 
     </span>
     <span class='ocr_line' id='line_1_11' title="bbox 100 1453 1202 1543; baseline 0.005 -27"><span class='ocrx_word' id='word_1_78' title='bbox 100 1461 256 1532; x_wconf 71' lang='lat' dir='ltr'><strong>monster</strong></span> <span class='ocrx_word' id='word_1_79' title='bbox 273 1453 448 1520; x_wconf 85' lang='lat' dir='ltr'><strong>informata</strong></span> <span class='ocrx_word' id='word_1_80' title='bbox 466 1457 672 1536; x_wconf 87' lang='lat' dir='ltr'><strong>conscientia,</strong></span> <span class='ocrx_word' id='word_1_81' title='bbox 687 1476 745 1524; x_wconf 89' lang='lat' dir='ltr'><strong>seu</strong></span> <span class='ocrx_word' id='word_1_82' title='bbox 761 1460 872 1543; x_wconf 87' lang='lat' dir='ltr'><strong>vigore</strong></span> <span class='ocrx_word' id='word_1_83' title='bbox 890 1459 1062 1524; x_wconf 87' lang='lat' dir='ltr'><strong>memorati</strong></span> <span class='ocrx_word' id='word_1_84' title='bbox 1075 1456 1202 1524; x_wconf 85' lang='lat' dir='ltr'><strong>decreti</strong></span> 
     </span>
     <span class='ocr_line' id='line_1_12' title="bbox 100 1568 1201 1660; baseline 0.005 -26"><span class='ocrx_word' id='word_1_85' title='bbox 100 1568 276 1650; x_wconf 82' lang='lat' dir='ltr'><strong>Tridentini,</strong></span> <span class='ocrx_word' id='word_1_86' title='bbox 290 1590 485 1657; x_wconf 90' lang='lat' dir='ltr'><strong>quemquam</strong></span> <span class='ocrx_word' id='word_1_87' title='bbox 496 1575 794 1660; x_wconf 79' lang='lat' dir='ltr'><strong>excommunicare3</strong></span> <span class='ocrx_word' id='word_1_88' title='bbox 813 1575 867 1640; x_wconf 89' lang='lat' dir='ltr'><strong>vel</strong></span> <span class='ocrx_word' id='word_1_89' title='bbox 877 1573 1054 1660; x_wconf 89' lang='lat' dir='ltr'><strong>interdicto</strong></span> <span class='ocrx_word' id='word_1_90' title='bbox 1063 1571 1201 1660; x_wconf 84' lang='lat' dir='ltr'><strong>aliquam</strong></span> 
     </span>
     <span class='ocr_line' id='line_1_13' title="bbox 101 1689 1202 1776; baseline 0.005 -26"><span class='ocrx_word' id='word_1_91' title='bbox 101 1689 348 1754; x_wconf 79' lang='lat' dir='ltr'><strong>communitatem</strong></span> <span class='ocrx_word' id='word_1_92' title='bbox 361 1697 417 1753; x_wconf 90' lang='lat' dir='ltr'><strong>aut</strong></span> <span class='ocrx_word' id='word_1_93' title='bbox 436 1698 557 1754; x_wconf 87' lang='lat' dir='ltr'><strong>terram</strong></span> <span class='ocrx_word' id='word_1_94' title='bbox 570 1691 767 1776; x_wconf 88' lang='lat' dir='ltr'><strong>percellere;</strong></span> <span class='ocrx_word' id='word_1_95' title='bbox 781 1691 834 1756; x_wconf 82' lang='lat' dir='ltr'><strong>vel</strong></span> <span class='ocrx_word' id='word_1_96' title='bbox 842 1692 1061 1776; x_wconf 87' lang='lat' dir='ltr'><strong>pecuniariam</strong></span> <span class='ocrx_word' id='word_1_97' title='bbox 1072 1708 1202 1774; x_wconf 83' lang='lat' dir='ltr'><strong>poenam</strong></span> 
     </span>
     <span class='ocr_line' id='line_1_14' title="bbox 103 1801 1203 1892; baseline 0.006 -27"><span class='ocrx_word' id='word_1_98' title='bbox 103 1801 184 1866; x_wconf 87' lang='lat' dir='ltr'><strong>alicui</strong></span> <span class='ocrx_word' id='word_1_99' title='bbox 203 1803 324 1869; x_wconf 90' lang='lat' dir='ltr'><strong>clerico</strong></span> <span class='ocrx_word' id='word_1_100' title='bbox 345 1805 509 1889; x_wconf 82' lang='lat' dir='ltr'><strong>infligere;</strong></span> <span class='ocrx_word' id='word_1_101' title='bbox 526 1805 579 1870; x_wconf 86' lang='lat' dir='ltr'><strong>vel</strong></span> <span class='ocrx_word' id='word_1_102' title='bbox 599 1825 686 1885; x_wconf 89' lang='lat' dir='ltr'><strong>enm,</strong></span> <span class='ocrx_word' id='word_1_103' title='bbox 709 1814 863 1892; x_wconf 89' lang='lat' dir='ltr'><strong>tanquam</strong></span> <span class='ocrx_word' id='word_1_104' title='bbox 878 1806 1021 1872; x_wconf 89' lang='lat' dir='ltr'><strong>criminis</strong></span> <span class='ocrx_word' id='word_1_105' title='bbox 1037 1825 1142 1884; x_wconf 88' lang='lat' dir='ltr'><strong>reum,</strong></span> <span class='ocrx_word' id='word_1_106' title='bbox 1160 1805 1203 1872; x_wconf 89' lang='lat' dir='ltr'><strong>ad</strong></span> 
     </span>
     <span class='ocr_line' id='line_1_15' title="bbox 105 1919 1204 2008; baseline 0.005 -28"><span class='ocrx_word' id='word_1_107' title='bbox 105 1919 352 1985; x_wconf 90' lang='lat' dir='ltr'><strong>commorandum</strong></span> <span class='ocrx_word' id='word_1_108' title='bbox 367 1921 531 2006; x_wconf 88' lang='lat' dir='ltr'><strong>aliquanto</strong></span> <span class='ocrx_word' id='word_1_109' title='bbox 546 1927 696 2005; x_wconf 89' lang='lat' dir='ltr'><strong>tempore</strong></span> <span class='ocrx_word' id='word_1_110' title='bbox 717 1923 750 1987; x_wconf 93' lang='lat' dir='ltr'><strong>in</strong></span> <span class='ocrx_word' id='word_1_111' title='bbox 770 1923 878 2008; x_wconf 90' lang='lat' dir='ltr'><strong>aliqua</strong></span> <span class='ocrx_word' id='word_1_112' title='bbox 893 1921 1041 2006; x_wconf 85' lang='lat' dir='ltr'><strong>religiosa</strong></span> <span class='ocrx_word' id='word_1_113' title='bbox 1058 1922 1154 1988; x_wconf 92' lang='lat' dir='ltr'><strong>domo</strong></span> <span class='ocrx_word' id='word_1_114' title='bbox 1169 1928 1204 1987; x_wconf 89' lang='lat' dir='ltr'><strong>et</strong></span> 
     </span>
     <span class='ocr_line' id='line_1_16' title="bbox 103 2033 1205 2122; baseline 0.004 -24"><span class='ocrx_word' id='word_1_115' title='bbox 103 2033 137 2099; x_wconf 89' lang='lat' dir='ltr'><strong>ad</strong></span> <span class='ocrx_word' id='word_1_116' title='bbox 146 2036 320 2102; x_wconf 87' lang='lat' dir='ltr'><strong>vacandum</strong></span> <span class='ocrx_word' id='word_1_117' title='bbox 332 2037 553 2120; x_wconf 86' lang='lat' dir='ltr'><strong>spiritualibus</strong></span> <span class='ocrx_word' id='word_1_118' title='bbox 570 2039 732 2104; x_wconf 83' lang='lat' dir='ltr'><strong>exercitiis</strong></span> <span class='ocrx_word' id='word_1_119' title='bbox 747 2037 892 2122; x_wconf 85' lang='lat' dir='ltr'><strong>adigere;</strong></span> <span class='ocrx_word' id='word_1_120' title='bbox 905 2039 960 2104; x_wconf 83' lang='lat' dir='ltr'><strong>vel</strong></span> <span class='ocrx_word' id='word_1_121' title='bbox 970 2036 1104 2103; x_wconf 87' lang='lat' dir='ltr'><strong>tandem</strong></span> <span class='ocrx_word' id='word_1_122' title='bbox 1115 2036 1205 2122; x_wconf 88' lang='lat' dir='ltr'><strong>quid·</strong></span> 
     </span>
     <span class='ocr_line' id='line_1_17' title="bbox 103 2152 1205 2240; baseline 0.003 -25"><span class='ocrx_word' id='word_1_123' title='bbox 103 2170 186 2236; x_wconf 88' lang='lat' dir='ltr'><strong>quam</strong></span> <span class='ocrx_word' id='word_1_124' title='bbox 200 2152 288 2219; x_wconf 91' lang='lat' dir='ltr'><strong>aliud</strong></span> <span class='ocrx_word' id='word_1_125' title='bbox 305 2153 425 2231; x_wconf 86' lang='lat' dir='ltr'><strong>iacere,</strong></span> <span class='ocrx_word' id='word_1_126' title='bbox 444 2160 565 2240; x_wconf 80' lang='lat' dir='ltr'><strong>praeter</strong></span> <span class='ocrx_word' id='word_1_127' title='bbox 584 2153 732 2221; x_wconf 84' lang='lat' dir='ltr'><strong>haecduo</strong></span> <span class='ocrx_word' id='word_1_128' title='bbox 750 2175 758 2220; x_wconf 89' lang='lat'>:</span> <span class='ocrx_word' id='word_1_129' title='bbox 777 2157 1007 2220; x_wconf 83' lang='lat' dir='ltr'><strong>interdicerent</strong></span> <span class='ocrx_word' id='word_1_130' title='bbox 1025 2173 1148 2218; x_wconf 76' lang='lat' dir='ltr'><strong>mocnsn</strong></span> <span class='ocrx_word' id='word_1_131' title='bbox 1163 2157 1205 2218; x_wconf 84' lang='lat' dir='ltr'><strong>ed</strong></span> 
     </span>
     <span class='ocr_line' id='line_1_18' title="bbox 103 2272 1206 2354; baseline 0.002 -24"><span class='ocrx_word' id='word_1_132' title='bbox 103 2273 218 2350; x_wconf 80' lang='lat' dir='ltr'><strong>ordines,</strong></span> <span class='ocrx_word' id='word_1_133' title='bbox 241 2278 270 2333; x_wconf 87' lang='lat' dir='ltr'><strong>et</strong></span> <span class='ocrx_word' id='word_1_134' title='bbox 292 2274 469 2352; x_wconf 81' lang='lat' dir='ltr'><strong>suspendere</strong></span> <span class='ocrx_word' id='word_1_135' title='bbox 490 2275 527 2336; x_wconf 85' lang='lat' dir='ltr'><strong>ob</strong></span> <span class='ocrx_word' id='word_1_136' title='bbox 546 2275 713 2351; x_wconf 78' lang='lat' dir='ltr'><strong>ordinibus,</strong></span> <span class='ocrx_word' id='word_1_137' title='bbox 732 2273 850 2352; x_wconf 81' lang='lat' dir='ltr'><strong>officiis,</strong></span> <span class='ocrx_word' id='word_1_138' title='bbox 874 2272 1087 2354; x_wconf 78' lang='lat' dir='ltr'><strong>dipnitatidnr,</strong></span> <span class='ocrx_word' id='word_1_139' title='bbox 1103 2273 1206 2350; x_wconf 76' lang='lat' dir='ltr'><strong>prndi-</strong></span> 
     </span>
     <span class='ocr_line' id='line_1_19' title="bbox 104 2384 1202 2454; baseline 0.002 -6"><span class='ocrx_word' id='word_1_140' title='bbox 104 2386 148 2448; x_wconf 80' lang='lat' dir='ltr'><strong>dns</strong></span> <span class='ocrx_word' id='word_1_141' title='bbox 158 2395 185 2449; x_wconf 90' lang='lat' dir='ltr'><strong>et</strong></span> <span class='ocrx_word' id='word_1_142' title='bbox 194 2389 352 2450; x_wconf 81' lang='lat' dir='ltr'><strong>nonoribus</strong></span> <span class='ocrx_word' id='word_1_143' title='bbox 365 2391 582 2452; x_wconf 78' lang='lat' dir='ltr'><strong>ecciesiasticis.</strong></span> <span class='ocrx_word' id='word_1_144' title='bbox 603 2389 641 2453; x_wconf 92' lang='lat' dir='ltr'><strong>In</strong></span> <span class='ocrx_word' id='word_1_145' title='bbox 661 2389 787 2454; x_wconf 81' lang='lat' dir='ltr'><strong>caeteris</strong></span> <span class='ocrx_word' id='word_1_146' title='bbox 801 2388 888 2453; x_wconf 90' lang='lat' dir='ltr'><strong>enim</strong></span> <span class='ocrx_word' id='word_1_147' title='bbox 904 2385 1028 2452; x_wconf 88' lang='lat' dir='ltr'><strong>dictum</strong></span> <span class='ocrx_word' id='word_1_148' title='bbox 1040 2384 1202 2452; x_wconf 85' lang='lat' dir='ltr'><strong>Tridenti-</strong></span> 
     </span>
     <span class='ocr_line' id='line_1_20' title="bbox 104 2500 1205 2590; baseline 0.005 -26"><span class='ocrx_word' id='word_1_149' title='bbox 104 2520 170 2566; x_wconf 91' lang='lat' dir='ltr'><strong>num</strong></span> <span class='ocrx_word' id='word_1_150' title='bbox 188 2502 356 2568; x_wconf 88' lang='lat' dir='ltr'><strong>decretum</strong></span> <span class='ocrx_word' id='word_1_151' title='bbox 372 2504 450 2570; x_wconf 93' lang='lat' dir='ltr'><strong>nihil</strong></span> <span class='ocrx_word' id='word_1_152' title='bbox 464 2505 667 2590; x_wconf 88' lang='lat' dir='ltr'><strong>immutavit;</strong></span> <span class='ocrx_word' id='word_1_153' title='bbox 682 2513 715 2572; x_wconf 93' lang='lat' dir='ltr'><strong>et</strong></span> <span class='ocrx_word' id='word_1_154' title='bbox 735 2506 768 2570; x_wconf 92' lang='lat' dir='ltr'><strong>in</strong></span> <span class='ocrx_word' id='word_1_155' title='bbox 795 2504 841 2570; x_wconf 90' lang='lat' dir='ltr'><strong>eis</strong></span> <span class='ocrx_word' id='word_1_156' title='bbox 870 2523 940 2570; x_wconf 87' lang='lat' dir='ltr'><strong>sese</strong></span> <span class='ocrx_word' id='word_1_157' title='bbox 965 2521 1081 2587; x_wconf 83' lang='lat' dir='ltr'><strong>gerere</strong></span> <span class='ocrx_word' id='word_1_158' title='bbox 1103 2500 1205 2569; x_wconf 87' lang='lat' dir='ltr'><strong>debet</strong></span> 
     </span>
     <span class='ocr_line' id='line_1_21' title="bbox 104 2617 1207 2706; baseline -0.002 -23"><span class='ocrx_word' id='word_1_159' title='bbox 104 2618 267 2704; x_wconf 84' lang='lat' dir='ltr'><strong>Episcopus</strong></span> <span class='ocrx_word' id='word_1_160' title='bbox 281 2629 380 2706; x_wconf 89' lang='lat' dir='ltr'><strong>prout</strong></span> <span class='ocrx_word' id='word_1_161' title='bbox 399 2620 441 2687; x_wconf 92' lang='lat' dir='ltr'><strong>de</strong></span> <span class='ocrx_word' id='word_1_162' title='bbox 460 2620 545 2706; x_wconf 86' lang='lat' dir='ltr'><strong>J&#39;ure,</strong></span> <span class='ocrx_word' id='word_1_163' title='bbox 563 2621 701 2706; x_wconf 90' lang='lat' dir='ltr'><strong>perinde</strong></span> <span class='ocrx_word' id='word_1_164' title='bbox 724 2622 801 2686; x_wconf 91' lang='lat' dir='ltr'><strong>acsi</strong></span> <span class='ocrx_word' id='word_1_165' title='bbox 828 2641 892 2686; x_wconf 92' lang='lat' dir='ltr'><strong>non</strong></span> <span class='ocrx_word' id='word_1_166' title='bbox 915 2623 1045 2686; x_wconf 84' lang='lat' dir='ltr'><strong>extaret</strong></span> <span class='ocrx_word' id='word_1_167' title='bbox 1068 2617 1207 2703; x_wconf 72' lang='lat' dir='ltr'><strong>prefata</strong></span> 
     </span>
     <span class='ocr_line' id='line_1_22' title="bbox 103 2721 1086 2822; baseline 0.007 -24"><span class='ocrx_word' id='word_1_168' title='bbox 103 2733 277 2802; x_wconf 84' lang='lat' dir='ltr'><strong>Tridentina</strong></span> <span class='ocrx_word' id='word_1_169' title='bbox 297 2726 475 2822; x_wconf 86' lang='lat' dir='ltr'><strong>dispositio.</strong></span> <span class='ocrx_word' id='word_1_170' title='bbox 1084 2721 1086 2727; x_wconf 41' lang='lat'><strong>¹</strong></span> 
     </span>
    </p>

    <p class='ocr_par' dir='ltr' id='par_1_4' title="bbox 103 2848 1269 4444">
     <span class='ocr_line' id='line_1_23' title="bbox 143 2848 1208 2936; baseline 0 -20"><span class='ocrx_word' id='word_1_171' title='bbox 143 2853 208 2918; x_wconf 88' lang='lat' dir='ltr'><strong>Non</strong></span> <span class='ocrx_word' id='word_1_172' title='bbox 230 2860 340 2918; x_wconf 91' lang='lat' dir='ltr'><strong>tamen</strong></span> <span class='ocrx_word' id='word_1_173' title='bbox 360 2852 482 2919; x_wconf 89' lang='lat' dir='ltr'><strong>inficias</strong></span> <span class='ocrx_word' id='word_1_174' title='bbox 503 2854 605 2931; x_wconf 89' lang='lat' dir='ltr'><strong>imus,</strong></span> <span class='ocrx_word' id='word_1_175' title='bbox 634 2871 729 2936; x_wconf 91' lang='lat' dir='ltr'><strong>posse</strong></span> <span class='ocrx_word' id='word_1_176' title='bbox 754 2853 949 2936; x_wconf 89' lang='lat' dir='ltr'><strong>Episcopum</strong></span> <span class='ocrx_word' id='word_1_177' title='bbox 967 2870 1029 2934; x_wconf 90' lang='lat' dir='ltr'><strong>per</strong></span> <span class='ocrx_word' id='word_1_178' title='bbox 1051 2851 1137 2916; x_wconf 83' lang='lat' dir='ltr'><strong>viam</strong></span> <span class='ocrx_word' id='word_1_179' title='bbox 1158 2848 1208 2916; x_wconf 92' lang='lat' dir='ltr'><strong>in·</strong></span> 
     </span>
     <span class='ocr_line' id='line_1_24' title="bbox 103 2965 1209 3053; baseline 0.002 -25"><span class='ocrx_word' id='word_1_180' title='bbox 103 2965 236 3034; x_wconf 75' lang='lat' dir='ltr'><strong>formata</strong></span> <span class='ocrx_word' id='word_1_181' title='bbox 257 2968 460 3035; x_wconf 76' lang='lat' dir='ltr'><strong>conscientia</strong></span> <span class='ocrx_word' id='word_1_182' title='bbox 476 2987 530 3037; x_wconf 86' lang='lat' dir='ltr'><strong>eos</strong></span> <span class='ocrx_word' id='word_1_183' title='bbox 550 2968 688 3036; x_wconf 87' lang='lat' dir='ltr'><strong>effectus</strong></span> <span class='ocrx_word' id='word_1_184' title='bbox 711 2966 914 3052; x_wconf 90' lang='lat' dir='ltr'><strong>producere,</strong></span> <span class='ocrx_word' id='word_1_185' title='bbox 932 2967 988 3053; x_wconf 88' lang='lat' dir='ltr'><strong>qui</strong></span> <span class='ocrx_word' id='word_1_186' title='bbox 1007 2986 1047 3032; x_wconf 82' lang='lat' dir='ltr'><strong>ex</strong></span> <span class='ocrx_word' id='word_1_187' title='bbox 1062 2965 1149 3032; x_wconf 88' lang='lat' dir='ltr'><strong>dicta</strong></span> <span class='ocrx_word' id='word_1_188' title='bbox 1164 2966 1209 3030; x_wconf 93' lang='lat' dir='ltr'><strong>in·</strong></span> 
     </span>
     <span class='ocr_line' id='line_1_25' title="bbox 105 3081 1210 3168; baseline 0.001 -23"><span class='ocrx_word' id='word_1_189' title='bbox 105 3081 288 3151; x_wconf 89' lang='lat' dir='ltr'><strong>terdictione</strong></span> <span class='ocrx_word' id='word_1_190' title='bbox 306 3092 340 3150; x_wconf 91' lang='lat' dir='ltr'><strong>et</strong></span> <span class='ocrx_word' id='word_1_191' title='bbox 355 3086 565 3168; x_wconf 88' lang='lat' dir='ltr'><strong>suspensione</strong></span> <span class='ocrx_word' id='word_1_192' title='bbox 583 3083 744 3150; x_wconf 84' lang='lat' dir='ltr'><strong>indivulse</strong></span> <span class='ocrx_word' id='word_1_193' title='bbox 765 3091 1019 3168; x_wconf 88' lang='lat' dir='ltr'><strong>consequuntur.</strong></span> <span class='ocrx_word' id='word_1_194' title='bbox 1035 3083 1096 3160; x_wconf 88' lang='lat' dir='ltr'><strong>Sic,</strong></span> <span class='ocrx_word' id='word_1_195' title='bbox 1116 3081 1210 3148; x_wconf 80' lang='lat' dir='ltr'><strong>verbi</strong></span> 
     </span>
     <span class='ocr_line' id='line_1_26' title="bbox 104 3197 1208 3286; baseline 0.001 -23"><span class='ocrx_word' id='word_1_196' title='bbox 104 3201 210 3280; x_wconf 81' lang='lat' dir='ltr'><strong>gratia,</strong></span> <span class='ocrx_word' id='word_1_197' title='bbox 231 3220 271 3266; x_wconf 80' lang='lat' dir='ltr'><strong>ex</strong></span> <span class='ocrx_word' id='word_1_198' title='bbox 283 3221 322 3268; x_wconf 90' lang='lat' dir='ltr'><strong>eo</strong></span> <span class='ocrx_word' id='word_1_199' title='bbox 341 3201 430 3286; x_wconf 92' lang='lat' dir='ltr'><strong>quod</strong></span> <span class='ocrx_word' id='word_1_200' title='bbox 444 3203 545 3285; x_wconf 90' lang='lat' dir='ltr'><strong>possit</strong></span> <span class='ocrx_word' id='word_1_201' title='bbox 560 3199 864 3285; x_wconf 79' lang='lat' dir='ltr'><strong>extra-judicialiter</strong></span> <span class='ocrx_word' id='word_1_202' title='bbox 879 3199 1111 3286; x_wconf 81' lang='lat' dir='ltr'><strong>presbyterum</strong></span> <span class='ocrx_word' id='word_1_203' title='bbox 1126 3218 1145 3264; x_wconf 91' lang='lat' dir='ltr'><strong>a</strong></span> <span class='ocrx_word' id='word_1_204' title='bbox 1161 3197 1208 3264; x_wconf 93' lang='lat' dir='ltr'><strong>di·</strong></span> 
     </span>
     <span class='ocr_line' id='line_1_27' title="bbox 104 3315 1209 3402; baseline 0.003 -26"><span class='ocrx_word' id='word_1_205' title='bbox 104 3315 176 3380; x_wconf 85' lang='lat' dir='ltr'><strong>vinis</strong></span> <span class='ocrx_word' id='word_1_206' title='bbox 197 3317 408 3402; x_wconf 89' lang='lat' dir='ltr'><strong>suspendere,</strong></span> <span class='ocrx_word' id='word_1_207' title='bbox 436 3325 544 3402; x_wconf 89' lang='lat' dir='ltr'><strong>potest</strong></span> <span class='ocrx_word' id='word_1_208' title='bbox 566 3318 627 3382; x_wconf 93' lang='lat' dir='ltr'><strong>hoc</strong></span> <span class='ocrx_word' id='word_1_209' title='bbox 650 3317 720 3400; x_wconf 90' lang='lat' dir='ltr'><strong>ipso</strong></span> <span class='ocrx_word' id='word_1_210' title='bbox 741 3333 818 3382; x_wconf 90' lang='lat' dir='ltr'><strong>eum</strong></span> <span class='ocrx_word' id='word_1_211' title='bbox 843 3315 1023 3381; x_wconf 87' lang='lat' dir='ltr'><strong>honorariis</strong></span> <span class='ocrx_word' id='word_1_212' title='bbox 1041 3315 1209 3380; x_wconf 85' lang='lat' dir='ltr'><strong>missarum</strong></span> 
     </span>
     <span class='ocr_line' id='line_1_28' title="bbox 104 3430 1210 3520; baseline -0.001 -25"><span class='ocrx_word' id='word_1_213' title='bbox 104 3433 239 3519; x_wconf 88' lang='lat' dir='ltr'><strong>privare;</strong></span> <span class='ocrx_word' id='word_1_214' title='bbox 256 3436 330 3520; x_wconf 91' lang='lat' dir='ltr'><strong>quia</strong></span> <span class='ocrx_word' id='word_1_215' title='bbox 343 3433 398 3501; x_wconf 93' lang='lat' dir='ltr'><strong>ille</strong></span> <span class='ocrx_word' id='word_1_216' title='bbox 413 3434 549 3500; x_wconf 86' lang='lat' dir='ltr'><strong>effectus</strong></span> <span class='ocrx_word' id='word_1_217' title='bbox 565 3433 810 3518; x_wconf 88' lang='lat' dir='ltr'><strong>suspensionem</strong></span> <span class='ocrx_word' id='word_1_218' title='bbox 832 3433 1013 3499; x_wconf 89' lang='lat' dir='ltr'><strong>necessario</strong></span> <span class='ocrx_word' id='word_1_219' title='bbox 1040 3430 1210 3515; x_wconf 90' lang='lat' dir='ltr'><strong>consequi-</strong></span> 
     </span>
     <span class='ocr_line' id='line_1_29' title="bbox 104 3544 1210 3634; baseline -0.003 -23"><span class='ocrx_word' id='word_1_220' title='bbox 104 3553 152 3611; x_wconf 91' lang='lat' dir='ltr'><strong>tur</strong></span> <span class='ocrx_word' id='word_1_221' title='bbox 172 3549 271 3614; x_wconf 88' lang='lat' dir='ltr'><strong>:item</strong></span> <span class='ocrx_word' id='word_1_222' title='bbox 297 3568 337 3614; x_wconf 82' lang='lat' dir='ltr'><strong>ex</strong></span> <span class='ocrx_word' id='word_1_223' title='bbox 363 3568 403 3614; x_wconf 91' lang='lat' dir='ltr'><strong>eo</strong></span> <span class='ocrx_word' id='word_1_224' title='bbox 424 3549 560 3634; x_wconf 80' lang='lat' dir='ltr'><strong>quodni</strong></span> <span class='ocrx_word' id='word_1_225' title='bbox 582 3547 710 3614; x_wconf 86' lang='lat' dir='ltr'><strong>decreti</strong></span> <span class='ocrx_word' id='word_1_226' title='bbox 725 3546 908 3613; x_wconf 84' lang='lat' dir='ltr'><strong>Tridentini</strong></span> <span class='ocrx_word' id='word_1_227' title='bbox 923 3546 1023 3632; x_wconf 91' lang='lat' dir='ltr'><strong>possit</strong></span> <span class='ocrx_word' id='word_1_228' title='bbox 1034 3544 1210 3628; x_wconf 89' lang='lat' dir='ltr'><strong>parochum</strong></span> 
     </span>
     <span class='ocr_line' id='line_1_30' title="bbox 104 3660 1211 3748; baseline 0 -24"><span class='ocrx_word' id='word_1_229' title='bbox 104 3663 292 3748; x_wconf 89' lang='lat' dir='ltr'><strong>suspendere</strong></span> <span class='ocrx_word' id='word_1_230' title='bbox 314 3685 332 3730; x_wconf 89' lang='lat' dir='ltr'><strong>a</strong></span> <span class='ocrx_word' id='word_1_231' title='bbox 355 3663 485 3743; x_wconf 71' lang='lat' dir='ltr'><strong>divinis</strong></span> <span class='ocrx_word' id='word_1_232' title='bbox 505 3684 632 3730; x_wconf 91' lang='lat' dir='ltr'><strong>necnon</strong></span> <span class='ocrx_word' id='word_1_233' title='bbox 652 3684 671 3728; x_wconf 93' lang='lat' dir='ltr'><strong>a</strong></span> <span class='ocrx_word' id='word_1_234' title='bbox 689 3662 845 3748; x_wconf 88' lang='lat' dir='ltr'><strong>gradibus</strong></span> <span class='ocrx_word' id='word_1_235' title='bbox 862 3668 895 3727; x_wconf 90' lang='lat' dir='ltr'><strong>et</strong></span> <span class='ocrx_word' id='word_1_236' title='bbox 918 3661 1093 3727; x_wconf 89' lang='lat' dir='ltr'><strong>honoribus</strong></span> <span class='ocrx_word' id='word_1_237' title='bbox 1107 3660 1211 3725; x_wconf 90' lang='lat' dir='ltr'><strong>eccle-</strong></span> 
     </span>
     <span class='ocr_line' id='line_1_31' title="bbox 105 3777 1207 3864; baseline 0 -25"><span class='ocrx_word' id='word_1_238' title='bbox 105 3777 236 3858; x_wconf 84' lang='lat' dir='ltr'><strong>siasticis,</strong></span> <span class='ocrx_word' id='word_1_239' title='bbox 255 3788 364 3864; x_wconf 90' lang='lat' dir='ltr'><strong>potest</strong></span> <span class='ocrx_word' id='word_1_240' title='bbox 391 3780 452 3845; x_wconf 94' lang='lat' dir='ltr'><strong>hoc</strong></span> <span class='ocrx_word' id='word_1_241' title='bbox 476 3781 546 3864; x_wconf 92' lang='lat' dir='ltr'><strong>ipso</strong></span> <span class='ocrx_word' id='word_1_242' title='bbox 571 3798 646 3845; x_wconf 91' lang='lat' dir='ltr'><strong>eum</strong></span> <span class='ocrx_word' id='word_1_243' title='bbox 668 3778 708 3843; x_wconf 92' lang='lat' dir='ltr'><strong>ab</strong></span> <span class='ocrx_word' id='word_1_244' title='bbox 733 3777 890 3844; x_wconf 83' lang='lat' dir='ltr'><strong>exercitio</strong></span> <span class='ocrx_word' id='word_1_245' title='bbox 917 3795 1002 3842; x_wconf 81' lang='lat' dir='ltr'><strong>curae</strong></span> <span class='ocrx_word' id='word_1_246' title='bbox 1024 3792 1207 3852; x_wconf 83' lang='lat' dir='ltr'><strong>removere,</strong></span> 
     </span>
     <span class='ocr_line' id='line_1_32' title="bbox 105 3893 1211 3980; baseline 0 -24"><span class='ocrx_word' id='word_1_247' title='bbox 105 3894 171 3974; x_wconf 89' lang='lat' dir='ltr'><strong>qnia</strong></span> <span class='ocrx_word' id='word_1_248' title='bbox 193 3917 264 3962; x_wconf 89' lang='lat' dir='ltr'><strong>cnm</strong></span> <span class='ocrx_word' id='word_1_249' title='bbox 282 3895 441 3980; x_wconf 90' lang='lat' dir='ltr'><strong>ejusmodi</strong></span> <span class='ocrx_word' id='word_1_250' title='bbox 459 3897 667 3978; x_wconf 89' lang='lat' dir='ltr'><strong>suspensione</strong></span> <span class='ocrx_word' id='word_1_251' title='bbox 685 3893 935 3977; x_wconf 89' lang='lat' dir='ltr'><strong>incompatibilis</strong></span> <span class='ocrx_word' id='word_1_252' title='bbox 958 3899 1009 3957; x_wconf 85' lang='lat' dir='ltr'><strong>est</strong></span> <span class='ocrx_word' id='word_1_253' title='bbox 1030 3893 1211 3957; x_wconf 85' lang='lat' dir='ltr'><strong>animarum</strong></span> 
     </span>
     <span class='ocr_line' id='line_1_33' title="bbox 106 4008 1213 4078; baseline 0 -6"><span class='ocrx_word' id='word_1_254' title='bbox 106 4028 176 4076; x_wconf 89' lang='lat' dir='ltr'><strong>cura</strong></span> <span class='ocrx_word' id='word_1_255' title='bbox 194 4034 200 4078; x_wconf 94' lang='lat'><strong>:</strong></span> <span class='ocrx_word' id='word_1_256' title='bbox 217 4020 251 4078; x_wconf 90' lang='lat' dir='ltr'><strong>et</strong></span> <span class='ocrx_word' id='word_1_257' title='bbox 262 4014 307 4078; x_wconf 91' lang='lat' dir='ltr'><strong>sic</strong></span> <span class='ocrx_word' id='word_1_258' title='bbox 320 4012 361 4077; x_wconf 88' lang='lat' dir='ltr'><strong>dc</strong></span> <span class='ocrx_word' id='word_1_259' title='bbox 382 4013 450 4078; x_wconf 89' lang='lat' dir='ltr'><strong>aliis</strong></span> <span class='ocrx_word' id='word_1_260' title='bbox 466 4011 647 4078; x_wconf 85' lang='lat' dir='ltr'><strong>effectibus.</strong></span> <span class='ocrx_word' id='word_1_261' title='bbox 669 4010 734 4077; x_wconf 88' lang='lat' dir='ltr'><strong>Sed</strong></span> <span class='ocrx_word' id='word_1_262' title='bbox 750 4030 824 4075; x_wconf 91' lang='lat' dir='ltr'><strong>cum</strong></span> <span class='ocrx_word' id='word_1_263' title='bbox 838 4009 860 4073; x_wconf 91' lang='lat' dir='ltr'><strong>ii</strong></span> <span class='ocrx_word' id='word_1_264' title='bbox 872 4008 1009 4074; x_wconf 80' lang='lat' dir='ltr'><strong>effectus</strong></span> <span class='ocrx_word' id='word_1_265' title='bbox 1022 4009 1086 4073; x_wconf 90' lang='lat' dir='ltr'><strong>sint</strong></span> <span class='ocrx_word' id='word_1_266' title='bbox 1100 4027 1213 4073; x_wconf 90' lang='lat' dir='ltr'><strong>neces·</strong></span> 
     </span>
     <span class='ocr_line' id='line_1_34' title="bbox 104 4125 1212 4210; baseline 0 -21"><span class='ocrx_word' id='word_1_267' title='bbox 104 4130 180 4194; x_wconf 88' lang='lat' dir='ltr'><strong>saria</strong></span> <span class='ocrx_word' id='word_1_268' title='bbox 193 4131 391 4197; x_wconf 88' lang='lat' dir='ltr'><strong>consectaria</strong></span> <span class='ocrx_word' id='word_1_269' title='bbox 407 4129 501 4194; x_wconf 84' lang='lat' dir='ltr'><strong>dictae</strong></span> <span class='ocrx_word' id='word_1_270' title='bbox 516 4128 755 4194; x_wconf 87' lang='lat' dir='ltr'><strong>interdictionis</strong></span> <span class='ocrx_word' id='word_1_271' title='bbox 775 4135 831 4192; x_wconf 91' lang='lat' dir='ltr'><strong>aut</strong></span> <span class='ocrx_word' id='word_1_272' title='bbox 848 4127 1074 4210; x_wconf 89' lang='lat' dir='ltr'><strong>suspensionis,</strong></span> <span class='ocrx_word' id='word_1_273' title='bbox 1094 4125 1212 4189; x_wconf 89' lang='lat' dir='ltr'><strong>merito</strong></span> 
     </span>
     <span class='ocr_line' id='line_1_35' title="bbox 104 4239 1210 4328; baseline 0 -23"><span class='ocrx_word' id='word_1_274' title='bbox 104 4239 217 4310; x_wconf 89' lang='lat' dir='ltr'><strong>dicitur</strong></span> <span class='ocrx_word' id='word_1_275' title='bbox 237 4253 339 4312; x_wconf 89' lang='lat' dir='ltr'><strong>totam</strong></span> <span class='ocrx_word' id='word_1_276' title='bbox 356 4245 587 4328; x_wconf 86' lang='lat' dir='ltr'><strong>Episcoporum</strong></span> <span class='ocrx_word' id='word_1_277' title='bbox 612 4263 651 4309; x_wconf 82' lang='lat' dir='ltr'><strong>ex</strong></span> <span class='ocrx_word' id='word_1_278' title='bbox 676 4243 849 4309; x_wconf 83' lang='lat' dir='ltr'><strong>informata</strong></span> <span class='ocrx_word' id='word_1_279' title='bbox 874 4241 1070 4308; x_wconf 90' lang='lat' dir='ltr'><strong>conscientia</strong></span> <span class='ocrx_word' id='word_1_280' title='bbox 1095 4258 1210 4322; x_wconf 89' lang='lat' dir='ltr'><strong>proce-</strong></span> 
     </span>
     <span class='ocr_line' id='line_1_36' title="bbox 106 4341 1269 4444; baseline 0.001 -25"><span class='ocrx_word' id='word_1_281' title='bbox 106 4353 196 4422; x_wconf 89' lang='lat' dir='ltr'><strong>dendi</strong></span> <span class='ocrx_word' id='word_1_282' title='bbox 219 4366 431 4444; x_wconf 89' lang='lat' dir='ltr'><strong>potestatem,</strong></span> <span class='ocrx_word' id='word_1_283' title='bbox 457 4359 497 4426; x_wconf 86' lang='lat' dir='ltr'><strong>ad</strong></span> <span class='ocrx_word' id='word_1_284' title='bbox 522 4359 580 4428; x_wconf 89' lang='lat' dir='ltr'><strong>hos</strong></span> <span class='ocrx_word' id='word_1_285' title='bbox 600 4359 681 4426; x_wconf 92' lang='lat' dir='ltr'><strong>dnos</strong></span> <span class='ocrx_word' id='word_1_286' title='bbox 701 4365 793 4425; x_wconf 89' lang='lat' dir='ltr'><strong>actus</strong></span> <span class='ocrx_word' id='word_1_287' title='bbox 815 4341 992 4442; x_wconf 79' lang='lat' dir='ltr'><strong>restringi:</strong></span> <span class='ocrx_word' id='word_1_288' title='bbox 1014 4352 1211 4423; x_wconf 90' lang='lat' dir='ltr'><strong>interdicere</strong></span> <span class='ocrx_word' id='word_1_289' title='bbox 1267 4343 1269 4348; x_wconf 69' lang='grc'><strong>’</strong></span> 
     </span>
    </p>
   </div>
   <div class='ocr_carea' id='block_1_3' title="bbox 0 0 1428 5118">
    <p class='ocr_par' dir='ltr' id='par_1_5' title="bbox 0 0 1428 5118">
     <span class='ocr_line' id='line_1_37' title="bbox 0 0 1428 5118; baseline 0 0"><span class='ocrx_word' id='word_1_290' title='bbox 0 0 1428 5118; x_wconf 95' lang='lat' dir='ltr'><strong> </strong></span> 
     </span>
    </p>
   </div>
  </div>
 </body>
</html>
