2836 5118
254 336 319 428 3⁹⁰
602 353 789 404 murinus
812 355 855 402 nu
877 353 1026 404 runrcns.

252 477 417 568 doctores,
436 473 512 550 nite
527 476 562 560 ip
576 497 688 564 eorum
713 451 965 568 commentariis,
983 482 1017 562 io
1032 481 1083 550 tit.
1106 484 1162 566 ill,
1178 480 1253 566 iibri
1267 485 1285 550 l
1300 481 1347 550 da·

252 595 432 684 aonium·

755 835 770 906 i
787 831 857 895 xli.

425 1055 521 1104 bearem
531 1050 656 1104 clementia
667 1050 723 1098 vill
734 1051 796 1105 cirea
810 1051 976 1116 appellationes
990 1061 1013 1101 ca
1024 1051 1183 1104 inhibitiones.

289 1299 405 1367 Plures
417 1319 520 1378 maus,
532 1301 589 1385 qui
601 1297 825 1366 difficultatem
836 1299 949 1368 faoere
960 1308 1124 1384 poteraut,
1136 1298 1344 1376 deoiditSoora

242 1413 456 1501 congregatio
470 1417 702 1500 Episcoporum
717 1421 752 1480 et
768 1415 967 1499 regularium
987 1435 1074 1482 anuo
1093 1418 1195 1500 1600;
1211 1436 1286 1503 quas
1301 1415 1345 1482 de

242 1531 380 1601 cisiones
400 1551 459 1603 seu
479 1530 625 1608 decreta,
647 1551 666 1596 a
691 1530 858 1608 Clemente
877 1531 955 1598 lllll
983 1531 1189 1612 confirmata,
1218 1533 1345 1618 apprimo

238 1654 316 1730 rapta
328 1646 448 1719 hahere
463 1645 588 1717 debent
596 1645 726 1731 judicos
738 1645 960 1726 ecclesiastici,
978 1652 1016 1712 ut
1030 1645 1138 1730 quoad
1153 1647 1238 1717 hanc
1250 1648 1345 1731 appel·

238 1761 396 1844 latioupm
417 1771 451 1829 et
475 1762 703 1837 inhibitiouum
722 1762 891 1829 materiam
907 1769 998 1830 recte
1014 1761 1201 1846 procedere
1220 1741 1342 1840 valeant,

239 1885 274 1946 et
288 1877 459 1953 conflictus
472 1879 558 1944 iuter
583 1879 695 1962 primae
713 1885 747 1944 ot
769 1876 919 1949 secundm
938 1878 1098 1948 instantia
1114 1879 1284 1952 mibunalin
1297 1877 1343 1946 da

117 1975 119 1980 ⁵
239 1994 355 2072 nitent.
378 1993 458 2080 Ideo
489 1992 625 2071 decreta
648 1994 703 2060 illa
727 1993 780 2061 hic
809 1992 1012 2078 subjicienda
1035 1993 1205 2080 duximus3
1233 2003 1341 2068 textum

238 2106 448 2194 desumentes
461 2129 502 2178 en
522 2106 704 2194 appendice
719 2107 1004 2189 eonciliiRomcni,
1022 2127 1107 2176 nuno
1123 2112 1210 2176 1725
1223 2109 1280 2194 suh
1293 2107 1343 2174 Be·

239 2222 371 2290 aedicto
382 2225 459 2311 lllll
473 2223 639 2300 celebrati,
654 2223 712 2290 uhi
726 2224 835 2306 relata
849 2225 1073 2309 reperiuntur.

247 2407 253 2416 ,
290 2340 374 2408 «Ad
397 2339 560 2408 tollendas
587 2338 815 2424 ambiguitates
840 2347 875 2421 et
899 2341 1139 2408 controversias
1165 2341 1346 2427 jurisdictio-

246 2457 373 2539 «palpa,
395 2475 467 2544 quae
482 2456 569 2522 inter
588 2455 842 2540 appellationum
857 2460 891 2519 et
909 2455 1029 2540 prioris
1047 2456 1343 2544 mansuetudines,

246 2603 258 2646 a
274 2591 338 2656 uon
347 2572 415 2639 sine
425 2571 568 2658 partium
581 2569 766 2656 dispendio,
780 2589 957 2656 cursusque
965 2570 1098 2655 iustitias
1111 2572 1343 2658 impadimeuta

247 2700 309 2759 «et
322 2711 406 2777 mpe
421 2690 571 2764 scandalo
587 2691 750 2769 odiantur,
769 2691 864 2760 Sacra
882 2690 1218 2776 congregassemus
1234 2691 1345 2775 lipisoo

249 2826 393 2891 sporum
412 2807 597 2892 preposita,
622 2805 708 2872 fucta
729 2805 819 2890 prius
836 2806 993 2872 relatione
1007 2806 1212 2877 sanctissimo
1226 2806 1346 2875 Domino

185 2965 187 2970 -
245 2921 390 3008 «Nostro
405 2921 563 3006 Clementi
578 2921 674 3004 Papae
694 2921 784 2997 VIII,
797 2938 836 2986 ac
853 2918 895 2986 de
907 2919 1091 2991 sanctitatis
1105 2921 1177 2986 Suae
1192 2918 1340 2992 mandato,

248 3038 356 3110 nvivae
369 3038 458 3110 vocis
473 3036 603 3109 oraculo
619 3034 763 3120 desuper
780 3035 903 3115 habito,
921 3035 955 3102 in
970 3035 1126 3121 huncqui
1141 3038 1285 3122 sequitur
1293 3053 1347 3100 mo

248 3184 261 3208 ιι
276 3153 366 3232 dum,
383 3152 425 3219 ab
437 3149 641 3218 omnibusnd
653 3156 872 3236 quosspeotut
884 3152 1097 3235 inposterum
1108 3148 1346 3230 mutassemus·

249 3299 261 3342 ‚-
278 3268 401 3342 debere
415 3266 580 3336 mandarit
599 3274 632 3334 et
647 3265 801 3342 mandat:

292 3417 306 3440 «
324 3388 356 3470 1⁰
368 3383 618 3468 Metropolitum,
639 3381 892 3466 archiepiscopi.
915 3383 1075 3457 Primatos
1093 3379 1344 3453 astronianum

250 3501 500 3588 «suffraganeos
521 3518 677 3568 eorumve
696 3497 845 3580 supditus
869 3517 933 3566 nou
951 3497 1112 3584 judicant,
1136 3501 1197 3566 uisi
1224 3501 1257 3571 iu
1279 3497 1345 3562 cani·

250 3649 263 3678 n
279 3617 341 3685 bus
354 3592 459 3702 ajure
476 3616 647 3700 expressis.

294 3737 356 3800 «2⁰
374 3733 458 3800 Item
472 3752 534 3803 nec
547 3731 601 3799 aiii
616 3731 811 3814 superiores,
832 3731 929 3798 etiam
944 3731 1054 3798 Nuntii
1077 3732 1132 3798 vel
1146 3732 1292 3816 Delegati
1310 3727 1343 3794 da

250 3852 391 3928 «latere,
410 3848 596 3933 specificam
612 3847 803 3926 facultatem
818 3846 975 3931 majorem
989 3846 1232 3928 nonhabentes,
1249 3861 1345 3915 musas

249 3970 309 4040 siu
323 3967 424 4036 curiis
436 3963 683 4034 Ordiuarioruru
701 3964 756 4032 val
770 3965 906 4042 aliorum
917 3963 1107 4032 inferiorum
1121 3963 1266 4049 judicum
1278 3980 1345 4047 peu·

247 4083 392 4158 «dentes
410 4080 453 4147 ad
470 4100 507 4148 se
529 4086 681 4160 revocent,¹
701 4081 761 4149 uisi
779 4069 841 4166 per
859 4081 947 4156 viam
968 4081 1119 4164 mnus
1138 4075 1344 4166 appellationis

247 4197 319 4284 aad
338 4198 484 4282 ipsoaum
498 4193 674 4274 tribunalia
697 4195 891 4274 deierantur
905 4217 912 4281 ;
928 4204 1074 4281 tuncque
1093 4197 1294 4280 appellantes
1311 4189 1343 4258 ni

247 4315 467 4398 limianorum
486 4311 774 4398 jurisdictionibus.
793 4313 904 4399 mosa
915 4313 994 4390 alian
1007 4315 1277 4389 causascnimere
1291 4325 1343 4379 ror

247 4432 416 4516 ‘piissima
439 4506 440 4512 ,
