<?xml version="1.0" encoding="UTF-8"?>
<!DOCTYPE html PUBLIC "-//W3C//DTD XHTML 1.0 Transitional//EN"
    "http://www.w3.org/TR/xhtml1/DTD/xhtml1-transitional.dtd">
<html xmlns="http://www.w3.org/1999/xhtml" xml:lang="en" lang="en">
 <head>
  <title>
</title>
<meta http-equiv="Content-Type" content="text/html;charset=utf-8" />
  <meta name='ocr-system' content='tesseract 3.04.00' />
  <meta name='ocr-capabilities' content='ocr_page ocr_carea ocr_par ocr_line ocrx_word'/>
</head>
<body>
  <div class='ocr_page' id='page_1' title='image "./tractatusdejudi01bouigoog_0524.png"; bbox 0 0 2878 5114; ppageno 0'>
   <div class='ocr_carea' id='block_1_1' title="bbox 65 351 1193 1273">
    <p class='ocr_par' dir='ltr' id='par_1_1' title="bbox 65 351 1193 1273">
     <span class='ocr_line' id='line_1_1' title="bbox 504 351 1187 414; baseline -0.003 -2"><span class='ocrx_word' id='word_1_1' title='bbox 504 365 582 414; x_wconf 79' lang='lat' dir='ltr'>runs</span> <span class='ocrx_word' id='word_1_2' title='bbox 606 365 764 414; x_wconf 75' lang='lat' dir='ltr'>excomm.</span> <span class='ocrx_word' id='word_1_3' title='bbox 1124 351 1187 410; x_wconf 84' lang='lat'>515</span> 
     </span>
     <span class='ocr_line' id='line_1_2' title="bbox 67 489 1189 579; baseline -0.003 -23"><span class='ocrx_word' id='word_1_4' title='bbox 67 497 178 575; x_wconf 80' lang='lat' dir='ltr'>major,</span> <span class='ocrx_word' id='word_1_5' title='bbox 190 495 328 572; x_wconf 78' lang='lat' dir='ltr'>propriis</span> <span class='ocrx_word' id='word_1_6' title='bbox 352 491 447 554; x_wconf 83' lang='lat' dir='ltr'>erulis</span> <span class='ocrx_word' id='word_1_7' title='bbox 475 492 640 572; x_wconf 78' lang='lat' dir='ltr'>presulem</span> <span class='ocrx_word' id='word_1_8' title='bbox 664 489 824 554; x_wconf 78' lang='lat' dir='ltr'>Andreom&#39;</span> <span class='ocrx_word' id='word_1_9' title='bbox 847 493 901 565; x_wconf 89' lang='grc' dir='ltr'>Ν.,</span> <span class='ocrx_word' id='word_1_10' title='bbox 931 491 1046 579; x_wconf 80' lang='lat' dir='ltr'>pluries</span> <span class='ocrx_word' id='word_1_11' title='bbox 1075 492 1189 553; x_wconf 77' lang='lat' dir='ltr'>viderit</span> 
     </span>
     <span class='ocr_line' id='line_1_3' title="bbox 67 607 1189 689; baseline -0.002 -19"><span class='ocrx_word' id='word_1_12' title='bbox 67 611 225 670; x_wconf 82' lang='lat' dir='ltr'>dictorum</span> <span class='ocrx_word' id='word_1_13' title='bbox 238 608 410 689; x_wconf 73' lang='lat' dir='ltr'><strong><em>puellarum</em></strong></span> <span class='ocrx_word' id='word_1_14' title='bbox 432 607 646 668; x_wconf 82' lang='lat' dir='ltr'>diverticulum</span> <span class='ocrx_word' id='word_1_15' title='bbox 661 607 878 686; x_wconf 77' lang='lat' dir='ltr'>iepreiicutem</span> <span class='ocrx_word' id='word_1_16' title='bbox 907 611 995 685; x_wconf 80' lang='lat' dir='ltr'>eique</span> <span class='ocrx_word' id='word_1_17' title='bbox 1018 607 1089 668; x_wconf 71' lang='lat' dir='ltr'>iride</span> <span class='ocrx_word' id='word_1_18' title='bbox 1106 623 1189 685; x_wconf 77' lang='lat' dir='ltr'>epre-</span> 
     </span>
     <span class='ocr_line' id='line_1_4' title="bbox 65 723 1189 804; baseline -0.004 -16"><span class='ocrx_word' id='word_1_19' title='bbox 65 728 213 790; x_wconf 72' lang='lat' dir='ltr'>denum.</span> <span class='ocrx_word' id='word_1_20' title='bbox 230 727 418 804; x_wconf 77' lang='lat' dir='ltr'>Otrepropier</span> <span class='ocrx_word' id='word_1_21' title='bbox 439 743 477 786; x_wconf 80' lang='lat' dir='ltr'>rte</span> <span class='ocrx_word' id='word_1_22' title='bbox 496 724 607 786; x_wconf 80' lang='lat' dir='ltr'>delicte</span> <span class='ocrx_word' id='word_1_23' title='bbox 630 730 772 804; x_wconf 72' lang='lat' dir='ltr'>moecari</span> <span class='ocrx_word' id='word_1_24' title='bbox 787 727 949 804; x_wconf 82' lang='lat' dir='ltr'>impunite,</span> <span class='ocrx_word' id='word_1_25' title='bbox 974 727 1004 784; x_wconf 83' lang='lat' dir='ltr'>ei</span> <span class='ocrx_word' id='word_1_26' title='bbox 1021 723 1118 801; x_wconf 78' lang='lat' dir='ltr'>officie</span> <span class='ocrx_word' id='word_1_27' title='bbox 1137 741 1189 784; x_wconf 88' lang='lat' dir='ltr'>suo</span> 
     </span>
     <span class='ocr_line' id='line_1_5' title="bbox 65 843 1191 922; baseline -0.008 -14"><span class='ocrx_word' id='word_1_28' title='bbox 65 845 247 922; x_wconf 76' lang='lat' dir='ltr'><strong><em>satisfacere</em></strong></span> <span class='ocrx_word' id='word_1_29' title='bbox 268 844 369 904; x_wconf 81' lang='lat' dir='ltr'>uolens</span> <span class='ocrx_word' id='word_1_30' title='bbox 399 843 577 904; x_wconf 80' lang='lat' dir='ltr'>reverendus</span> <span class='ocrx_word' id='word_1_31' title='bbox 603 845 740 904; x_wconf 85' lang='lat' dir='ltr'>Vicarics</span> <span class='ocrx_word' id='word_1_32' title='bbox 766 843 925 920; x_wconf 73' lang='lat' dir='ltr'>primalis,</span> <span class='ocrx_word' id='word_1_33' title='bbox 944 843 1078 902; x_wconf 74' lang='lat' dir='ltr'>decrerit</span> <span class='ocrx_word' id='word_1_34' title='bbox 1102 857 1191 922; x_wconf 78' lang='lat' dir='ltr'>super</span> 
     </span>
     <span class='ocr_line' id='line_1_6' title="bbox 65 958 1193 1037; baseline -0.004 -17"><span class='ocrx_word' id='word_1_35' title='bbox 65 959 122 1020; x_wconf 77' lang='lat' dir='ltr'>lroc</span> <span class='ocrx_word' id='word_1_36' title='bbox 136 960 367 1037; x_wconf 75' lang='lat' dir='ltr'>informationes</span> <span class='ocrx_word' id='word_1_37' title='bbox 387 976 512 1036; x_wconf 85' lang='lat' dir='ltr'>sumere,</span> <span class='ocrx_word' id='word_1_38' title='bbox 536 963 622 1018; x_wconf 83' lang='lat' dir='ltr'>testes</span> <span class='ocrx_word' id='word_1_39' title='bbox 640 961 826 1035; x_wconf 81' lang='lat' dir='ltr'>eecmiruure,</span> <span class='ocrx_word' id='word_1_40' title='bbox 844 963 873 1020; x_wconf 88' lang='lat' dir='ltr'>et</span> <span class='ocrx_word' id='word_1_41' title='bbox 892 958 957 1018; x_wconf 87' lang='lat' dir='ltr'>eliu</span> <span class='ocrx_word' id='word_1_42' title='bbox 975 958 1013 1018; x_wconf 80' lang='lat' dir='ltr'>cle</span> <span class='ocrx_word' id='word_1_43' title='bbox 1026 960 1099 1037; x_wconf 87' lang='lat' dir='ltr'>jure</span> <span class='ocrx_word' id='word_1_44' title='bbox 1115 973 1193 1036; x_wconf 80' lang='lat' dir='ltr'>pre·</span> 
     </span>
     <span class='ocr_line' id='line_1_7' title="bbox 66 1071 1193 1157; baseline -0.004 -21"><span class='ocrx_word' id='word_1_45' title='bbox 66 1076 184 1140; x_wconf 79' lang='lat' dir='ltr'>stende</span> <span class='ocrx_word' id='word_1_46' title='bbox 201 1076 310 1154; x_wconf 82' lang='lat' dir='ltr'>secere.</span> <span class='ocrx_word' id='word_1_47' title='bbox 329 1076 409 1136; x_wconf 78' lang='lat' dir='ltr'>Hinc</span> <span class='ocrx_word' id='word_1_48' title='bbox 423 1093 469 1134; x_wconf 87' lang='lat' dir='ltr'>me</span> <span class='ocrx_word' id='word_1_49' title='bbox 490 1074 763 1154; x_wconf 71' lang='lat' dir='ltr'>infrascriptum...</span> <span class='ocrx_word' id='word_1_50' title='bbox 790 1071 835 1157; x_wconf 88' lang='lat' dir='ltr'>(et</span> <span class='ocrx_word' id='word_1_51' title='bbox 858 1071 981 1155; x_wconf 83' lang='lat' dir='ltr'>reliqua</span> <span class='ocrx_word' id='word_1_52' title='bbox 1000 1079 1038 1135; x_wconf 86' lang='lat' dir='ltr'>nt</span> <span class='ocrx_word' id='word_1_53' title='bbox 1057 1071 1090 1132; x_wconf 92' lang='lat' dir='ltr'>in</span> <span class='ocrx_word' id='word_1_54' title='bbox 1108 1087 1193 1153; x_wconf 89' lang='lat' dir='ltr'>prae-</span> 
     </span>
     <span class='ocr_line' id='line_1_8' title="bbox 66 1186 425 1273; baseline -0.014 -19"><span class='ocrx_word' id='word_1_55' title='bbox 66 1189 208 1256; x_wconf 86' lang='lat' dir='ltr'>cedenti</span> <span class='ocrx_word' id='word_1_56' title='bbox 225 1186 389 1273; x_wconf 79' lang='lat' dir='ltr'>formula).</span> <span class='ocrx_word' id='word_1_57' title='bbox 408 1211 425 1249; x_wconf 76' lang='lat' dir='ltr'>s</span> 
     </span>
    </p>
   </div>
   <div class='ocr_carea' id='block_1_2' title="bbox 523 1475 724 1539">
    <p class='ocr_par' dir='ltr' id='par_1_2' title="bbox 523 1475 724 1539">
     <span class='ocr_line' id='line_1_9' title="bbox 523 1475 724 1539; baseline -0.01 0"><span class='ocrx_word' id='word_1_58' title='bbox 523 1475 655 1539; x_wconf 79' lang='lat' dir='ltr'><strong>CAPUT</strong></span> <span class='ocrx_word' id='word_1_59' title='bbox 670 1475 724 1539; x_wconf 88' lang='lat' dir='ltr'>IX.</span> 
     </span>
    </p>
   </div>
   <div class='ocr_carea' id='block_1_3' title="bbox 67 1739 1191 1922">
    <p class='ocr_par' dir='ltr' id='par_1_3' title="bbox 67 1739 1191 1922">
     <span class='ocr_line' id='line_1_10' title="bbox 67 1739 1191 1820; baseline -0.001 -12"><span class='ocrx_word' id='word_1_60' title='bbox 67 1759 192 1810; x_wconf 76' lang='lat' dir='ltr'>FORMA</span> <span class='ocrx_word' id='word_1_61' title='bbox 218 1758 410 1808; x_wconf 70' lang='lat' dir='ltr'>mummium</span> <span class='ocrx_word' id='word_1_62' title='bbox 432 1739 630 1806; x_wconf 68' lang='lat' dir='ltr'>sontrrloms</span> <span class='ocrx_word' id='word_1_63' title='bbox 652 1757 800 1819; x_wconf 77' lang='lat' dir='ltr'>Aornum,</span> <span class='ocrx_word' id='word_1_64' title='bbox 827 1760 962 1820; x_wconf 71' lang='lat' dir='ltr'>Qonnoo</span> <span class='ocrx_word' id='word_1_65' title='bbox 984 1760 1191 1808; x_wconf 77' lang='lat' dir='ltr'>rsoonmron</span> 
     </span>
     <span class='ocr_line' id='line_1_11' title="bbox 470 1872 771 1922; baseline 0.003 -1"><span class='ocrx_word' id='word_1_66' title='bbox 470 1872 681 1922; x_wconf 71' lang='lat' dir='ltr'>nxcemoms</span> <span class='ocrx_word' id='word_1_67' title='bbox 704 1875 771 1922; x_wconf 82' lang='lat' dir='ltr'>vm.</span> 
     </span>
    </p>
   </div>
   <div class='ocr_carea' id='block_1_4' title="bbox 62 2159 1194 2614">
    <p class='ocr_par' dir='ltr' id='par_1_4' title="bbox 62 2159 1194 2614">
     <span class='ocr_line' id='line_1_12' title="bbox 114 2159 1194 2246; baseline 0 -17"><span class='ocrx_word' id='word_1_68' title='bbox 114 2166 168 2229; x_wconf 87' lang='lat' dir='ltr'>Ex</span> <span class='ocrx_word' id='word_1_69' title='bbox 187 2159 310 2226; x_wconf 82' lang='lat' dir='ltr'>tradito</span> <span class='ocrx_word' id='word_1_70' title='bbox 325 2159 434 2226; x_wconf 90' lang='lat' dir='ltr'>libello</span> <span class='ocrx_word' id='word_1_71' title='bbox 453 2160 641 2242; x_wconf 88' lang='lat' dir='ltr'>exceptorio</span> <span class='ocrx_word' id='word_1_72' title='bbox 657 2159 821 2239; x_wconf 80' lang='lat' dir='ltr'>criminali,</span> <span class='ocrx_word' id='word_1_73' title='bbox 847 2159 967 2246; x_wconf 83' lang='lat' dir='ltr'>duplex</span> <span class='ocrx_word' id='word_1_74' title='bbox 986 2161 1064 2227; x_wconf 89' lang='lat' dir='ltr'>oriri</span> <span class='ocrx_word' id='word_1_75' title='bbox 1086 2171 1194 2246; x_wconf 82' lang='lat' dir='ltr'>potest</span> 
     </span>
     <span class='ocr_line' id='line_1_13' title="bbox 64 2276 1194 2365; baseline -0.003 -19"><span class='ocrx_word' id='word_1_76' title='bbox 64 2297 251 2365; x_wconf 85' lang='lat' dir='ltr'>processus</span> <span class='ocrx_word' id='word_1_77' title='bbox 272 2295 416 2359; x_wconf 88' lang='lat' dir='ltr'>:nempe</span> <span class='ocrx_word' id='word_1_78' title='bbox 445 2276 550 2358; x_wconf 89' lang='lat' dir='ltr'>primo</span> <span class='ocrx_word' id='word_1_79' title='bbox 571 2294 741 2358; x_wconf 81' lang='lat' dir='ltr'>processus</span> <span class='ocrx_word' id='word_1_80' title='bbox 760 2278 827 2360; x_wconf 89' lang='lat' dir='ltr'>ipse</span> <span class='ocrx_word' id='word_1_81' title='bbox 856 2278 1056 2362; x_wconf 84' lang='lat' dir='ltr'>exceptivus,</span> <span class='ocrx_word' id='word_1_82' title='bbox 1077 2280 1194 2364; x_wconf 90' lang='lat' dir='ltr'>inquo</span> 
     </span>
     <span class='ocr_line' id='line_1_14' title="bbox 62 2391 1192 2484; baseline -0.004 -20"><span class='ocrx_word' id='word_1_83' title='bbox 62 2391 289 2484; x_wconf 85' lang='lat' dir='ltr'>judicandum</span> <span class='ocrx_word' id='word_1_84' title='bbox 311 2393 402 2457; x_wconf 88' lang='lat' dir='ltr'>venit</span> <span class='ocrx_word' id='word_1_85' title='bbox 419 2400 531 2457; x_wconf 89' lang='lat' dir='ltr'>utrum</span> <span class='ocrx_word' id='word_1_86' title='bbox 553 2392 725 2476; x_wconf 86' lang='lat' dir='ltr'>propositae</span> <span class='ocrx_word' id='word_1_87' title='bbox 754 2395 961 2476; x_wconf 80' lang='lat' dir='ltr'>exceptiones</span> <span class='ocrx_word' id='word_1_88' title='bbox 982 2392 1192 2460; x_wconf 78' lang='lat' dir='ltr'>admittendus</span> 
     </span>
     <span class='ocr_line' id='line_1_15' title="bbox 63 2505 1192 2614; baseline -0.004 -34"><span class='ocrx_word' id='word_1_89' title='bbox 63 2517 162 2614; x_wconf 22' lang='lat' dir='ltr'>sint&amp;</span> <span class='ocrx_word' id='word_1_90' title='bbox 177 2531 220 2576; x_wconf 84' lang='lat' dir='ltr'>nn</span> <span class='ocrx_word' id='word_1_91' title='bbox 236 2530 315 2577; x_wconf 85' lang='lat' dir='ltr'>vero</span> <span class='ocrx_word' id='word_1_92' title='bbox 331 2505 518 2594; x_wconf 80' lang='lat' dir='ltr'>rejiciendae</span> <span class='ocrx_word' id='word_1_93' title='bbox 534 2517 687 2593; x_wconf 86' lang='lat' dir='ltr'>tanquam</span> <span class='ocrx_word' id='word_1_94' title='bbox 708 2507 939 2575; x_wconf 83' lang='lat' dir='ltr'>insufficientes</span> <span class='ocrx_word' id='word_1_95' title='bbox 961 2511 1015 2589; x_wconf 83' lang='lat' dir='ltr'>vel</span> <span class='ocrx_word' id='word_1_96' title='bbox 1040 2511 1192 2576; x_wconf 80' lang='lat' dir='ltr'>nonsatis</span> 
     </span>
    </p>
   </div>
   <div class='ocr_carea' id='block_1_5' title="bbox 62 2622 1193 3175">
    <p class='ocr_par' dir='ltr' id='par_1_5' title="bbox 62 2622 1193 3175">
     <span class='ocr_line' id='line_1_16' title="bbox 63 2622 1193 2715; baseline -0.004 -21"><span class='ocrx_word' id='word_1_97' title='bbox 63 2627 224 2715; x_wconf 84' lang='lat' dir='ltr'>probatae</span> <span class='ocrx_word' id='word_1_98' title='bbox 245 2647 252 2692; x_wconf 91' lang='lat'><strong>:</strong></span> <span class='ocrx_word' id='word_1_99' title='bbox 279 2624 433 2703; x_wconf 90' lang='lat' dir='ltr'>secundo,</span> <span class='ocrx_word' id='word_1_100' title='bbox 459 2625 493 2689; x_wconf 91' lang='lat' dir='ltr'>in</span> <span class='ocrx_word' id='word_1_101' title='bbox 512 2644 589 2690; x_wconf 88' lang='lat' dir='ltr'>cusu</span> <span class='ocrx_word' id='word_1_102' title='bbox 607 2643 672 2712; x_wconf 87' lang='lat' dir='ltr'>quo</span> <span class='ocrx_word' id='word_1_103' title='bbox 684 2622 866 2710; x_wconf 81' lang='lat' dir='ltr'>judicatum</span> <span class='ocrx_word' id='word_1_104' title='bbox 891 2625 992 2692; x_wconf 83' lang='lat' dir='ltr'>fuerit</span> <span class='ocrx_word' id='word_1_105' title='bbox 1008 2627 1118 2692; x_wconf 84' lang='lat' dir='ltr'>valere</span> <span class='ocrx_word' id='word_1_106' title='bbox 1136 2647 1193 2691; x_wconf 88' lang='lat' dir='ltr'>ex-</span> 
     </span>
     <span class='ocr_line' id='line_1_17' title="bbox 63 2741 1192 2830; baseline -0.003 -18"><span class='ocrx_word' id='word_1_107' title='bbox 63 2746 260 2830; x_wconf 86' lang='lat' dir='ltr'>ceptiones,</span> <span class='ocrx_word' id='word_1_108' title='bbox 287 2742 442 2808; x_wconf 79' lang='lat' dir='ltr'><strong>transitus</strong></span> <span class='ocrx_word' id='word_1_109' title='bbox 464 2741 502 2807; x_wconf 83' lang='lat' dir='ltr'>fit</span> <span class='ocrx_word' id='word_1_110' title='bbox 524 2741 565 2807; x_wconf 82' lang='lat' dir='ltr'>ad</span> <span class='ocrx_word' id='word_1_111' title='bbox 581 2741 755 2825; x_wconf 83' lang='lat' dir='ltr'>specialem</span> <span class='ocrx_word' id='word_1_112' title='bbox 779 2760 965 2824; x_wconf 84' lang='lat' dir='ltr'>processum</span> <span class='ocrx_word' id='word_1_113' title='bbox 993 2743 1192 2809; x_wconf 69' lang='lat' dir='ltr'>criminalem</span> 
     </span>
     <span class='ocr_line' id='line_1_18' title="bbox 64 2857 1191 2946; baseline -0.004 -17"><span class='ocrx_word' id='word_1_114' title='bbox 64 2869 303 2936; x_wconf 77' lang='lat' dir='ltr'>contrusam,</span> <span class='ocrx_word' id='word_1_115' title='bbox 330 2875 427 2946; x_wconf 89' lang='lat' dir='ltr'>quem</span> <span class='ocrx_word' id='word_1_116' title='bbox 451 2857 623 2942; x_wconf 87' lang='lat' dir='ltr'>deliquisse</span> <span class='ocrx_word' id='word_1_117' title='bbox 648 2864 774 2923; x_wconf 82' lang='lat' dir='ltr'>constat</span> <span class='ocrx_word' id='word_1_118' title='bbox 798 2859 912 2923; x_wconf 85' lang='lat' dir='ltr'>saltem</span> <span class='ocrx_word' id='word_1_119' title='bbox 935 2859 1123 2942; x_wconf 87' lang='lat' dir='ltr'>semi-plene</span> <span class='ocrx_word' id='word_1_120' title='bbox 1151 2880 1191 2924; x_wconf 86' lang='lat' dir='ltr'>ex</span> 
     </span>
     <span class='ocr_line' id='line_1_19' title="bbox 63 2972 1191 3064; baseline -0.004 -20"><span class='ocrx_word' id='word_1_121' title='bbox 63 2995 235 3064; x_wconf 88' lang='lat' dir='ltr'>processu</span> <span class='ocrx_word' id='word_1_122' title='bbox 245 2976 434 3058; x_wconf 83' lang='lat' dir='ltr'>exceptivo.</span> <span class='ocrx_word' id='word_1_123' title='bbox 451 2973 634 3064; x_wconf 83' lang='lat' dir='ltr'>Formulem</span> <span class='ocrx_word' id='word_1_124' title='bbox 650 2972 840 3057; x_wconf 87' lang='lat' dir='ltr'>incipiendae</span> <span class='ocrx_word' id='word_1_125' title='bbox 860 2974 1042 3057; x_wconf 87' lang='lat' dir='ltr'>scriptionis</span> <span class='ocrx_word' id='word_1_126' title='bbox 1060 2981 1191 3040; x_wconf 83' lang='lat' dir='ltr'>actuum</span> 
     </span>
     <span class='ocr_line' id='line_1_20' title="bbox 62 3089 739 3175; baseline -0.01 -15"><span class='ocrx_word' id='word_1_127' title='bbox 62 3097 100 3160; x_wconf 90' lang='lat' dir='ltr'>in</span> <span class='ocrx_word' id='word_1_128' title='bbox 118 3095 267 3175; x_wconf 88' lang='lat' dir='ltr'>utroque</span> <span class='ocrx_word' id='word_1_129' title='bbox 287 3089 347 3156; x_wconf 92' lang='lat' dir='ltr'>hoc</span> <span class='ocrx_word' id='word_1_130' title='bbox 367 3109 520 3173; x_wconf 87' lang='lat' dir='ltr'>processu</span> <span class='ocrx_word' id='word_1_131' title='bbox 539 3089 739 3156; x_wconf 81' lang='lat' dir='ltr'>exhibemus.</span> 
     </span>
    </p>
   </div>
   <div class='ocr_carea' id='block_1_6' title="bbox 595 3379 657 3456">
    <p class='ocr_par' dir='ltr' id='par_1_6' title="bbox 595 3379 657 3456">
     <span class='ocr_line' id='line_1_21' title="bbox 595 3379 657 3456; baseline -0.016 -13"><span class='ocrx_word' id='word_1_132' title='bbox 595 3379 657 3456; x_wconf 71' lang='lat'>51.</span> 
     </span>
    </p>
   </div>
   <div class='ocr_carea' id='block_1_7' title="bbox 180 3619 1058 3684">
    <p class='ocr_par' dir='ltr' id='par_1_7' title="bbox 180 3619 1058 3684">
     <span class='ocr_line' id='line_1_22' title="bbox 180 3619 1058 3684; baseline 0.002 -13"><span class='ocrx_word' id='word_1_133' title='bbox 180 3622 291 3671; x_wconf 71' lang='lat' dir='ltr'>ltormuls</span> <span class='ocrx_word' id='word_1_134' title='bbox 310 3619 447 3684; x_wconf 75' lang='lat' dir='ltr'>incipiendo</span> <span class='ocrx_word' id='word_1_135' title='bbox 470 3619 605 3681; x_wconf 85' lang='lat' dir='ltr'>scriptionis</span> <span class='ocrx_word' id='word_1_136' title='bbox 629 3625 722 3667; x_wconf 80' lang='lat' dir='ltr'>actuum</span> <span class='ocrx_word' id='word_1_137' title='bbox 747 3619 770 3666; x_wconf 92' lang='lat' dir='ltr'>in</span> <span class='ocrx_word' id='word_1_138' title='bbox 799 3632 910 3682; x_wconf 80' lang='lat' dir='ltr'>processu</span> <span class='ocrx_word' id='word_1_139' title='bbox 929 3622 1058 3684; x_wconf 80' lang='lat' dir='ltr'>exceptive.</span> 
     </span>
    </p>
   </div>
   <div class='ocr_carea' id='block_1_8' title="bbox 58 3873 1240 4538">
    <p class='ocr_par' dir='ltr' id='par_1_8' title="bbox 58 3873 1240 4538">
     <span class='ocr_line' id='line_1_23' title="bbox 118 3873 1191 3952; baseline 0.004 -16"><span class='ocrx_word' id='word_1_140' title='bbox 118 3898 137 3936; x_wconf 78' lang='lat' dir='ltr'>u</span> <span class='ocrx_word' id='word_1_141' title='bbox 166 3875 205 3936; x_wconf 81' lang='lat' dir='ltr'>Ire</span> <span class='ocrx_word' id='word_1_142' title='bbox 232 3876 349 3936; x_wconf 77' lang='lat' dir='ltr'>comice</span> <span class='ocrx_word' id='word_1_143' title='bbox 376 3875 509 3934; x_wconf 83' lang='lat' dir='ltr'>Domini.</span> <span class='ocrx_word' id='word_1_144' title='bbox 544 3873 648 3934; x_wconf 83' lang='lat' dir='ltr'>Amen.</span> <span class='ocrx_word' id='word_1_145' title='bbox 677 3905 722 3916; x_wconf 93' lang='grc'>-</span> <span class='ocrx_word' id='word_1_146' title='bbox 753 3873 828 3933; x_wconf 85' lang='lat' dir='ltr'>Cum</span> <span class='ocrx_word' id='word_1_147' title='bbox 856 3877 1069 3952; x_wconf 74' lang='lat' dir='ltr'>comparuisset</span> <span class='ocrx_word' id='word_1_148' title='bbox 1093 3893 1191 3940; x_wconf 84' lang='lat' dir='ltr'>corum</span> 
     </span>
     <span class='ocr_line' id='line_1_24' title="bbox 60 3989 1221 4074; baseline -0.001 -20"><span class='ocrx_word' id='word_1_149' title='bbox 60 3991 239 4059; x_wconf 77' lang='lat' dir='ltr'>reverendo</span> <span class='ocrx_word' id='word_1_150' title='bbox 270 3993 324 4067; x_wconf 86' lang='grc' dir='ltr'>Ν.,</span> <span class='ocrx_word' id='word_1_151' title='bbox 363 3993 483 4052; x_wconf 88' lang='lat' dir='ltr'>Vicerio</span> <span class='ocrx_word' id='word_1_152' title='bbox 518 3989 651 4068; x_wconf 78' lang='lat' dir='ltr'>peuerell</span> <span class='ocrx_word' id='word_1_153' title='bbox 680 3990 921 4050; x_wconf 77' lang='lat' dir='ltr'>reverendissimi</span> <span class='ocrx_word' id='word_1_154' title='bbox 957 3992 1098 4074; x_wconf 79' lang='lat' dir='ltr'>Episcopi</span> <span class='ocrx_word' id='word_1_155' title='bbox 1134 3997 1188 4072; x_wconf 86' lang='grc' dir='ltr'>Ν.,</span> <span class='ocrx_word' id='word_1_156' title='bbox 1217 4034 1221 4042; x_wconf 84' lang='lat'><em>-</em></span> 
     </span>
     <span class='ocr_line' id='line_1_25' title="bbox 58 4105 1193 4190; baseline -0.003 -13"><span class='ocrx_word' id='word_1_157' title='bbox 58 4113 216 4177; x_wconf 79' lang='lat' dir='ltr'>dormimus</span> <span class='ocrx_word' id='word_1_158' title='bbox 243 4110 274 4170; x_wconf 89' lang='lat' dir='ltr'><strong><em>N</em></strong></span> <span class='ocrx_word' id='word_1_159' title='bbox 277 4155 297 4185; x_wconf 89' lang='lat'>.,</span> <span class='ocrx_word' id='word_1_160' title='bbox 317 4113 405 4187; x_wconf 83' lang='lat' dir='ltr'>cique</span> <span class='ocrx_word' id='word_1_161' title='bbox 426 4107 477 4168; x_wconf 89' lang='lat' dir='ltr'>illi</span> <span class='ocrx_word' id='word_1_162' title='bbox 484 4111 695 4187; x_wconf 78' lang='lat' dir='ltr'>praesentasset</span> <span class='ocrx_word' id='word_1_163' title='bbox 719 4106 874 4184; x_wconf 82' lang='lat' dir='ltr'>quemdem</span> <span class='ocrx_word' id='word_1_164' title='bbox 900 4105 1034 4169; x_wconf 83' lang='lat' dir='ltr'>libell-em</span> <span class='ocrx_word' id='word_1_165' title='bbox 1056 4118 1193 4190; x_wconf 79' lang='lat' dir='ltr'>eccepto-</span> 
     </span>
     <span class='ocr_line' id='line_1_26' title="bbox 59 4223 1193 4302; baseline -0.004 -9"><span class='ocrx_word' id='word_1_166' title='bbox 59 4235 157 4293; x_wconf 83' lang='lat' dir='ltr'>riecm</span> <span class='ocrx_word' id='word_1_167' title='bbox 179 4230 285 4287; x_wconf 77' lang='lat' dir='ltr'>conire</span> <span class='ocrx_word' id='word_1_168' title='bbox 307 4226 459 4286; x_wconf 82' lang='lat' dir='ltr'>domiuum</span> <span class='ocrx_word' id='word_1_169' title='bbox 474 4226 503 4286; x_wconf 87' lang='grc' dir='ltr'><em>Ν</em></span> <span class='ocrx_word' id='word_1_170' title='bbox 507 4271 513 4285; x_wconf 96' lang='grc'><strong>.</strong></span> <span class='ocrx_word' id='word_1_171' title='bbox 517 4244 533 4302; x_wconf 85' lang='lat'>,·</span> <span class='ocrx_word' id='word_1_172' title='bbox 548 4224 649 4286; x_wconf 81' lang='lat' dir='ltr'>coleres</span> <span class='ocrx_word' id='word_1_173' title='bbox 668 4223 835 4302; x_wconf 79' lang='lat' dir='ltr'>predictus</span> <span class='ocrx_word' id='word_1_174' title='bbox 853 4226 1031 4286; x_wconf 72' lang='lat' dir='ltr'>reverentius</span> <span class='ocrx_word' id='word_1_175' title='bbox 1057 4229 1193 4289; x_wconf 86' lang='lat' dir='ltr'>Vieurius</span> 
     </span>
     <span class='ocr_line' id='line_1_27' title="bbox 59 4341 1240 4430; baseline 0.002 -27"><span class='ocrx_word' id='word_1_176' title='bbox 59 4342 228 4429; x_wconf 65' lang='lat' dir='ltr'>perieulis</span> <span class='ocrx_word' id='word_1_177' title='bbox 252 4344 347 4422; x_wconf 82' lang='lat' dir='ltr'>jectu</span> <span class='ocrx_word' id='word_1_178' title='bbox 372 4344 456 4421; x_wconf 85' lang='lat' dir='ltr'>juris</span> <span class='ocrx_word' id='word_1_179' title='bbox 485 4341 605 4420; x_wconf 80' lang='lat' dir='ltr'>repulus</span> <span class='ocrx_word' id='word_1_180' title='bbox 636 4343 665 4399; x_wconf 88' lang='lat' dir='ltr'>ei</span> <span class='ocrx_word' id='word_1_181' title='bbox 692 4356 837 4401; x_wconf 80' lang='lat' dir='ltr'>caemrum</span> <span class='ocrx_word' id='word_1_182' title='bbox 869 4343 985 4400; x_wconf 84' lang='lat' dir='ltr'>siciuie</span> <span class='ocrx_word' id='word_1_183' title='bbox 1013 4343 1190 4430; x_wconf 75' lang='lat' dir='ltr'>procedere,</span> <span class='ocrx_word' id='word_1_184' title='bbox 1236 4373 1240 4381; x_wconf 27' lang='grc' dir='ltr'><strong>Δ</strong></span> 
     </span>
     <span class='ocr_line' id='line_1_28' title="bbox 61 4457 1195 4538; baseline -0.004 -10"><span class='ocrx_word' id='word_1_185' title='bbox 61 4465 197 4529; x_wconf 82' lang='lat' dir='ltr'>vocavit</span> <span class='ocrx_word' id='word_1_186' title='bbox 218 4477 265 4520; x_wconf 85' lang='lat' dir='ltr'>me</span> <span class='ocrx_word' id='word_1_187' title='bbox 294 4460 690 4538; x_wconf 72' lang='lat' dir='ltr'>infrascriptcmeoteriem</span> <span class='ocrx_word' id='word_1_188' title='bbox 718 4457 885 4536; x_wconf 84' lang='lat' dir='ltr'>publicum,</span> <span class='ocrx_word' id='word_1_189' title='bbox 912 4461 942 4517; x_wconf 87' lang='lat' dir='ltr'>ei</span> <span class='ocrx_word' id='word_1_190' title='bbox 968 4461 1002 4518; x_wconf 84' lang='lat' dir='ltr'>iu</span> <span class='ocrx_word' id='word_1_191' title='bbox 1026 4464 1195 4524; x_wconf 78' lang='lat' dir='ltr'>cetrarium</span> 
     </span>
    </p>
   </div>
   <div class='ocr_carea' id='block_1_9' title="bbox 0 0 1444 5114">
    <p class='ocr_par' dir='ltr' id='par_1_9' title="bbox 0 0 1444 5114">
     <span class='ocr_line' id='line_1_29' title="bbox 0 0 1444 5114; baseline 0 0"><span class='ocrx_word' id='word_1_192' title='bbox 0 0 1444 5114; x_wconf 95' lang='lat' dir='ltr'> </span> 
     </span>
    </p>
   </div>
  </div>
 </body>
</html>
