2848 5118
494 301 573 350 nnus
596 302 754 350 sncunoa.
1119 281 1177 346 not

138 433 183 498 ll.
202 429 288 497 Unde
302 426 435 495 tandem
456 427 642 514 juramento
667 433 806 492 ueritatis
830 425 999 492 dumtaxat
1023 421 1121 492 hodie
1135 422 1184 490 lo·

103 566 148 612 cus
160 552 308 622 remanet,
330 552 364 610 et
379 544 548 609 dumtaxat
571 543 632 608 sub
648 542 743 608 dietis
756 542 910 607 limitibus
925 563 932 606 :
949 542 994 608 ita
1009 558 1125 626 nempe
1146 547 1184 606 ut

102 664 169 744 erigi
185 667 314 746 nequeat
331 681 348 726 a
363 678 439 736 reo,
467 679 529 724 uec
545 659 579 723 in
601 677 696 724 causa
713 658 884 734 criminali,
903 676 964 723 nec
981 659 1014 722 in
1030 674 1125 722 causa
1144 658 1185 721 ci·
1207 727 1209 734 ,

103 777 149 841 rili
165 776 275 842 famoso
296 783 353 840 aut
375 774 486 840 ardua.
507 777 544 840 In
567 774 692 838 caeteris
710 781 819 838 autom
836 772 939 836 causis
961 770 1110 836 civilibus
1125 789 1183 854 po-

102 891 162 954 terit
182 890 275 976 judex
300 890 342 956 ad
361 890 444 954 illud
477 908 649 954 recurrere
672 889 705 953 in
732 888 995 972 supplementum
1022 885 1186 969 probatio-

101 1025 172 1082 num,
192 1016 256 1072 tam
275 1005 469 1072 auctoritate
485 1005 616 1090 propria
634 1003 716 1070 illud
730 1005 832 1069 actori
845 1003 962 1070 velreo
974 999 1182 1086 imponendo,

102 1129 157 1188 tun
169 1141 205 1188 ex
217 1123 366 1186 instantia
378 1120 511 1186 alterins
524 1121 625 1206 partis
636 1122 731 1186 alteri
746 1119 939 1187 deierando.

527 1408 661 1474 CAPUT
673 1409 730 1473 lll.

482 1681 526 1727 DE
546 1677 692 1725 EXAMINE
715 1677 780 1724 tritt.

134 1947 165 2010 In
183 1950 283 2014 causis
299 1943 527 2024 criminalibus,
546 1947 598 2013 vel
621 1945 811 2029 proceditur
828 1945 880 2010 ria
903 1941 1123 2018 accusationis,
1137 1938 1192 2004 vel

99 2061 139 2125 ria
153 2064 361 2148 inquisitionis
376 2063 424 2128 :si
441 2063 540 2146 prius,
561 2062 600 2128 fit
618 2062 759 2146 primum
775 2059 968 2127 contestatio
982 2057 1048 2122 litis
1063 2074 1192 2122 accusa·

99 2183 187 2243 torem
209 2181 296 2244 inter
317 2185 352 2244 et
373 2186 559 2243 accusatum
579 2196 680 2260 super
704 2176 815 2242 libello
836 2175 877 2241 ab
901 2151 1090 2240 accusatore
1117 2189 1192 2255 por·

98 2302 191 2378 rect03
212 2303 245 2360 et
260 2294 339 2361 dein
355 2295 558 2360 examinatur
572 2313 649 2358 reus
666 2315 672 2358 :
691 2293 904 2378 siposterius,
922 2289 1114 2358 contestatio
1128 2287 1193 2354 litis

98 2425 150 2472 non
172 2407 281 2475 differt
306 2408 349 2474 ab
373 2409 520 2474 examine
536 2409 612 2491 Rei3
629 2407 688 2474 sed
703 2427 764 2491 por
784 2405 942 2492 ejusmodi
962 2424 1098 2472 examen
1120 2404 1194 2472 lieri

98 2533 243 2591 censetur.

23 2701 25 2706 ,
132 2643 215 2708 llnnc
230 2643 263 2706 in
280 2641 467 2726 peragendo
486 2644 556 2725 ipso
572 2642 632 2707 Rei
648 2643 805 2718 examine,
829 2659 900 2726 quae
920 2659 1035 2708 norma
1050 2637 1193 2710 tenenda

98 2756 147 2832 sit,
160 2755 409 2841 expendendum
435 2757 589 2822 occurrit.
607 2756 712 2843 Atque
736 2757 892 2840 imprimis
917 2775 990 2822 oum
1011 2753 1195 2838 Pellogrino

23 2933 24 2938 ,
99 2871 318 2950 promittimus,
338 2870 379 2936 ad
393 2890 526 2938 reorum
544 2871 802 2956 delinquentium
818 2890 954 2938 examen
976 2889 1102 2936 summa
1124 2887 1195 2936 essa

100 2987 271 3053 uoluntate
289 2986 547 3070 procedendum,
569 3011 585 3048 «
603 3007 677 3052 cum
697 2987 944 3054 fundamentum
955 2986 1072 3073 judicii
1089 2988 1197 3056 crimi-

104 3102 200 3168 cnalis
221 3104 253 3167 in
272 3104 418 3168 examine
442 3121 574 3168 reorum
590 3104 759 3186 consistat;
774 3121 848 3168 nam
874 3123 915 3168 ex
935 3101 1197 3186 responsionibus

106 3239 117 3274 a
131 3217 262 3300 ipsorum
275 3217 491 3305 (plerumque)
505 3221 620 3295 oritur,
636 3221 690 3284 vel
705 3218 876 3298 absolutio,
890 3220 943 3286 vel
955 3219 1192 3298 condemnatio,

107 3350 222 3416 «super
239 3333 366 3400 delictis
384 3332 425 3399 de
449 3333 566 3418 quibus
580 3351 640 3416 per
654 3333 782 3418 jndices
800 3334 985 3420 inquiritur.
1007 3355 1023 3394 a
1046 3335 1145 3420 (Part.
1161 3335 1194 3410 l,

107 3455 173 3512 sect.
184 3452 215 3531 9,
230 3446 348 3532 initio.)

142 3564 282 3644 Qunsrro
298 3569 339 3629 1⁸.
358 3604 404 3614 -
421 3567 466 3630 Aa
480 3569 581 3648 judici
600 3568 730 3647 lcqitimc
753 3573 954 3649 interropaott
968 3587 1036 3630 reus
1064 3573 1200 3631 teneatur

23 3709 24 3712 ¹
107 3679 230 3746 delictam
248 3702 334 3746 saum
344 3685 448 3762 soteri,
465 3688 555 3744 ettam
567 3702 632 3744 cum
648 3688 752 3746 timore
764 3703 881 3766 anaqam
888 3687 1003 3766 poecoe?
1017 3719 1062 3732 --
1079 3683 1110 3748 Si
1124 3700 1201 3749 reus

106 3810 222 3873 quavam
232 3780 294 3862 sibi
309 3817 350 3862 ex
367 3797 566 3863 confessione
579 3816 708 3881 poenam
725 3818 789 3864 non
804 3797 1008 3876 reformidet,
1024 3806 1075 3863 est
1089 3799 1202 3864 unani-

107 3910 203 3977 miset
225 3921 318 3978 extra
330 3913 582 3979 controversiam
595 3916 766 3992 sententia,
779 3934 854 3979 eum
863 3915 970 3980 teneri
987 3912 1029 3980 ad
1046 3913 1203 3982 conlitea-

108 4012 175 4082 dum
191 4017 345 4085 delictum
361 4038 468 4084 suum.
486 4021 524 4084 In
541 4039 616 4085 casu
628 4029 738 4088 autem
751 4024 855 4104 posito
870 4042 992 4106 magnae
1008 4024 1205 4090 imminentis

108 4145 209 4210 poeuoe,
226 4154 289 4200 uon
302 4133 503 4200 concordant
522 4135 683 4203 doctores.
700 4139 759 4203 Alii
770 4158 887 4222 nempe
901 4159 976 4204 cum
991 4139 1126 4206 doctore
1142 4139 1205 4204 An·

110 4246 200 4326 gelico
217 4249 258 4335 lt,
285 4254 316 4329 2,
339 4269 371 4338 q.
398 4253 453 4328 69,
477 4271 507 4317 a.
533 4256 543 4316 l
571 4251 613 4318 ad
635 4251 667 4337 2)
690 4253 850 4320 affirmant
870 4256 968 4322 etiarn
993 4263 1072 4320 tunc
1097 4255 1205 4320 teneri

112 4363 239 4428 reumad
258 4364 367 4431 delicti
385 4365 435 4432 sui
453 4365 688 4433 confessionem
704 4377 759 4434 :et
777 4369 859 4434 hanc
871 4370 1064 4436 seutentiam
1074 4375 1205 4434 sanctus
