2948 5126
265 413 308 481 '70
617 431 804 482 marmus
826 433 870 480 on
892 423 1041 480 runicus.

263 533 430 624 conmotus
442 557 486 624 sit
498 535 676 644 injudicio.
697 557 818 644 Aperte
835 555 871 624 id
884 556 1137 642 detlarr'tsupra
1150 558 1249 623 cirta
1263 555 1376 624 dedra·

262 669 336 742 talis
347 676 509 756 Postquam
522 673 567 760 (l,
584 674 636 740 tit.
657 677 686 753 l,
712 671 770 741 lib.
788 673 818 753 5,
831 674 871 740 ‘in
885 671 931 759 6).
1364 677 1365 680 ’

307 785 427 874 Estque
442 785 690 874 intelligendum
711 791 838 857 etiamsi
856 789 1022 856 confessus
1032 788 1284 856 iuelitcaoram
1299 791 1377 873 pilt-

266 907 361 991 acis3
377 904 415 972 ut
432 919 543 972 ¹coram
554 905 621 972 solo
635 905 746 992 judice
762 913 797 973 et
808 907 945 974 notario.
965 903 1242 972 idemdicendnin
1249 903 1377 972 miano

266 1045 283 1085 a
300 1023 403 1088 solum
413 1021 598 1087 incidenter
610 1003 874 1089 illud'confessus
891 1022 943 1099 sit,
958 1023 997 1086 ut
1012 1021 1227 1088 communiter
1242 1019 1378 1086 tradunt

266 1161 282 1202 o
297 1137 514 1225 jurisperiti.»
531 1137 680 1224 (Lessius,
693 1141 730 1203 de
743 1139 817 1202 lure
832 1141 1011 1221 eljustilia,
1026 1137 1048 1202 l.
1066 1139 1098 1215 2,
1115 1139 1212 1214 t.29,
1235 1153 1269 1202 m.
1288 1127 1375 1222 iil).

263 1257 358 1322 Ratio
371 1264 431 1334 est,
445 1257 520 1342 quia
537 1255 610 1322 talis
623 1255 780 1322 confessio
793 1253 919 1320 inducit
936 1259 1088 1318 coronam
1095 1252 1189 1339 juris.
1209 1255 1378 1322 Notarium

263 1365 392 1451 outem',
421 1377 472 1438 est
496 1371 666 1457 plusquam
693 1370 826 1456 publica
849 1369 1035 1436 diffammio.
1056 1368 1158 1444 2Uude
1187 1370 1302 1436 stricte
1331 1372 1378 1437 lo·

262 1487 392 1574 quando
407 1485 458 1553 hic
478 1506 570 1553 casus
585 1505 651 1554 non
665 1495 715 1552 est
729 1485 861 1570 proprie
887 1485 1037 1568 exceptio
1050 1501 1071 1549 a
1084 1485 1216 1569 regula,
1245 1483 1307 1550 sed
1325 1497 1379 1570 po

263 1605 458 1690 tiusregulae
479 1612 643 1684 consonat,
659 1618 734 1670 cum
752 1605 855 1688 posita
874 1599 1074 1670 confessione
1103 1599 1295 1688 injudicio,
1314 1599 1379 1686 jam

263 1727 381 1792 existat
396 1725 539 1791 omnium
553 1721 749 1790 validissima
764 1721 905 1788 infamia.

308 1861 326 1902 a
342 1837 510 1906 Secundus
526 1847 585 1919 est,
599 1836 728 1924 qtrando
741 1835 845 1923 judici
858 1847 920 1920 per
938 1837 1125 1921 generalem
1140 1835 1380 1922 inquisitionem

264 1978 282 2020 o
302 1955 503 2042 procedenti,
521 1955 706 2040 patefactus
719 1963 770 2022 est
783 1961 900 2020 auctor
917 1975 925 2020 :
941 1961 1022 2020 tunc
1044 1955 1129 2019 enim
1144 1956 1252 2038 potest
1268 1961 1381 2021 contra
1457 1997 1458 2000 =

263 2093 373 2154 ceum
395 2071 589 2158 procedere,
612 2079 650 2138 ut
669 2070 765 2150 docet
789 2069 953 2136 Navarrus
976 2078 1088 2136 contra
1107 2071 1217 2136 mum
1237 2091 1244 2135 :
1266 2077 1380 2155 estque
1457 2151 1458 2166 χ

265 2208 282 2254 «
297 2190 475 2256 communis
482 2191 643 2256 sententia
652 2187 914 2274 jurisperitorum
928 2185 972 2273 (in
979 2187 1087 2270 legem
1098 2189 1130 2265 2,
1147 2182 1181 2252 ff.
1195 2188 1233 2251 de
1242 2183 1377 2272 idoli).
1457 2169 1458 2234 l

265 2327 282 2369 a
297 2307 409 2392 Neque
421 2307 526 2372 refert
538 2305 626 2392 quod
634 2303 727 2371 testis
737 2301 823 2370 forte
835 2303 1022 2388 peccauerit
1031 2301 1221 2384 revelando,
1237 2323 1278 2368 eo
1293 2303 1381 2390 quod
1457 2309 1458 2326 ³

265 2423 388 2488 «nulla
409 2431 494 2490 esset
511 2423 643 2488 infamia
666 2421 765 2505 :quia
785 2439 825 2486 ex
846 2434 913 2505 quo
932 2421 1058 2486 crimen
1077 2418 1260 2485 deductum
1283 2425 1335 2486 est
1347 2420 1380 2486 iu
1457 2469 1458 2478 ,

264 2538 462 2624 «publicam
476 2537 593 2624 judicis
603 2535 764 2616 notitiam,
783 2534 851 2602 sive
861 2534 958 2614 bena,
975 2536 1155 2612 rivomalo,
1175 2536 1231 2600 ille
1247 2541 1381 2602 tenetur
1457 2609 1458 2624 χ

265 2676 282 2720 o
298 2663 411 2720 contra
433 2650 513 2720 iliud
535 2651 715 2739 procedere
736 2669 796 2737 per
814 2652 1045 2736 particularem
1063 2651 1324 2736 inquisitionem,
1347 2659 1381 2718 et

265 2773 424 2856 «punire.
445 2795 461 2833 n
475 2769 526 2838 ita
539 2771 667 2837 Lessius
686 2769 768 2858 (loco
789 2765 913 2854 citato).
930 2767 996 2834 sed
1019 2767 1170 2847 adverte,
1187 2768 1269 2835 hauc
1285 2787 1381 2836 exce-

262 2885 408 2972 ptionem
430 2907 500 2953 esse
527 2885 754 2953 controversiae
778 2883 965 2970 obnoxiam3
986 2885 1058 2950 tum
1074 2885 1149 2970 quia
1169 2885 1210 2950 ab
1230 2886 1381 2952 ommlrus

263 3017 330 3068 non
346 3001 543 3086 admittitur;
575 3009 644 3068 tum
663 3003 737 3088 qaia
761 2999 850 3068 illam
865 3021 905 3068 ex
922 3000 995 3087 jure
1016 3003 1170 3079 Romano,
1186 3019 1252 3066 non
1269 3005 1380 3068 antem

268 3120 423 3184 canonico
443 3115 629 3196 deducunt,
658 3126 730 3184 tum
752 3090 826 3202 quia
850 3129 949 3201 supra
970 3118 1069 3184 citato
1087 3117 1186 3202 capiti
1206 3121 1381 3200 Inquisitio

261 3239 310 3298 cis
335 3233 400 3320 (Ἃ,
431 3232 522 3299 tituli
542 3237 571 3312 1,
603 3231 711 3300 librili
729 3231 952 3318 decretalium)
966 3233 1128 3300 contraria
1141 3231 1285 3315 videtur,
1305 3233 1379 3300 cuni

259 3347 470 3433 ibiexpresse
482 3353 655 3429 statuatur,
672 3369 738 3414 non
748 3357 876 3414 tantum
895 3349 1052 3432 perviam
1077 3349 1290 3434 inquisitionis
1304 3359 1380 3435 pro-

262 3463 337 3530 cedi
351 3484 416 3530 non
430 3483 523 3548 posse
539 3474 652 3532 contra
667 3485 731 3531 non
741 3463 951 3542 diffamatum,
964 3461 1023 3530 scd
1036 3475 1142 3551 neque
1155 3471 1270 3532 cantra
1284 3465 1381 3534 ilium
1457 3505 1458 3552 3

232 3589 235 3592 ’
260 3575 483 3662 depositiones
497 3579 601 3665 recipi
620 3579 757 3647 debere.

307 3693 464 3762 «Tertius
473 3705 523 3762 est
532 3695 662 3782 quando
679 3696 835 3762 delictum
849 3695 1055 3762 commissum
1068 3673 1161 3762 estin
1173 3695 1297 3782 judicio
1315 3719 1323 3765 ε
1342 3703 1381 3764 nt

270 3835 285 3870 o
306 3811 552 3877 sitestisialsum
560 3810 704 3898 deponat
718 3813 752 3877 in
761 3811 895 3898 judicio,
911 3813 939 3878 si
947 3820 1116 3880 accusator
1126 3813 1378 3880 calumnietur.»
1457 3889 1458 3892 Ἴ

259 3919 414 4012 (Lessius
432 3927 469 3992 de
483 3933 557 3992 Jore
570 3935 600 3992 ei
609 3934 746 4011 justitio,
763 3927 786 3996 l.
808 3933 840 4008 2,
858 3949 887 3994 c.
903 3928 957 4008 29,
970 3943 1003 3993 n.
1029 3923 1117 4014 127.)
1130 3926 1196 3994 Sed
1205 3927 1258 3994 hic
1270 3939 1376 4010 casus,
1457 3899 1458 3926 ¹

259 4042 345 4107 sicut
362 4052 396 4110 et
408 4042 476 4110 duo
496 4042 739 4129 praecedentes,
760 4044 792 4108 in
808 4052 959 4109 notoriam
978 4042 1159 4111 reincidere
1177 4045 1242 4111 dici
1255 4053 1377 4131 potest,
1457 4097 1458 4136 3

258 4163 293 4223 et
307 4159 352 4224 sic
366 4179 433 4224 non
451 4171 522 4226 'esse
537 4163 669 4245 proprie
683 4157 805 4226 dictam
821 4157 942 4244 regulae
962 4161 1198 4246 exceptionem.
1457 4229 1458 4254 ἶ

304 4297 321 4337 «
339 4271 482 4357 Quartus
496 4283 557 4354 est,
573 4277 757 4342 incrimine
773 4275 905 4342 haeresis
925 4285 959 4343 et
969 4279 1157 4360 apostasiae:
1177 4278 1212 4344 in
1225 4278 1275 4345 his
1290 4281 1380 4347 enim
1457 4255 1458 4322 3

260 4413 277 4451 a
294 4390 362 4456 sine
377 4396 576 4472 accusatore,
594 4392 692 4458 etiam
708 4392 777 4458 sine
791 4392 923 4458 iufamia
937 4393 1057 4476 inquiri
1069 4397 1187 4477 potest.
1204 4393 1380 4481 litlllilgitnr
1457 4381 1458 4386 ἵ

258 4523 277 4566 r
296 4505 761 4594 exjcapneaooomcacamo
775 4509 813 4572 de
827 4503 1019 4595 (licentiata),
1034 4511 1071 4575 et
1084 4509 1379 4594 regenerationem
